1950 3313
140 142 211 176 272
513 137 598 171 Lm.
619 137 665 172 V.
687 157 699 162 -
720 136 829 171 PARS
846 136 919 171 III.
940 156 953 161 —
971 137 1028 171 De
1040 139 1179 181 poenis
1197 138 1240 170 in
1256 137 1398 171 delicta
1448 136 1541 171 Gan.
1567 136 1772 172 2360-2361

143 273 222 303 non
259 259 355 313 108,
388 257 416 315 ξ
450 256 492 314 1)
527 256 694 313 aliquod
729 255 929 299 delictum
962 255 1150 299 falsitatis
1190 256 1252 299 vel
1299 269 1398 299 usus
1439 254 1490 299 de
1521 270 1600 314 quo
1633 261 1770 301 actum

141 331 217 374 fuit
259 330 303 372 in
334 329 362 386 ἓ
396 331 417 370 1
463 327 765 370 committentes
814 326 916 369 aliis
961 326 1109 384 poenis
1146 341 1166 368 c<
1192 327 1459 370 vindicativis
1494 326 1774 383 peculiaribus

141 403 323 458 ipsorum
351 415 370 440 ›)
409 399 519 456 (can.
556 397 699 454 2298),
731 403 973 455 praeterea,
1006 400 1101 455 quia
1136 397 1213 442 sub
1246 398 1335 443 cit.⁰
1371 400 1627 455 praescripto
1660 411 1773 442 com-

141 470 347 528 prehensi,
382 474 669 517 coerceantur,
704 482 754 512 ne
787 468 884 527 quid
922 468 1096 512 ulterius
1138 474 1354 522 attentent,
1388 483 1494 527 quae
1527 481 1683 526 poenae
1717 470 1772 512 fe-

139 541 293 585 rendae
335 542 564 583 sententiae
609 540 1044 583 «indeterminatae»
1089 553 1217 597 usque
1264 539 1320 583 ad
1365 540 1648 597 privationem
1694 539 1771 584 sub

140 613 197 655 n.⁰
233 611 276 653 60
311 617 417 654 can.s
453 611 566 654 2298
599 610 786 667 beneficii
833 617 938 663 (can.
987 609 1133 668 1409),
1182 610 1315 668 officii
1366 613 1553 654 «stricto
1601 624 1765 654 sensu»

138 682 246 740 (can.
285 683 380 737 145,
413 682 442 740 ἓ
462 681 517 739 1),
554 681 781 739 diynitatis
804 681 867 724 vel
887 681 1119 740 pensionis,
1157 684 1210 724 uti
1246 695 1486 738 supremum
1513 684 1656 738 gravis
1680 695 1770 737 poe-

137 766 213 797 nae
247 753 435 806 limitem,
469 752 858 810 eoetendipossunt;
888 751 1083 810 reliqiosi
1115 758 1268 802 autem,
1291 754 1380 795 sive
1414 753 1643 796 «clerici»
1680 754 1769 797 sive

138 823 245 878 laici,
284 838 305 864 c(
328 825 398 880 qui
435 828 529 866 vola
563 828 856 879 nuncuparunt
891 825 929 865 in
963 822 1102 880 aliqua
1142 822 1341 878 religione
1365 839 1386 863 n
1426 823 1536 880 (can.
1570 822 1769 880 488,70>,

142 898 448 950 «praeterea»
489 898 531 937 ut
564 893 822 937 declaratum
857 898 918 937 est
950 893 1029 937 hoc
1064 893 1253 947 verbum,
1286 898 1411 951 atque
1449 894 1769 938 «determinata

139 977 268 1021 poena
318 964 514 1008 ferendae
560 966 832 1007 sententiae»
868 963 1096 1022 priventur
1132 962 1172 1015 3)
1207 963 1395 1007 omnibus
1443 963 1596 1022 officiis
1643 966 1766 1008 etiam

141 1052 163 1076 «
189 1035 268 1079 lato
301 1048 468 1079 sensu»
509 1038 621 1079 iuxta
654 1036 1000 1091 significationem
1036 1034 1159 1078 huius
1194 1037 1437 1091 privationis
1462 1038 1499 1078 in
1525 1037 1614 1078 iure
1646 1048 1767 1079 cano-

137 1109 230 1150 nico
266 1109 471 1152 usitatam.
507 1120 610 1164 quue
641 1106 686 1149 in
718 1105 927 1164 reliqione
960 1104 1124 1161 habent,
1161 1105 1203 1163 b)
1237 1110 1277 1148 et
1309 1119 1403 1149 voce
1430 1105 1569 1148 activa
1601 1110 1640 1149 et
1668 1120 1766 1165 pas-

135 1177 241 1229 siva,
271 1183 446 1235 praeter
478 1177 590 1220 olias
620 1191 780 1235 poenas
805 1179 891 1234 ipso
916 1178 1022 1221 sacto
1050 1176 1112 1220 vel
1139 1190 1232 1220 cum
1262 1177 1497 1233 Superioris
1531 1179 1766 1220 interventu

136 1249 410 1292 incurrendas
443 1248 485 1291 in
506 1248 699 1306 propriis
723 1248 923 1306 cuiusque
947 1247 1159 1305 religionis
1183 1250 1374 1305 propriae
1398 1247 1767 1291 constitutionibus

134 1319 184 1363 ad
220 1332 310 1363 can.
346 1319 429 1362 489
465 1319 688 1362 declaratis
721 1324 921 1363 statutas.

255 1390 352 1433 202.
389 1394 438 1436 ln
462 1393 784 1447 subreptione
807 1392 885 1436 vel
909 1392 1205 1447 obreptione
1237 1391 1402 1447 quoad
1426 1391 1670 1447 rescripta
1700 1389 1768 1433 de-

136 1461 277 1505 lictum
327 1463 506 1504 existere
554 1463 767 1504 constituit
809 1475 900 1503 ean.
933 1462 1068 1504 2361.
1107 1459 1335 1504 «Verbum
1372 1459 1448 1504 lioc
1486 1460 1524 1503 si
1556 1460 1649 1518 quis
1684 1465 1763 1503 tam

138 1531 490 1589 masculos‘quan]
517 1532 690 1575 seminas
712 1531 1042 1588 complectitur»
1062 1532 1091 1585 ¹,
1111 1534 1192 1574 imo
1210 1536 1250 1574 et
1273 1533 1311 1574 in
1337 1543 1494 1574 canone
1518 1529 1609 1574 illos
1626 1532 1766 1586 etiam,

139 1605 252 1660 «qui
301 1605 498 1659 rescripta
544 1604 768 1659 impetrare
811 1616 1006 1659 expresse
1051 1601 1322 1659 prohibentur
1344 1617 1366 1642 ))
1404 1601 1514 1657 (can.
1549 1601 1616 1656 36,
1649 1603 1674 1655 ἓ
1710 1601 1765 1658 1),

135 1674 362 1717 dummodo
395 1673 436 1730 a)
471 1673 515 1716 in
545 1673 739 1731 precibus
774 1672 816 1731 b)
850 1672 905 1716 ud
938 1673 1190 1731 rescriptum
1224 1675 1389 1729 proprie
1421 1672 1578 1716 dictum
1612 1686 1637 1715 a
1661 1671 1766 1715 Sede

133 1743 376 1802 Apostolica
410 1744 460 1787 ad
496 1757 683 1787 normam
717 1757 807 1788 can.
843 1745 883 1799 7,
916 1742 979 1787 cel
1012 1758 1037 1787 a
1071 1744 1152 1787 loci
1189 1743 1422 1787 Ordinatio
1455 1742 1655 1800 quolibet,
1684 1756 1761 1786 non

133 1829 233 1859 vero
266 1818 297 1859 si
333 1829 354 1859 3
389 1816 612 1872 Superiore
638 1818 792 1859 maiore
817 1816 1030 1872 religionis
1062 1815 1267 1859 clericalis
1300 1819 1519 1870 exemptae
1542 1815 1664 1857 luerit
1687 1813 1761 1857 im-

130 1886 400 1944 petrandum,
449 1891 656 1944 quatenus
705 1886 949 1942 intenditur,
998 1888 1072 1930 etsi
1122 1885 1173 1930 de
1220 1886 1327 1929 iacto
1376 1898 1454 1928 non
1504 1887 1762 1942 impetretur,

132 1957 173 2014 c)
206 1956 362 2015 fraude
394 1957 457 2000 vel
490 1956 600 2012 dolo,
635 1971 784 2014 nempe
816 1960 997 2001 scienter
1030 1957 1081 2001 ad
1115 1957 1425 2013 decipiendum,
1449 1969 1528 1999 non
1563 1961 1700 1999 autem
1729 1957 1761 1999 si

132 2042 181 2072 ex
218 2031 450 2084 ignorantia
492 2028 554 2071 vel
593 2028 872 2085 simplicitate,
906 2027 950 2085 d)
985 2042 1127 2071 rerunt
1164 2028 1392 2084 «alioquin
1426 2029 1659 2071 necessario
1691 2040 1760 2075 ex-

134 2093 397 2155 primenilum
425 2115 443 2137 »
484 2099 591 2156 (can.
629 2099 702 2156 45)
737 2098 974 2151 reticuerit,
998 2104 1072 2142 aut
1104 2097 1261 2156 falsum
1302 2098 1437 2155 quoad
1462 2098 1554 2141 sacti
1580 2099 1762 2154 speciem

135 2169 198 2213 vel
232 2182 378 2213 causas
411 2169 667 2227 eoeposuerit,
699 2175 836 2227 potest
878 2183 902 2212 o
946 2183 1020 2212 suo
1058 2171 1123 2212 cui
1162 2168 1406 2212 subiiciatur
1444 2166 1676 2211 Ordinurio
1709 2168 1758 2211 ad

133 2252 319 2283 normam
355 2253 444 2283 can.
482 2241 576 2291 198,
609 2240 637 2296 ξ
671 2240 708 2292 1,
743 2245 781 2283 et
816 2241 949 2283 forsan
984 2253 1005 2283 a
1040 2240 1262 2296 Superiore
1296 2241 1463 2293 maiore,
1489 2241 1520 2281 si
1550 2244 1688 2281 orator
1710 2240 1761 2282 sit

132 2310 350 2367 religiosus
383 2315 602 2367 exemptus
636 2310 848 2367 religionis
880 2310 1098 2365 clericalis,
1116 2323 1194 2367 pro
1228 2309 1379 2367 culpae
1404 2309 1630 2366 gravitate,
1655 2322 1760 2366 quae

132 2385 216 2424 lum
256 2395 305 2424 ex
333 2381 476 2424 fraude
504 2380 566 2424 vel
597 2380 703 2436 dolo,
743 2385 830 2424 tum
870 2395 917 2424 ex
955 2385 1163 2424 momento
1196 2383 1354 2437 gratiae
1387 2379 1650 2433 obtinendae,
1675 2385 1758 2423 tuni

129 2465 179 2495 ex
214 2451 414 2509 qualitate
448 2451 728 2509 delinquentis
761 2451 926 2508 pendet,
957 2450 1122 2511 puniri,
1155 2463 1203 2494 ac
1238 2451 1410 2507 proinde
1448 2453 1762 2494 «committitur

130 2523 375 2579 prudentiae
400 2528 440 2565 et
463 2524 740 2565 conscientiae
762 2521 1031 2579 (Superioris)
1051 2534 1142 2564 eam
1165 2520 1357 2578 (poenam
1380 2520 1761 2578 indeterminatam)

131 2593 365 2649 infligere»
405 2592 513 2650 (can.
550 2592 677 2640 2223,
711 2592 739 2650 ξ
772 2591 828 2649 ⁶2).

249 2663 552 2719 Praescriptum
577 2665 747 2715 canonis
770 2667 831 2706 est
852 2663 1122 2718 servandum,
1145 2664 1235 2706 sive
1259 2665 1504 2719 rescriptum
1528 2663 1663 2706 forsan
1687 2661 1757 2706 ol)-

128 2738 285 2778 tentum
323 2733 469 2789 valeat,
501 2736 591 2777 sive
627 2733 884 2777 invaliditate
918 2732 1090 2787 laboret,
1123 2746 1171 2777 eo
1205 2733 1313 2791 quod
1338 2735 1396 2777 sic
1420 2732 1612 2790 explicit:
1641 2732 1757 2776 salvo

246 2887 257 2908 ¹
285 2886 331 2920 D.
361 2886 430 2921 lib.
458 2886 502 2930 L,
531 2887 595 2920 tit.
624 2885 732 2928 XVI,
758 2886 782 2921 1.
811 2887 843 2919 1.
