1950 3313
104 189 128 212 X
737 170 950 196 BENEVOLO
976 170 1148 195 LECTORI

111 287 390 351 principia,
434 287 618 346 estque
679 278 984 330 addendum
1022 285 1226 330 motiva
1282 299 1550 331 canonum
1605 290 1751 333 certa

110 370 194 416 vel
233 365 531 431 probabilia
558 367 613 411 in
654 365 890 428 probatis
917 363 1244 412 Auctoribus
1272 368 1517 423 inveniri,
1553 367 1744 430 quibus

108 453 356 498 nituntur
407 450 524 511 ipsi,
566 451 726 511 atque
784 447 850 494 ab
903 447 1102 494 eisdem
1143 447 1418 495 obtinetur
1469 451 1745 497 criterium

105 534 239 580 bene
260 529 621 578 ratiocinandi
642 532 697 576 in
718 529 819 576 hac
841 529 1136 592 disciplina,
1162 545 1497 593 canonesque
1523 531 1744 594 aptandi

107 614 315 662 casibus
358 611 759 659 occurrentibus
811 614 867 658 in
917 614 1085 675 praxi,
1129 611 1269 675 quod
1319 613 1744 676 iurisprudentia

107 699 291 745 stricte
331 695 476 742 dicta
508 697 732 741 vocatur
770 694 986 757 plurimi
1026 694 1286 741 facienda.
1319 693 1655 759 Quapropter
1682 702 1743 744 ut

107 779 367 826 desiderio
424 777 656 841 perfecte
709 776 910 824 sciendi
963 792 1192 824 canones
1232 777 1327 824 fiat
1379 779 1523 836 satis,
1566 779 1740 840 quoad

107 863 387 909 scientiam
426 859 787 922 theologicam
825 859 1063 922 aliasque
1103 864 1315 907 nostrae
1361 860 1546 907 affines
1588 845 1736 908 disci-

106 945 294 1008 plinas,
320 943 607 991 Doctorem
635 941 959 1004 Angelicum
999 958 1061 988 ac
1102 942 1298 989 Bened.
1329 943 1462 991 XIV
1501 946 1561 990 111
1598 946 1736 1006 prin-

108 1030 250 1091 cipes
291 1030 499 1089 oportet
536 1027 782 1072 revereri.
821 1025 884 1071 In
923 1028 1036 1072 toto
1076 1024 1473 1072 Commentario
1512 1026 1737 1073 30111011-

107 1110 245 1157 511101
284 1113 338 1156 01
378 1107 857 1169 Schinalzgrueber
898 1124 963 1154 ex
1009 1109 1245 1170 antiquis
1286 1110 1364 1155 uti
1415 1111 1573 1155 amici
1613 1114 1739 1156 sunt

107 1192 354 1249 habendi,
397 1194 450 1238 et
499 1207 621 1237 cum
673 1192 747 1237 eis
797 1192 938 1237 inter
989 1189 1252 1237 Auctores
1310 1195 1434 1238 ante
1487 1191 1737 1239 Codicem

107 1275 302 1322 &Vernz
342 1278 395 1321 et
434 1273 587 1321 Santi
614 1275 805 1320 merito
829 1278 971 1320 -sunt
1010 1274 1384 1321 commendati.
1415 1274 1546 1321 Post
1578 1277 1734 1338 ipsos,

107 1364 269 1421 atque
308 1357 374 1404 ad
414 1368 624 1419 tempus
665 1355 806 1418 quod
845 1354 1042 1402 attinet
1093 1372 1357 1419 praesens,
1400 1372 1522 1403 cum
1561 1356 1737 1403 desint

109 1440 506 1489 Commentaria
526 1440 581 1484 in
608 1441 783 1485 totum
811 1437 1063 1485 Codicem
1092 1438 1377 1497 elaborata,
1406 1454 1500 1501 pro
1526 1439 1688 1486 Libro
1710 1439 1735 1485 I

107 1523 408 1571 Auctorum
447 1523 640 1569 notitia
679 1520 834 1568 facile
874 1520 1115 1578 habetur,
1152 1523 1291 1568 inter
1330 1537 1460 1584 quos
1500 1521 1733 1568 Marotto

108 1612 162 1654 et
201 1605 397 1653 Cocchi
437 1604 786 1651 adnumerare
826 1619 932 1650 non
960 1608 1040 1650 est
1080 1603 1451 1650 dubitandum.
1482 1604 1565 1650 Ex
1600 1608 1737 1651 vete-

106 1689 252 1736 ribus
291 1703 384 1751 pro
425 1686 609 1734 eodem
649 1686 810 1733 Libro
852 1685 1156 1733 deservient
1213 1674 1284 1733 ex'
1316 1686 1580 1749 theologis
1621 1702 1737 1733 con-

108 1771 315 1819 sulendi
357 1770 554 1817 Suarez
594 1769 658 1816 de
697 1768 920 1830 legibus,
957 1769 1136 1816 Banez
1176 1769 1240 1815 de
1268 1771 1476 1816 iustitia
1515 1774 1568 1816 et
1605 1771 1734 1826 iure,

107 1854 235 1901 dum
273 1855 413 1900 inter
452 1854 755 1899 canonistas
798 1851 1064 1899 Barbosae
1121 1855 1384 1899 tractatus
1435 1852 1499 1899 de
1554 1851 1735 1899 dictio-

107 1920 262 1983 nibus
303 1939 357 1983 et
395 1934 646 1982 clausulis
686 1950 786 1980 usu
814 1934 1280 1997 frequentioribus,
1312 1936 1390 1981 uti
1431 1934 1734 1981 lexicon-iu-

106 2018 333 2066 ridicum
374 2033 570 2079 magno
604 2033 725 2064 cum
764 2016 943 2063 fructu
984 2019 1039 2063 in
1065 2017 1166 2064 hoc
1205 2021 1258 2064 et
1284 2016 1402 2063 aliis
1444 2015 1653 2064 Codicis
1680 2015 1735 2062 li-

107 2101 215 2148 bris
255 2100 491 2148 studioso
525 2100 746 2147 cuilibet
773 2104 852 2147 est
891 2099 1286 2146 assumendum.
1317 2098 1373 2147 Si
1412 2098 1587 2146 adhuc
1613 2098 1735 2145 3110-

106 2200 226 2230 rum
253 2182 666 2230 Canonistaruni
694 2185 885 2230 notitia
913 2181 1259 2239 desideratur,
1291 2181 1606 2228 selectorum
1635 2180 1735 2228 Do-

109 2270 316 2313 ctorum
367 2265 620 2312 elenchus
661 2281 783 2312 cum
834 2265 1060 2312 relativa
1097 2263 1412 2327 biographia
1463 2268 1517 2310 et
1553 2263 1735 2310 biblio-

109 2348 334 2411 graphia
372 2347 514 2411 apud
553 2347 748 2394 Wernz
786 2350 1015 2395 inveniri
1054 2350 1244 2410 potest.
1664 2353 1670 2359 “

253 2428 400 2486 Quae
439 2429 716 2492 hucusque
756 2429 819 2476 de
857 2429 1200 2493 probatorum
1250 2427 1550 2477 Auctorum
1589 2428 1735 2475 libris

109 2512 344 2559 breviter
381 2512 484 2559 fuit
510 2511 714 2558 dictum
754 2512 971 2559 fuerunt
997 2514 1216 2558 exarata
1253 2527 1346 2574 pro
1385 2511 1623 2575 quolibet
1654 2510 1736 2557 be-

111 2594 299 2641 nevolo
338 2594 549 2652 lectore,
592 2596 681 2656 qui
722 2596 801 2641 uti
840 2596 1075 2641 novitius
1126 2591 1193 2640 ad
1231 2595 1361 2640 iuris
1401 2593 1765 2658 disciplinam·

111 2676 346 2735 accedat,
386 2676 583 2723 talibus
622 2692 853 2739 namque
892 2691 998 2723 non
1037 2675 1282 2737 indigent
1309 2676 1737 2723 considerationi-

111 2758 209 2806 bus
250 2761 571 2822 quicumque
600 2760 741 2806 circa
767 2758 912 2806 illius
941 2760 1302 2820 cognitionem
1329 2762 1455 2805 sunt
1481 2759 1733 2821 provecti,

111 2843 219 2889 imo
257 2841 312 2888 hi
351 2844 604 2905 poterunt
642 2841 900 2888 absdubio
927 2840 1087 2888 aliam
1126 2845 1295 2888 terere
1334 2841 1400 2887 ab
1428 2843 1555 2904 ipsis
1594 2856 1737 2904 prae-

112 2923 364 2970 (1110013111
406 2926 563 2971 viam.
