1950 3313
145 123 213 157 ‘296
518 119 600 151 Llss.
621 117 667 150 V.
690 137 701 141 -
720 117 830 150 PARS
848 115 919 150 ΠΙ.
942 136 954 140 -
973 116 1031 150 De
1042 118 1180 160 poenis
1199 117 1241 149 z‘n
1260 115 1398 149 delicta
1561 112 1653 147 Gan.
1677 112 1772 147 2379

266 239 361 283 2⁶22.
398 239 581 284 Contra
614 250 710 282 non
733 236 1015 281 deferentes
1038 236 1258 280 habitum
1289 234 1689 279 ecclesiasticum.
1715 257 1768 261 —

148 311 205 355 De
237 310 400 354 clericis
423 312 579 351 tantum
604 306 676 350 sed
701 308 1001 362 cuiuscumque
1025 304 1179 360 gradus
1205 303 1423 360 puniendis
1448 306 1613 358 propter
1630 315 1770 359 quain-

148 383 240 426 dam
276 370 659 436 transgressionem,
693 378 881 433 sequenti
915 376 1059 419 ordine
1094 388 1258 418 normas
1291 375 1481 431 proponit
1514 387 1605 418 can.
1627 374 1769 417 2379.

153 451 304 495 Clerici
339 452 517 493 minores
548 453 585 492 et
626 449 816 501 maiores,
860 451 1006 490 contra
1048 445 1358 504 praescriptum
1401 458 1491 488 can.
1527 445 1626 501 136,
1661 442 1773 486 habi·-

150 529 235 565 tuin
277 519 604 563 ecclesiasticum
650 518 705 562 ibi
747 517 998 574 explicatum
1033 522 1072 559 et
1116 521 1331 560 tonsuram
1374 513 1610 557 clericalem
1648 529 1669 555 <t
1693 516 1769 557 nisi

150 594 304 649 recepti
339 590 585 647 populorum
619 602 754 632 mores
787 589 906 631 aliter
938 588 1071 631 ferant
1094 602 1114 628 »
1152 600 1233 630 non
1263 590 1492 644 qestantes,
1526 585 1558 628 10
1580 584 1771 641 qraviter

150 662 284 720 quoad
305 662 487 704 .1nodu1n
538 664 801 711 moneantur,
835 663 874 702 et
908 658 984 701 hoc
1017 662 1076 700 est
1122 659 1420 714 praescriptum
1455 653 1688 699 Ordinariis
1723 655 1774 697 Ιο-

150 746 323 787 corum,
358 730 409 774 110
434 735 649 773 transacto
685 727 898 771 inutiliter
944 727 1078 785 quoad
1114 726 1278 770 habitus
1311 725 1577 769 ecclesiastici
1613 738 1769 768 resum-

151 806 330 861 ptionem
366 806 406 845 et
436 806 630 845 tonsurae
662 799 867 844 clericalis
906 812 1043 841 mense
1075 812 1100 840 a
1142 797 1371 840 monitione
1410 796 1633 852 praedicta,
1666 795 1775 839 scili-

151 879 242 918 cet:
278 873 325 916 ad
363 885 550 915 normam
599 884 689 915 can.
725 870 794 925 34,
827 870 855 927 ἓ
888 870 926 924 3,
963 869 1020 921 1⁰,
1053 869 1096 912 30
1131 882 1152 911 e
1185 867 1229 910 4⁰
1256 868 1283 923 ¹,
1316 869 1503 924 sequitur
1536 879 1665 910 canon
1699 866 1777 910 sub

152 946 440 989 distinctione:
475 943 515 1000 a)
551 942 660 1000 qiiod
702 940 757 984 acl
801 940 975 984 clericos
1008 940 1205 993 minores,
1238 938 1314 981 hoc
1347 942 1434 981 est:
1470 942 1662 981 tonsurae
1705 942 1775 980 aut

154 1019 359 1059 minorum
393 1015 600 1064 ordinum,
619 1012 786 1066 attinet,
809 1016 999 1055 servetur
1020 1009 1331 1068 praescriptum
1353 1008 1537 1051 eiusdem
1561 1022 1651 1053 can.
1675 1009 1775 1063 136,

152 1088 170 1143 ξ
202 1088 262 1138 3,·
298 1085 519 1128 videlicet:
560 1085 692 1140 «ipso
725 1085 814 1126 iure
847 1095 869 1125 e
902 1086 1008 1125 statu
1053 1080 1237 1124 clericali
1279 1079 1517 1122 decidant»
1554 1091 1652 1122 casu
1697 1091 1777 1135 quo

157 1158 365 1214 «propria
399 1157 645 1199 auctoritate
677 1156 765 1197 sine
799 1153 980 1209 legitima
1015 1164 1139 1196 causa
1174 1150 1363 1193 habitum
1387 1149 1712 1193 ecclesiasticum
1738 1153 1777 1192 et

152 1233 364 1272 tonsuram
399 1227 629 1270 dimiserint
652 1241 692 1279 »,
720 1229 839 1281 prout
875 1223 942 1266 iilo
967 1226 1005 1265 in
1031 1222 1119 1266 loco
1155 1223 1229 1264 fuit
1255 1223 1596 1277 interpretatum,
1633 1219 1676 1277 b)
1699 1219 1777 1263 cle-

153 1298 235 1341 rici
267 1303 406 1340 atatem
428 1296 626 1350 maioreS,
648 1295 889 1339 subdiaconi
915 1299 954 1337 et
971 1306 1110 1350 supra,
1133 1292 1248 1335 sulco
1272 1292 1537 1350 praescripto
1561 1306 1650 1334 cun.
1676 1293 1777 1345 188,

155 1384 195 1413 n.
229 1367 522 1423 7⁰²,scilicet:
558 1371 721 1424 praeter
754 1366 852 1409 illud
889 1365 941 1409 ibi
975 1364 1247 1418 declaratum,
1281 1364 1330 1406 ab
1352 1362 1571 1407 ordinibus
1602 1363 1781 1420 receptis

155 1438 482 1498 suspendantur,
518 1437 691 1481 verbum
725 1437 892 1495 quiden]
927 1436 1004 1480 hoc
1039 1438 1350 1492 praeceptivum
1373 1437 1478 1488 (can.
1514 1433 1625 1476 2223
1654 1436 1679 1488 ἓ
1703 1433 1780 1490 30),

157 1524 232 1555 nec
264 1512 370 1554 sistit
401 1523 530 1554 canon
566 1512 603 1551 in
638 1508 899 1552 decernenda
945 1508 1168 1564 punitione,
1212 1506 1442 1561 adiungens
1473 1504 1780 1548 conditionem:

157 1587 195 1624 et
228 1581 264 1624 si
297 1580 352 1623 od
387 1580 494 1623 vilae
523 1593 655 1637 yenus
690 1578 721 1621 10
756 1593 781 1621 α
813 1583 928 1621 statu
961 1576 1150 1620 clericali
1182 1575 1381 1625 alienum,
1415 1575 1523 1632 quod
1558 1575 1779 1618 diiudicari

159 1653 308 1708 poterit
340 1663 388 1694 ex
423 1663 512 1694 can.
550 1650 643 1704 138,
679 1648 760 1692 139
797 1650 876 1691 iam
911 1649 1206 1703 interpretatis,
1241 1645 1290 1688 110
1324 1644 1491 1688 notorie
1530 1643 1782 1687 transierint

158 1723 212 1765 ita
246 1726 290 1764 ut
326 1737 349 1763 «
372 1720 535 1778 publice
584 1725 725 1763 notum
758 1721 810 1762 sit
842 1723 882 1762 et
915 1720 953 1761 in
998 1717 1149 1761 talibus
1183 1716 1389 1760 adiunctis
1421 1717 1704 1770 commissum,
1740 1720 1782 1758 ut

158 1791 269 1835 nulla
303 1793 648 1848 tergiversatione
677 1790 803 1834 celari
829 1788 1025 1846 nulloque
1050 1790 1149 1831 iuris
1171 1787 1367 1842 suffragio
1390 1788 1579 1829 excusari
1611 1787 1734 1842 possit
1757 1801 1779 1826 ))

159 1863 268 1921 (can.
304 1862 431 1917 2197,
466 1862 542 1919 30),
577 1861 647 1904 1110
682 1875 768 1912 nec,
800 1873 951 1902 rursus
985 1858 1148 1914 monili,
1181 1857 1367 1901 scilicet:
1403 1858 1521 1913 gravi
1562 1858 1785 1899 monitione

160 1932 295 1991 quoad
330 1932 429 1976 illud
467 1935 574 1975 vitae
608 1945 738 1988 genus
771 1930 1144 1986 derelinquendum
1170 1928 1221 1972 ab
1254 1925 1520 1972 Ordinario...
1547 1928 1785 1983 praemissa,

161 2003 231 2047 1v0
250 2003 508 2062 resipuerint
542 2003 579 2046 id
615 2007 697 2046 est:
730 2001 782 2045 ab
817 2001 884 2044 illo
912 2000 1079 2044 vivendi
1116 1999 1238 2042 inodo
1261 1997 1379 2056 (non)
1405 2000 1664 2052 recesserint,
1689 2002 1786 2040 tunc

162 2074 459 2132 praescribitur
491 2074 700 2117 inferenda
727 2085 857 2129 poena
890 2073 1067 2115 servatis
1099 2070 1330 2122 servandiS,
1358 2081 1464 2126 quae
1497 2069 1588 2112 talis
1621 2073 1707 2111 est:
1744 2067 1786 2110 »¹⁰

159 2151 254 2204 post
287 2151 370 2188 tres
403 2159 562 2188 menses
595 2143 643 2186 ab
669 2142 746 2186 hac
769 2143 919 2186 ultima
941 2141 1170 2185 monitione
1192 2139 1492 2197 computandos
1524 2139 1573 2182 ad
1599 2152 1785 2182 normam

163 2229 253 2261 can.
288 2216 357 2270 34,
388 2215 416 2274 ξ
449 2216 488 2270 3,
523 2214 579 2269 10,
615 2214 671 2270 30,
708 2214 751 2257 40
772 2213 786 2236 ²
829 2213 1108 2271 deponantur.
1142 2210 1275 2254 Huius
1324 2222 1478 2266 poenae
1511 2210 1680 2253 effectus
1729 2223 1788 2252 re-

164 2291 304 2331 censet
336 2300 426 2331 can.
461 2286 588 2330 2303.

282 2440 293 2461 ¹
323 2439 413 2473 Can.
440 2439 497 2473 34.
527 2442 546 2480 ξ
572 2438 654 2472 30...
684 2437 729 2471 [0.
756 2437 911 2470 Menses
938 2440 977 2470 et
1003 2435 1097 2468 anni
1132 2438 1339 2468 sumantur
1371 2437 1488 2478 prout
1522 2436 1615 2466 sunt
1651 2433 1693 2466 in
1729 2444 1787 2466 ca-

165 2486 366 2530 lendari0;
394 2487 486 2521 ...30.
518 2486 559 2519 Si
586 2485 780 2519 terminus
807 2496 829 2518 a
856 2494 931 2528 quo
957 2494 1036 2516 non
1063 2480 1259 2516 coincidat
1286 2491 1374 2514 cum
1401 2480 1518 2513 initio
1558 2479 1675 2514 diei...
1713 2476 1803 2524 pri-'

164 2546 251 2568 mus
278 2533 360 2568 dies
387 2545 436 2567 ne
462 2537 713 2577 computetur
738 2535 777 2565 et
803 2535 959 2575 tempus
977 2529 1140 2563 finiatur
1166 2527 1323 2572 expleto
1349 2527 1492 2561 ultimo
1520 2526 1580 2561 die
1615 2526 1790 2560 eiusdem

166 2582 321 2615 numeri
338 2592 344 2621 3
375 2582 423 2614 40.
444 2580 555 2622 Quod
574 2580 607 2614 si
627 2579 772 2613 mensis
791 2578 854 2612 die
872 2577 1049 2611 eiusdem
1067 2576 1380 2617 numeri'careat,
1401 2586 1462 2609 ex.
1480 2586 1537 2619 gr.
1559 2585 1663 2608 unus
1682 2585 1788 2607 men-

167 2629 220 2663 sis
247 2640 269 2662 a
294 2628 356 2662 die
380 2628 427 2662 30
452 2627 635 2667 Ianuarii,
662 2632 798 2660 tunc...
820 2629 976 2669 tempus
993 2623 1194 2657 finiatur...
1213 2621 1370 2666 expleto
1388 2622 1530 2655 ultimo
1545 2621 1606 2655 die
1624 2621 1785 2654 mensis.

281 2676 295 2698 2
322 2675 413 2710 Can.
443 2675 520 2709 18³3.
552 2674 609 2708 Ob
637 2675 800 2707 tacitam
818 2671 1157 2706 renunciationem
1176 2669 1222 2703 ab
1245 2669 1328 2714 ipso
1347 2669 1431 2702 iure
1450 2668 1659 2702 admissam
1677 2679 1790 2712 quae-

169 2722 267 2757 libet
292 2721 422 2757 officia
447 2726 589 2756 vacant
616 2722 699 2765 ipso
725 2719 827 2754 facto
854 2724 894 2753 et
919 2719 1004 2752 sine
1030 2717 1111 2751 una
1137 2716 1413 2760 declaratione,
1444 2715 1477 2749 si
1504 2716 1688 2749 clericus:

285 2770 334 2805 70.
360 2769 552 2804 Habitum
579 2767 888 2802 ecclesiasticum
914 2765 1067 2810 propria
1093 2763 1327 2798 auctoritate
1353 2763 1439 2796 sine
1465 2764 1571 2796 iusta
1595 2773 1712 2796 causa
1730 2761 1790 2795 de-

168 2817 344 2861 posuerit
370 2828 442 2851 nec
468 2817 580 2849 illum
607 2815 653 2850 ab
680 2814 888 2849 Ordinario
914 2813 1103 2847 monitus,
1132 2811 1237 2844 intra
1255 2821 1427 2844 mensem
1453 2821 1474 2843 a
1500 2809 1717 2843 monitione
1736 2819 1793 2842 re—

171 2868 283 2908 cepta
307 2864 573 2908 resumpserit.
