1950 3313
161 145 231 180 266
532 143 616 178 LIB.
635 143 680 177 V.
701 164 714 169 -
733 143 843 178 PARS
862 143 934 178 ΙΙΙ.
955 164 967 170 -
986 143 1043 179 De
1054 147 1194 189 poenis
1213 147 1255 179 in
1274 146 1415 180 delicta
1575 146 1669 181 Can.
1695 146 1789 181 2359

160 277 371 308 sacrorum
407 277 611 308 canonum
645 266 972 315 constitutiones,
1004 267 1267 322 exemptione
1299 270 1337 308 et
1371 265 1647 321 appellatione
1688 278 1788 324 qua-

160 348 339 392 cumque
372 340 544 389 remota,
579 335 771 392 privandi
804 334 1040 379 facultatem
1075 335 1253 380 habeant
1274 352 1314 378 ».

278 406 386 450 Alibi
420 406 564 450 eadem
599 407 637 451 S.
670 405 861 463 Synodus
894 405 1130 463 generalius
1152 409 1318 462 -statuit,
1351 410 1410 451 sic
1444 409 1645 464 incipiens
1667 411 1790 464 caput

162 477 227 528 14,
251 491 352 523 sess.
383 476 497 520 XXV
532 477 583 521 de
614 476 715 521 Res.:
755 493 777 519 c<
801 475 980 530 ...Quam
1017 482 1149 534 turpe,
1173 490 1221 522 ac
1243 478 1490 522 clericorum
1517 480 1696 533 nomine,
1720 480 1789 536 qui

158 562 201 591 se
233 548 376 592 divino
409 548 538 592 cultui
570 548 836 597 addixerunt,
870 550 922 591 sit
956 548 1188 605 indignum,
1222 551 1261 592 in
1283 549 1566 606 impudicitiae
1583 548 1789 604 sordibus,

158 619 456 676 immundoque
488 618 766 663 concubinatu
804 621 975 671 versari,
1007 621 1106 663 satis
1139 633 1204 663 res
1237 622 1337 676 ipsa,
1371 622 1581 663 communi
1605 619 1788 663 fidelium

158 692 342 733 omnium
377 690 614 746 ostensione,
649 703 914 747 summopere
947 690 1151 734 clericalis
1177 691 1346 734 militiae
1364 691 1584 746 dedecore,
1605 695 1789 734 testatur.

158 760 207 805 Ut
242 763 368 818 igitur
399 762 449 805 ad
483 774 589 818 eam,
623 774 746 819 quam
781 761 913 817 decet,
949 763 1243 805 continentiam
1277 774 1326 805 ac
1369 763 1479 805 vitae
1527 763 1790 818 integritaten

162 834 336 875 ministri
370 831 580 876 Ecclesiae
613 837 884 885 revocentur,
925 826 1184 890 populusque
1233 832 1328 876 hinc
1373 846 1443 876 eos
1487 834 1618 889 magis
1662 833 1790 876 discat

161 905 361 958 revereri,
393 916 474 962 quo
508 903 598 947 illos
634 905 716 946 vita
751 902 1007 946 honestiores
1039 905 1302 960 cognoverit:
1329 903 1519 960 probibet
1541 904 1579 947 S.
1599 903 1791 961 Synodus

159 974 493 1032 quibuscumque
525 973 700 1026 clericis,
734 987 785 1017 ne
817 973 1085 1029 concubinas,
1120 973 1259 1031 (prout
1291 976 1332 1017 in
1367 973 1444 1018 hoc
1475 987 1633 1018 canone
1677 974 1789 1018 2359

160 1050 199 1089 et
234 1044 404 1103 praec),
438 1050 508 1088 aut
549 1045 650 1088 alias
698 1044 906 1099 mulieres,
941 1045 993 1088 de
1041 1045 1192 1102 quibus
1240 1047 1367 1102 possit
1412 1045 1554 1089 haberi
1593 1047 1790 1101 suspicio,

160 1117 301 1174 (prout
332 1121 498 1160 cautum
533 1121 593 1160 est
627 1118 665 1159 in
699 1128 789 1160 can.
826 1116 922 1169 133,
954 1115 982 1174 ἓ
1021 1115 1075 1172 l),
1108 1118 1146 1159 in
1181 1116 1318 1167 domo,
1346 1116 1408 1159 vel
1433 1121 1565 1170 extra,
1590 1116 1790 1173 detinere,

160 1193 231 1232 aut
264 1201 356 1231 cum
393 1189 441 1230 iis
476 1186 599 1230 ullam
634 1186 976 1230 consuetudinem
1013 1186 1165 1245 babere
1188 1187 1389 1241 audeant,
1425 1187 1606 1244 alioquin
1632 1189 1790 1244 poenis,

160 1272 181 1303 a
215 1261 343 1303 sacris
377 1257 617 1313 canonibus,
642 1259 786 1315 (prout
809 1257 944 1316 quoad
969 1254 1143 1302 clericos
1169 1260 1348 1301 minores
1373 1261 1410 1300 in
1437 1271 1572 1314 praec.
1597 1257 1790 1316 canone),

163 1330 225 1373 vel
260 1331 421 1373 statutis
454 1329 725 1373 ecclesiarum
766 1331 981 1385 impositis,
1017 1331 1255 1386 puniantur.

278 1399 397 1454 Quod
417 1402 448 1444 si
467 1413 489 1444 a
507 1399 793 1455 superioribus
812 1402 970 1455 moniti,
989 1400 1041 1444 ab
1060 1402 1108 1444 iis
1125 1414 1168 1451 se
1188 1413 1266 1443 non
1286 1400 1584 1453 abstinuerint,
1613 1400 1670 1458 (et
1694 1400 1789 1444 huic

160 1472 385 1516 concordat
403 1484 493 1515 can.
516 1471 597 1514 133
621 1474 735 1515 aiens
760 1474 797 1514 in
820 1471 848 1530 ἓ
871 1471 919 1516 4;
958 1487 980 1513 «
1003 1476 1270 1515 contumaces
1294 1476 1617 1528 praesumuntur
1640 1484 1788 1515 concu-

162 1543 307 1587 binarii
333 1542 391 1600 »),
427 1545 544 1586 tertia
581 1548 695 1600 parte
729 1544 952 1597 fructuum,
987 1541 1302 1595 obventionum,
1335 1555 1383 1586 ac
1418 1547 1695 1598 proventuum
1723 1541 1789 1586 be-

159 1615 405 1658 neficiorum
437 1627 606 1657 suorum
641 1626 1004 1672 quorumcumque
1035 1618 1075 1657 et
1100 1616 1341 1670 pensionum
1369 1615 1455 1669 ipso
1479 1614 1586 1657 facto
1610 1616 1690 1656 sint
1713 1615 1792 1670 pri-

164 1688 259 1739 vati,
294 1698 400 1743 quae
434 1683 614 1729 fabricae
647 1684 861 1737 ecclesiae,
895 1689 965 1728 aut
996 1684 1113 1728 alteri
1150 1687 1215 1741 pio
1255 1684 1344 1728 loco
1388 1683 1560 1728 arbitrio
1598 1683 1789 1741 Episcopi

159 1756 404 1813 applicetur.
437 1755 506 1799 Sin
543 1769 640 1799 vero
675 1758 713 1799 in
748 1755 898 1799 delicto
932 1755 1078 1799 eodem
1112 1769 1206 1799 cum
1242 1756 1403 1810 eadem,
1441 1754 1504 1799 vel
1536 1754 1617 1799 alia
1639 1755 1790 1798 femina

162 1832 492 1884 perseverantes,
526 1827 734 1871 secundae
759 1828 972 1870 monitioni
998 1826 1134 1870 adbuc
1160 1840 1238 1870 non
1264 1828 1502 1883 paruerint,
1527 1839 1606 1869 non
1631 1830 1789 1870 tantum

159 1900 316 1942 tructus
348 1911 505 1949 omnes,
539 1910 586 1941 ac
621 1903 847 1954 proventus
879 1911 1048 1941 suorum
1082 1897 1395 1952 beneficiorum,
1429 1902 1469 1940 et
1503 1898 1720 1954 pensiones
1743 1909 1790 1939 eo

161 1972 248 2026 ipso
281 1972 483 2024 amittant,
518 1971 587 2026 qui
623 1969 844 2026 praedictis
877 1968 978 2012 locis
1010 1969 1286 2025 applicentur,
1318 1969 1387 2012 sed
1423 1970 1546 2012 etiam
1580 1981 1603 2011 a
1638 1967 1790 2012 benefi-

161 2042 319 2083 ciorum
355 2042 535 2096 ipsorum
577 2039 951 2094 administratione,
989 2039 1124 2096 quoad
1169 2036 1460 2083 Ordinarius...
1505 2037 1790 2089 arbitrabitur,

160 2110 488 2169 suspendantur3
523 2116 562 2153 et
595 2113 627 2154 si
663 2113 715 2153 ita
749 2111 952 2166 suspensi,
985 2109 1253 2153 nibilominus
1285 2122 1354 2153 eas
1377 2122 1456 2152 non
1481 2108 1704 2165 expellant,
1722 2113 1791 2152 aut

161 2194 256 2224 cum
291 2183 338 2224 iis
371 2183 494 2224 etiam
533 2185 768 2234 versentur,
805 2185 902 2224 tunc
927 2180 1152 2234 beneficiis,
1178 2180 1435 2237 portionibus
1458 2179 1790 2237 quibuscumque

160 2251 451 2295 ecclesiasticis
484 2257 683 2308 perpetuo
719 2254 996 2308 priventur».
1032 2251 1168 2308 Atque
1201 2251 1303 2294 ordo
1347 2250 1494 2294 similis
1538 2249 1789 2307 procedendi

160 2322 400 2366 decernitur
434 2324 471 2365 in
506 2334 596 2366 can.
632 2322 759 2377 2137,
794 2321 852 2366 3⁰.

280 2392 321 2435 ln
357 2393 500 2436 ultima
537 2407 634 2436 vero
669 2398 782 2449 parte
814 2392 1042 2436 Tridentini
1076 2393 1232 2436 decreti
1266 2392 1410 2436 ultimo
1443 2394 1554 2436 citati
1589 2394 1789 2447 scriptum

161 2467 243 2507 est:
285 2462 474 2507 «Clerici
513 2477 626 2517 vero,
661 2463 859 2507 beneficia
893 2462 1189 2517 ecclesiastica,
1222 2468 1291 2506 aut
1337 2464 1553 2519 pensiones
1595 2475 1674 2504 non
1720 2460 1789 2504 ba-

163 2532 321 2585 bentes,
356 2536 468 2577 iuxta
502 2533 655 2587 delicti,
690 2538 735 2576 et
761 2535 1048 2577 contumaciae
1081 2535 1450 2590 perseverantiam,
1473 2537 1513 2576 et
1535 2532 1788 2590 qualitatem,

161 2603 212 2647 ab
247 2606 333 2660 ipso
367 2607 560 2660 episcopo
593 2606 773 2647 carceris
808 2616 950 2660 poena,
985 2606 1255 2660 suspensione
1287 2603 1339 2647 ab
1373 2603 1530 2654 ordine,
1564 2615 1612 2646 ac
1637 2600 1792 2645 inhabi-

161 2673 273 2717 litate
307 2674 356 2718 ad
393 2673 593 2718 beneficia
626 2674 863 2730 obtinenda,
896 2673 1043 2718 aliisve
1090 2675 1235 2730 modis,
1271 2676 1384 2718 iuxta
1407 2687 1458 2717 ss.
1495 2686 1686 2726 canones,
1717 2685 1788 2728 pu-

161 2747 339 2788 niantur.
376 2745 566 2802 Episcopi
601 2758 782 2803 quoque,
815 2745 922 2802 quod
957 2744 1077 2800 absit,
1111 2747 1141 2788 si
1177 2744 1228 2788 ab
1252 2744 1487 2788 huiusmodi
1513 2746 1686 2787 crimine
1710 2755 1788 2785 non

162 2814 448 2871 abstinuerint,
483 2821 521 2859 et
555 2828 577 2859 a
610 2815 775 2872 Synodo
811 2814 1055 2872 provinciali
1090 2815 1304 2870 admoniti,
1335 2828 1378 2858 se
1418 2827 1494 2857 non
1539 2813 1787 2857 emendave-

167 2888 261 2941 rint,
296 2888 382 2942 i'pso
415 2888 520 2930 sacto
553 2889 631 2929 sint
665 2888 875 2943 suspensi:
912 2891 951 2929 et
982 2887 1014 2928 si
1051 2890 1330 2942 perseverent,
1365 2887 1488 2928 etiam
1526 2885 1575 2927 ad
1619 2885 1788 2927 sanctis-
