1950 3313
122 167 167 200 96
585 163 670 196 Ltss.
700 162 746 196 V.
775 182 787 187 -
815 162 926 196 PARS
953 162 1003 196 II.
1030 182 1044 187 -
1070 162 1127 197 De
1147 165 1285 207 poenis
1430 162 1523 198 Can.
1551 162 1756 198 2242-2243

127 286 310 337 venitus),
343 283 628 326 satisfaciat».
666 280 712 323 Et
750 280 850 324 llaec
884 283 1021 323 omnia
1057 281 1194 325 adbuc
1230 284 1370 338 vigent
1404 285 1442 325 in
1477 294 1636 325 canone
1677 284 1754 324 im-

127 356 276 412 plicita.
318 380 367 384 ——
419 358 474 395 l)e
520 352 603 395 sola
653 353 901 407 poenitentia
949 355 1180 395 necessaria
1225 355 1507 396 testimonium
1555 351 1758 395 habemus

128 427 260 469 innoc.
298 424 344 466 lll
381 424 558 466 (licentis
600 425 637 465 in
682 435 771 478 cap.
820 422 866 464 11
922 422 1018 465 «de
1062 423 1471 467 constitutionibus»
1519 422 1562 476 (I.
1609 419 1756 479 QX:

130 514 151 536 «
172 510 263 539 ‹fum
302 500 381 537 tam
419 496 521 537 iuris
554 494 742 536 canonici
780 506 903 550 quam
940 495 1067 536 nostri
1103 496 1229 537 moris
1262 497 1424 548 existat,
1450 499 1491 537 ut
1518 495 1639 550 isqui
1665 506 1757 550 pro-

128 572 214 623 pter
247 566 551 609 contumaciam
587 565 883 607 communione
929 566 1133 619 privatur,
1166 578 1259 607 cum
1301 566 1621 608 satisfactionem
1665 577 1758 607 con-

125 648 269 692 gruam
305 634 557 685 exhibuerit,
593 635 895 677 restitutionem
932 632 1141 676 obtineat:
1178 633 1421 676 Mandamus
1453 638 1658 691 quatenus
1690 647 1756 676 su-

127 706 356 763 pradictum
385 707 629 761 magistrum
654 706 816 747 statutis
839 706 985 747 vestris
1006 717 1114 747 nimc
1133 704 1344 747 humiliter
1364 717 1508 760 parere
1527 708 1756 759 curantem,

125 777 173 820 att
209 778 514 819 communionis
551 779 712 818 vestrae
747 777 1001 817 consortium
1039 777 1076 817 in
1115 774 1423 831 magistralibus
1462 775 1758 819 admittatis».

126 848 163 889 ln
201 847 393 889 mandato
428 851 537 902 patet
569 858 714 889 sensus
752 850 878 887 «tam
914 847 1014 888 iuris
1047 847 1251 899 canonici,
1288 858 1410 902 quam
1449 847 1635 889 moris».

239 916 391 961 Ultima
429 930 526 959 vero
558 916 597 974 §³
635 929 727 971 pars
773 916 973 959 suadetur
1017 918 1055 957 in
1103 918 1231 958 veteri
1277 918 1364 958 iure
1408 915 1460 959 ob
1498 914 1753 959 Decretalem

127 988 241 1031 Alex.
277 987 381 1041 111²,
415 988 581 1045 quando
615 990 691 1030 ait:
738 988 888 1031 «Sane
925 989 956 1029 si
1002 988 1094 1043 quis
1139 999 1211 1042 pro
1254 988 1530 1041 contumacia,
1570 986 1631 1029 vel
1678 986 1757 1029 alia

124 1058 306 1115 qualibet
338 1071 476 1111 causa,
513 1058 731 1101 interdicto
769 1057 830 1100 vel
864 1058 1296 1100 excommunicatione
1332 1061 1494 1099 tenetur
1517 1056 1758 1111 adstrictus,

127 1134 163 1172 et
198 1129 314 1172 oilert
348 1143 391 1172 se
424 1129 473 1172 a‹l
511 1130 705 1171 iustitiam
741 1128 791 1171 tle
826 1128 888 1170 liis
924 1126 1181 1184 proquibus
1220 1129 1466 1170 sententiam
1514 1129 1642 1182 ipsam
1688 1140 1758 1170 ex-

127 1202 256 1256 cepit:
294 1200 416 1242 iudex
452 1213 545 1242 eum
582 1199 651 1256 (ne
686 1201 722 1241 in
759 1200 1191 1242 excommunicatione
1226 1197 1418 1252 decedat)
1450 1196 1668 1241 absolvere
1694 1210 1758 1253 po·

129 1273 244 1313 terit:
279 1273 401 1314 etiam
437 1273 468 1313 si
506 1283 598 1326 pars
631 1270 806 1313 adversa
833 1280 882 1312 ne
906 1268 1160 1322 absolvatur,
1187 1268 1476 1324 appellationis
1500 1268 1758 1311 obstaculum

131 1345 362 1398 interponat
391 1357 428 1386 )>.

248 1412 314 1456 67.
352 1414 424 1458 De
457 1414 677 1458 censuris
710 1415 774 1457 ab
809 1414 1007 1457 homine
1041 1415 1079 1453 et
1123 1426 1141 1452 «
1169 1423 1274 1467 quae
1318 1410 1635 1453 considerantur
1678 1415 1761 1453 tan-

129 1496 251 1540 quam
287 1482 338 1526 ab
373 1482 539 1526 homine
563 1499 583 1523 ))
623 1482 732 1540 (can.
760 1481 938 1539 2212&
975 1482 1010 1531 1,
1048 1481 1110 1539 30)
1146 1486 1294 1524 tractat
1332 1495 1422 1523 ean.
1456 1482 1583 1524 2243
1625 1480 1759 1537 quoad

129 1556 443 1609 suspensionem
479 1567 636 1601 earum,
673 1567 720 1596 ne
757 1556 1023 1596 incurrantur
1059 1557 1225 1609 propter
1258 1551 1578 1608 appellationem
1617 1550 1679 1594 vel
1703 1564 1763 1594 re-

130 1639 312 1668 cursum.
346 1627 369 1675 ἓ
404 1628 438 1667 1.
477 1624 691 1668 Cemetrae
723 1624 934 1682 quaelibet.
972 1639 991 1664 (c
1015 1623 1210 1666 terendae
1247 1625 1537 1678 sententiae»,
1573 1624 1669 1680 quia
1703 1621 1763 1664 in-

130 1696 273 1753 flictae
302 1709 379 1753 per
410 1696 663 1738 sententiam
698 1694 955 1742 iudiez'alem,
982 1697 1107 1750 igitur
1131 1695 1180 1736 ad
1208 1706 1393 1736 normam
1413 1706 1504 1736 cau.
1531 1693 1659 1747 1868,
1678 1695 1703 1746 ἓ
1724 1692 1761 1746 1,

129 1766 273 1809 statim
317 1781 366 1808 ac
412 1769 470 1809 sic
519 1766 634 1809 latae
680 1765 860 1822 fuerint,
892 1769 929 1818 a)
963 1764 1272 1807 eoeseeutionem
1320 1762 1620 1821 serumserum,
1662 1765 1760 1820 quin

133 1838 303 1892 proinde
337 1837 643 1893 expectandum
679 1839 741 1889 sit,
779 1841 821 1879 ut
859 1849 968 1879 «res
1003 1836 1180 1878 iudicata
1207 1834 1451 1878 habeatur»
1482 1832 1762 1891 (can.1902),

131 1910 318 1964 sequitur
351 1910 458 1951 enim
497 1906 538 1963 b)
573 1921 645 1949 nec
678 1906 726 1949 ab
751 1907 810 1949 eis
833 1909 1021 1950 censuris
1044 1908 1103 1948 sic
1128 1905 1220 1948 latis
1243 1904 1373 1947 datm·
1405 1904 1653 1962 appellatio,
1677 1903 1763 1946 m'si

133 1978 173 2020 in
209 1977 456 2028 clevolmiro,
497 1978 676 2022 scilicet:
712 1990 819 2035 quae
858 1993 876 2017 «
903 1990 979 2019 non
1016 1976 1233 2032 suspendit
1265 1978 1574 2019 exsecutionem
1600 1979 1764 2018 senten—

134 2051 211 2092 tiae
236 2065 254 2090 »
293 2062 416 2105 supra
449 2052 634 2104 positam,
673 2065 695 2089 «
719 2048 813 2091 licet.
846 2048 894 2091 lis
927 2047 1062 2090 aillluc
1098 2047 1273 2103 pendeat
1308 2049 1418 2090 circa
1454 2049 1645 2089 meritum
1671 2058 1762 2088 cau-

132 2133 200 2162 sae
228 2135 262 2165 )),
299 2120 421 2163 illest:
457 2121 565 2162 circa
609 2121 806 2162 iustitiam
850 2119 1087 2161 inflictionis
1131 2130 1344 2161 censurae.
1390 2118 1525 2173 Atque
1569 2116 1645 2159 boc
1688 2116 1762 2158 suit

133 2190 451 2246 exprimendum
489 2195 654 2246 propter
687 2192 937 2232 contrariam
962 2191 1160 2231 'normam
1192 2188 1231 2245 ξ
1268 2188 1310 2230 ⁶2¹
1345 2193 1452 2230 can.s
1488 2187 1611 2229 1889.
1670 2208 1673 2209 ν

255 2261 519 2317 Prosequitur
552 2273 705 2303 canon:
743 2260 841 2302 item
875 2259 926 2303 ob
962 2262 1177 2315 paritatem
1213 2273 1237 2301 α
1277 2257 1466 2301 censuris
1509 2256 1764 2314 quibuslibet

134 2331 184 2374 ab
220 2331 399 2385 nomine,
432 2333 528 2388 quia
562 2330 617 2373 ad
651 2329 815 2373 modum
844 2330 1074 2387 praecepti,
1117 2332 1206 2372 sive
1249 2327 1638 2382 extraiutlicialiter,
1672 2330 1762 2370 sive

136 2416 207 2459 per
243 2419 263 2442 «
289 2402 436 2445 iudicis
471 2403 848 2457 prommciationes,
881 2413 987 2458 quae
1020 2401 1186 2443 ‹lecreta
1225 2404 1469 2442 vocantur»
1497 2402 1604 2453 (can.
1634 2398 1762 2451 1868,

134 2474 161 2529 ς’
193 2471 235 2529 ⁶2)
272 2472 458 2530 inflictis,
495 2473 750 2528 proinileqno
798 2474 934 2513 statim
981 2470 1255 2516 incurrendis,
1300 2468 1429 2512 datur
1471 2482 1669 2511 recursus
1711 2468 1760 2510 ad

134 2544 399 2599 Superiormn
435 2547 754 2598 competentem,
787 2541 860 2584 sed
891 2541 932 2583 iv
968 2540 1204 2583 slerolutivo
1241 2545 1416 2583 (alitum.
1454 2538 1676 2582 Videlicet:
1703 2541 1762 2580 in-

134 2616 316 2656 curritur
349 2626 538 2659 censura,
574 2615 766 2669 quamvis
802 2614 926 2668 possit
959 2611 1010 2654 ab
1045 2610 1113 2653 illo
1138 2612 1359 2666 Superiore
1385 2611 1534 2652 iniusta
1558 2609 1762 2652 declarari

137 2690 223 2740 post
260 2686 410 2740 negotii
451 2696 638 2726 examen.

255 2754 340 2797 Hoc
376 2755 674 2810 praescriptum
710 2753 831 2795 liuius
864 2754 1034 2796 canonis
1070 2754 1173 2794 sicut
1219 2755 1258 2793 et
1300 2763 1478 2807 sequens
1522 2752 1600 2792 iam
1647 2751 1762 2790 inve-

255 2908 264 2928 1
294 2907 383 2951 Cap.
414 2906 459 2938 26
493 2922 506 2935 «
526 2905 571 2939 de
597 2905 975 2950 appellationibus..
1001 2916 1018 2937 ι)
1048 2903 1113 2947 (Π,
1142 2903 1201 2945 28)
1230 2903 1280 2936 X.
