1950 3313
545 171 628 205 Trr.
658 171 729 206 111.
759 192 770 197 -
798 172 854 206 De
881 175 1066 217 temporis
1091 175 1371 217 supputatione
1708 172 1772 206 117

147 293 365 334 munitates
399 291 676 346 imperfectas,
719 304 789 334 sen
835 291 884 334 ad
929 304 1115 334 normam
1151 304 1240 347 cap.
1282 291 1294 333 1
1341 308 1359 330 «
1385 291 1435 334 de
1469 293 1770 335 constitutioni-

146 362 220 406 bus
245 377 262 401 ³>
311 361 357 418 (l,
404 361 443 417 2)
487 362 523 403 in
571 362 630 414 60,
672 361 738 404 ubi
788 364 987 405 rationem
1032 375 1198 419 quoque
1236 363 1355 405 atl'ert
1392 362 1620 405 Bonitacius
1657 360 1769 404 Vlll:

149 448 169 474 «
192 435 286 490 quia
322 437 456 475 tamen
493 431 676 474 locorum
712 432 954 488 specialium
991 437 1030 476 et
1065 445 1332 488 personarum
1375 432 1613 490 (moralium
1649 431 1769 475 colle-

143 503 328 560 gialium)
361 501 684 545 consuetudines
717 507 755 545 et
787 508 937 546 statuta
973 509 1083 553 (cum
1118 508 1210 546 sunt
1248 504 1356 551 lacti,
1391 505 1487 545 etin
1515 504 1620 546 tacto
1644 504 1773 546 eonsi-

142 578 262 627 stant‚
298 577 426 630 potest
462 572 672 616 Romanus
719 573 903 617 Pontifex
949 573 1217 630 probabiliter
1253 576 1491 630 ignorare):
1528 575 1638 629 ipsis,
1672 573 1770 616 dum

142 649 277 688 tamen
311 645 389 687 sint
424 643 700 698 rationabilia,
737 658 808 701 per
841 647 1174 688 constitutionem
1202 657 1222 687 a
1247 658 1290 687 se
1315 646 1478 687 nox-iter
1502 644 1653 687 editam
1676 643 1771 700 (nisi

141 727 334 771 expresse
379 719 579 758 caveatur
620 717 657 757 in
708 715 810 772 ipsa)
858 728 934 758 non
972 715 1214 772 intelligitur
1251 717 1288 757 in
1333 715 1471 773 aliquo
1505 715 1769 771 derogare».

140 784 256 839 Quae
289 787 425 829 cautio
461 788 539 828 erit
572 786 782 829 sufficiens
815 800 886 843 per
919 785 1146 829 clausulam
1189 801 1208 825 «
1233 799 1311 828 non
1347 785 1534 829 obstante
1572 797 1772 842 qiiacum-

140 869 221 914 que
254 856 554 899 consuetudine
581 872 620 906 »‚
653 869 759 914 quae
795 861 950 900 tantum
990 870 1061 912 pro
1096 855 1158 900 liis
1184 855 1463 912 peculiaribus
1488 861 1591 899 esset
1618 854 1773 898 utiliter

141 929 285 984 posita,
318 927 416 970 dum
453 941 525 983 pro
558 929 807 970 centenariis
840 932 879 970 et
914 926 1317 970 immemorabilibus
1360 931 1495 970 essent
1535 925 1769 969 huiusmodi

140 997 461 1041 eonsuetudines
495 997 556 1041 liis
593 997 730 1041 verbis
765 997 1073 1041 memorandae.

779 1246 1018 1284 TITULUS
1050 1246 1121 1284 111.

603 1382 668 1424 De
699 1382 928 1436 temporis
962 1382 1311 1436 supputatione.

191 1550 276 1587 Cim.
306 1551 361 1586 31.
391 1573 407 1577 -
437 1551 549 1587 Salvis
581 1551 919 1597 legibusliturgicis,

139 1606 290 1645 tempus,
318 1599 383 1633 nisi
411 1599 506 1634 aliud
541 1610 700 1645 expresse
741 1604 918 1643 caveatur,

139 1651 346 1692 supputetur
371 1647 413 1681 ad
444 1657 603 1682 normam
642 1657 817 1682 canonum
860 1647 917 1692 qui

139 1698 346 1738 sequuntur.

188 1740 272 1776 Cn.
314 1741 370 1775 32.
404 1762 418 1766 -
448 1745 467 1783 ξ
510 1740 536 1775 l.
583 1740 660 1776 Dies
698 1745 833 1776 constat
876 1739 918 1775 24

140 1788 233 1823 horis
260 1788 426 1823 continuo
467 1789 701 1834 supputandis
743 1799 763 1823 a
806 1788 917 1823 media

140 1841 251 1879 nocte,
283 1835 501 1871 hebdomada
530 1835 549 1870 7
578 1835 712 1871 diebus.

186 1887 205 1924 ἓ
232 1884 264 1917 2.
296 1884 332 1918 ln
362 1884 435 1918 iure
472 1883 615 1918 nomine
650 1883 781 1918 mensis
826 1883 919 1916 venit

139 1931 290 1975 spatium
320 1929 373 1970 30,
412 1930 497 1965 anni
540 1941 619 1965 vero
660 1931 811 1976 spatium
853 1928 919 1963 3455

138 1978 285 2017 dierum,
313 1977 379 2012 nisi
410 1977 539 2013 mensis
569 1982 601 2013 et
621 1989 737 2013 annus
756 1977 920 2012 dieantur

139 2025 299 2060 sumendi
331 2029 429 2071 prout
456 2029 539 2060 sunt
566 2025 600 2059 in
629 2025 841 2060 calendario.

187 2072 270 2107 cm.
316 2072 371 2108 33.
414 2093 429 2097 -
468 2076 486 2114 ξ
529 2071 558 2106 l.
605 2071 640 2106 ln
685 2071 919 2118 supputandis

140 2119 233 2154 horis
258 2119 325 2155 diei
355 2119 519 2154 standum
546 2125 595 2155 est
635 2120 812 2155 communi
850 2119 916 2161 loci

138 2167 237 2204 usui:
268 2168 324 2202 sed
367 2167 400 2201 in
433 2167 567 2212 privata
605 2167 729 2202 Missae
768 2166 920 2202 relebra-

138 2214 243 2255 tione,
284 2215 316 2249 in
360 2214 489 2260 privata
533 2215 692 2249 horarum
738 2214 918 2248 canonica·

138 2273 216 2296 rum
234 2262 448 2297 recitatione.
482 2262 516 2295 in
545 2273 642 2297 saera
667 2262 921 2296 communione

137 2309 337 2354 recipienda
364 2314 397 2344 et
425 2309 460 2343 in
492 2309 610 2344 ieiunii
645 2310 696 2344 vel
739 2309 918 2344 abstinen—

137 2356 205 2391 tiae
231 2356 303 2401 lege
330 2356 515 2395 serxanda,
547 2357 624 2392 licet
650 2357 719 2391 alia
745 2357 789 2391 sit
820 2367 919 2391 nsua>

139 2402 181 2436 lis
207 2403 268 2438 loci
297 2405 510 2450 supputatio,
552 2408 661 2449 potest
704 2404 782 2449 quis
821 2403 916 2449 sequi

138 2449 202 2485 loci
230 2454 367 2496 tempus
392 2455 452 2486 aut
479 2451 584 2486 locale
611 2451 682 2487 sive
703 2462 820 2487 verum
848 2452 919 2487 sive

140 2497 304 2533 medium.
335 2503 396 2533 aut
424 2498 531 2543 legale
559 2499 630 2534 sive
651 2499 829 2543 regionale
847 2499 919 2533 sive

136 2544 232 2579 aliud
259 2545 590 2581 extraordinarium.

186 2595 205 2633 ξ
233 2590 264 2625 2.
295 2590 393 2635 Quod
433 2593 556 2628 attinet
598 2593 640 2628 ad
685 2598 823 2638 tempus
863 2604 917 2628 ur-

137 2639 239 2683 gendi
285 2643 526 2674 contractuum
562 2640 807 2684 obligationes,
848 2651 916 2675 ser-

138 2690 247 2721 vetur,
295 2686 361 2720 nisi
410 2686 510 2721 aliter
551 2697 713 2732 expressa
759 2687 916 2733 pactione

137 2737 347 2768 conventum
376 2733 490 2774 fuerit,
537 2734 788 2779 praescriptum
832 2735 917 2769 iuris

137 2780 249 2815 civilis
276 2780 309 2814 in
340 2780 509 2815 territorio
538 2780 698 2825 vigentis.

186 2826 269 2862 Cis.
295 2825 350 2861 34.
384 2847 400 2852 -
429 2831 447 2869 ς
480 2827 508 2861 1.
538 2827 572 2861 Si
603 2827 734 2862 mensis
778 2832 811 2862 et
852 2839 915 2862 an-

137 2886 205 2909 nus
237 2874 466 2918 designentur
510 2874 646 2920 proprio
681 2874 823 2909 nomine
866 2875 915 2909 vel

136 2921 410 2967 aequivalenter,
437 2932 475 2956 ex
503 2932 570 2965 gn,
600 2932 707 2955 mense
733 2921 916 2967 februario,

994 1564 1082 1586 {inno
1105 1552 1259 1599 pros-ime
1301 1552 1430 1598 futuro,
1461 1557 1646 1587 sumantur
1674 1557 1773 1597 prout.

994 1604 1077 1634 sunt
1106 1611 1138 1633 in
1168 1599 1376 1634 calendario.

1042 1650 1060 1688 ξ
1089 1645 1120 1680 2.
1151 1647 1184 1680 si
1231 1646 1402 1681 terminus
1429 1658 1448 1681 a
1476 1658 1539 1693 quo
1567 1657 1627 1682 nec
1667 1646 1773 1693 expli-

993 1693 1059 1729 cite
1086 1704 1147 1728 nec
1176 1693 1344 1739 implicite
1380 1694 1591 1737 assignetur.
1631 1704 1671 1728 ex
1710 1705 1772 1736 gr„

993 1741 1165 1788 suspensio
1193 1752 1212 1775 (ι
1233 1739 1360 1776 Missae
1378 1741 1594 1776 celem-atione
1608 1753 1668 1788 per
1687 1753 1773 1775 men-

993 1800 1058 1822 sem
1087 1795 1145 1822 aut
1172 1788 1254 1822 duos
1281 1800 1398 1824 armos.
1421 1795 1486 1823 tres
1512 1789 1544 1823 in
1573 1800 1660 1823 anno
1678 1800 1772 1823 vara-

995 1835 1118 1869 tionnm
1149 1847 1272 1870 menses
1298 1841 1375 1872 etc..
1404 1840 1541 1881 tempus
1567 1840 1775 1882 supputetur

993 1883 1035 1918 de
1055 1888 1232 1918 momento
1249 1883 1291 1917 ad
1322 1888 1559 1919 momentum:
1589 1889 1622 1918 et
1640 1883 1666 1917 si
1688 1888 1771 1917 tem-

996 1942 1058 1976 pus
1084 1931 1127 1964 sit
1170 1930 1391 1971 continuum,
1422 1935 1457 1965 ut
1476 1931 1510 1964 in
1537 1930 1642 1965 allato
1662 1930 1773 1976 primo

992 1978 1163 2024 exemplo,
1206 1988 1343 2012 menses
1388 1982 1421 2012 et
1459 1978 1545 2012 anni
1587 1982 1773 2012 sumantur

996 2030 1094 2071 prout
1120 2029 1203 2059 sunt
1231 2025 1265 2058 in
1294 2024 1512 2067 calendari0;
1541 2025 1568 2059 si
1598 2024 1771 2059 intermis-

994 2083 1083 2114 sum,
1110 2072 1329 2107 hebdomada
1349 2071 1564 2117 intelligatur
1583 2071 1601 2106 7
1621 2072 1770 2113 dierum,

996 2119 1125 2154 mensis
1153 2118 1210 2160 30,
1238 2130 1355 2153 annus
1382 2117 1461 2153 365.

1041 2171 1060 2208 ξ
1087 2167 1117 2201 3.
1145 2166 1180 2201 Si
1209 2171 1346 2212 tempus
1376 2171 1509 2202 constet
1537 2177 1606 2201 uno
1625 2166 1676 2201 rel
1698 2166 1770 2212 plu-

994 2213 1090 2248 ribus
1131 2213 1309 2248 mensibus
1347 2218 1407 2248 aut
1448 2214 1567 2249 annis.
1610 2225 1679 2248 una
1719 2213 1769 2248 vel

995 2261 1153 2307 pluribus
1172 2261 1446 2296 hebdomadibus
1461 2266 1521 2296 aut
1539 2261 1680 2296 tandem
1702 2260 1771 2306 plu-

994 2309 1089 2343 ribus
1107 2308 1242 2348 diebus,
1256 2313 1288 2343 et
1306 2308 1478 2343 terminus
1492 2320 1511 2343 a
1531 2320 1593 2354 quo
1611 2307 1771 2353 explicite

993 2356 1045 2391 vel
1074 2355 1241 2401 implicite
1267 2355 1485 2400 assignetur:

1093 2403 1141 2437 1.Ο
1156 2402 1292 2437 Menses
1309 2407 1342 2437 et
1359 2403 1443 2437 anni
1465 2406 1651 2437 sumantur
1671 2406 1769 2447 prout

993 2456 1076 2486 sunt
1104 2451 1139 2484 in
1167 2450 1387 2493 calendari03

1090 2498 1141 2531 ’.Ψ
1167 2496 1200 2531 Si
1245 2497 1417 2532 terminus
1443 2509 1462 2531 a
1506 2508 1569 2543 quo
1595 2495 1770 2530 coint-idat

992 2556 1070 2580 cum
1100 2544 1200 2579 initio
1225 2544 1306 2580 diei.
1335 2555 1387 2579 ex.
1417 2555 1486 2588 gn,
1526 2544 1590 2577 duo
1630 2542 1770 2577 ruratio-

992 2604 1068 2626 γραφη
1097 2603 1222 2626 vmenses
1249 2604 1268 2625 a
1295 2591 1347 2626 die
1377 2593 1422 2626 15
1449 2590 1598 2636 (immisti,
1638 2590 1769 2635 primus

991 2640 1065 2674 dies
1091 2639 1132 2674 ad
1152 2639 1358 2684 explendam
1379 2638 1656 2673 numerationem
1677 2648 1767 2671 com-

995 2691 1132 2732 putetur
1158 2691 1189 2721 et
1217 2691 1354 2731 tempus
1399 2685 1541 2719 liniatur
1580 2684 1768 2729 incipiente

993 2734 1114 2769 ultimo
1140 2733 1195 2767 die
1220 2733 1375 2767 eiusdem
1408 2732 1565 2766 numeri:

1088 2779 1139 2812 3.⁰
1166 2780 1200 2813 Si
1229 2780 1399 2814 terminus
1426 2791 1445 2813 o
1472 2790 1535 2825 qno
1576 2789 1644 2812 non
1673 2777 1767 2812 coin-

992 2827 1081 2862 cidat
1107 2838 1185 2861 cum
1214 2826 1312 2861 initio
1339 2825 1419 2868 diei,
1448 2837 1500 2859 ex.
1529 2836 1594 2869 gin,
1622 2824 1767 2858 decimus

991 2881 1131 2920 quartus
1158 2873 1278 2908 aetatis
1310 2883 1428 2909 (mnus.
1472 2884 1580 2906 annm
1626 2870 1766 2905 novitia-

992 2928 1056 2963 tus,
1083 2920 1248 2954 octiduum
1277 2931 1296 2954 α
1325 2919 1492 2954 vacatione
1518 2919 1606 2954 sedis
1645 2918 1766 2964 episco-
