1950 3313
139 170 207 204 170
648 164 731 198 Lm.
757 163 787 196 Ι.
817 182 831 188 -
863 163 1035 196 Normae
1056 161 1256 205 generales

136 300 274 331 sonae.
309 284 413 337 Quia
448 297 496 326 ex
532 287 734 325 transacta
770 284 808 324 in
843 285 881 323 te
918 282 999 322 vita
1033 278 1268 333 didicimus,
1296 277 1395 335 quid
1419 277 1470 321 de
1493 276 1761 333 subsequenti

140 358 455 402 conversatione
489 359 555 396 tua
593 364 969 409 praesumamus».

260 427 330 469 His
356 425 676 481 praesuppositis
700 427 959 465 transeamus
981 420 1032 463 ad
1058 421 1439 475 interpretationem
1463 431 1553 460 cau.
1579 419 1652 461 75.
1681 415 1767 459 Pri-

142 497 296 554 vilessia
332 495 482 548 realia,
502 499 620 551 prout
643 506 664 536 a
690 492 920 549 privilegiis
944 489 1228 545 personalibus
1261 489 1470 543 differunt,
1494 493 1659 531 cessant
1684 490 1764 530 vim

144 568 297 611 babere
327 580 405 624 per
437 564 671 607 absolutum
697 563 800 606 idest
823 560 1075 617 completum
1109 565 1232 618 atque
1260 560 1490 603 secundum
1513 573 1565 604 ss,
1590 571 1768 602 canones

142 638 206 681 rei
242 651 277 682 v.
312 651 374 693 gr.
408 636 610 689 beneficii,
656 635 847 690 imaginis
879 631 942 674 vet
975 630 1053 674 loci
1090 644 1126 674 v.
1161 644 1222 687 gr.
1257 630 1470 685 ecclesiae,
1511 643 1591 673 non
1635 628 1769 672 solum

142 709 276 767 quoad
314 721 429 751 usum
467 705 716 763 possibilem,
749 704 820 747 sed
847 706 884 746 in
909 704 1068 759 seipsis,
1092 701 1311 744 interitum
1334 715 1406 745 seu
1430 702 1554 744 finem
1573 700 1769 758 qualiter-

140 792 321 836 cumque
356 781 387 821 is
420 780 607 824 eveniat:
634 774 869 833 privilegia*
903 787 998 816 vero
1038 772 1195 816 localia
1227 774 1368 816 stricte
1403 772 1491 815 loco
1525 772 1699 818 adnexa,
1734 770 1771 813 si

142 851 273 901 locus,
309 849 514 906 privilegii
549 847 783 891 subiectum
817 859 855 890 v.
889 859 950 901 gr.
992 846 1289 896 sanctuarium,
1314 843 1431 886 iutra
1464 841 1771 900 quinquaqinta

148 936 280 964 aniios
308 920 358 963 ab
392 922 480 963 eius
514 931 660 974 nempe
693 916 881 960 absoluto
915 917 1082 958 interitu
1116 926 1163 957 ac
1204 914 1376 970 proinde
1399 912 1700 970 computandos
1722 911 1772 955 ad

150 1005 335 1035 normam
369 1004 458 1033 can.
494 989 562 1042 34,
596 990 621 1041 g
654 988 692 1041 3,
728 987 770 1029 30
807 986 1064 1029 restituatur
1096 985 1349 1028 sufficienter
1381 984 1432 1027 ad
1467 997 1600 1036 usum,
1626 995 1706 1039 quo
1736 984 1774 1025 in

144 1076 243 1107 casu
278 1061 529 1104 reviviscunt
565 1062 603 1101 vi
638 1059 759 1102 huius
802 1059 972 1101 canonis
1013 1056 1169 1114 absque
1215 1068 1322 1098 novo
1355 1056 1612 1098 auctoritatis
1644 1053 1775 1097 eccle·

148 1136 339 1177 siasticac
373 1134 621 1174 interventu.

272 1203 367 1246 144.
407 1203 730 1254 Quandonam
768 1214 885 1245 usus
924 1200 1185 1256 privilegio
1228 1199 1504 1244 contrarius
1542 1198 1618 1242 vel
1652 1197 1779 1240 illius

153 1290 249 1321 non
287 1287 403 1320 usus
443 1274 739 1318 secumferat
776 1272 1125 1317 extinctionem
1164 1270 1424 1326 privilegii.
1464 1267 1576 1310 Duae
1610 1265 1779 1323 privile-

154 1348 315 1402 giorum
350 1345 634 1387 distinctiones
666 1342 732 1385 llic
767 1340 1061 1384 memorandae
1097 1342 1280 1383 veniunt.
1317 1337 1538 1393 Privilegia
1575 1335 1779 1394 quaedam

157 1420 251 1459 sunt
286 1416 532 1458 affirmativa
566 1427 637 1456 seu
672 1412 721 1455 ad
756 1416 873 1456 actus
906 1411 1065 1468 aliquos
1101 1409 1326 1466 ponendos,
1359 1408 1438 1451 alia
1472 1412 1566 1450 sunt
1589 1408 1782 1463 negativa

151 1500 226 1530 seu
260 1486 309 1529 ad
349 1485 598 1528 omittendos
631 1488 747 1526 actus
779 1484 1019 1539 ceteroquin
1054 1494 1104 1524 ex
1138 1479 1389 1536 obligatione
1429 1478 1652 1535 ponendos.
1688 1477 1782 1520 Pro-

156 1563 297 1613 pterea
331 1570 420 1600 cau.
456 1558 529 1608 76,
565 1559 608 1597 ut
631 1553 958 1610 comprehendat
981 1557 1169 1608 utraque,
1194 1553 1272 1594 ait:
1301 1549 1378 1592 Per
1401 1563 1481 1592 uon
1508 1563 1626 1591 usum
1649 1547 1783 1604 quoad

158 1631 222 1671 ius
259 1627 464 1684 privilegii
489 1627 726 1669 affirmativi
760 1623 823 1667 vel
840 1637 920 1682 pei·
943 1637 1061 1665 usum
1085 1621 1347 1665 eontrariian
1379 1633 1450 1664 seu
1475 1621 1635 1676 praxim
1660 1631 1785 1674 oppo-

159 1701 279 1742 sitam
330 1697 547 1752 privilegio
597 1698 805 1752 negativo,
845 1694 1072 1738 dummodo
1115 1698 1289 1750 uterque
1330 1694 1381 1735 sit
1425 1690 1529 1734 liber
1571 1691 1787 1733 occasione

156 1769 297 1813 oblata
330 1768 495 1826 quando
530 1771 707 1824 potestas
741 1765 992 1823 privilegiati
1042 1777 1121 1807 non
1170 1768 1277 1806 esset
1323 1762 1533 1818 impedita.
1573 1760 1789 1804 Declarata

164 1843 288 1897 igitur
319 1838 544 1897 privileqia
580 1843 754 1895 utraque
788 1836 889 1879 aliis
922 1836 1126 1879 distinctis
1159 1847 1181 1878 a
1216 1833 1499 1890 privilegiario
1545 1830 1659 1874 liaud
1695 1844 1788 1874 oue-

166 1924 276 1959 rosa,
312 1924 359 1952 eo
392 1909 500 1966 quod
535 1911 615 1951 sint
638 1921 752 1951 mere
776 1906 1020 1950 favorabilia
1043 1904 1119 1949 sub
1144 1906 1409 1960 inscriptione
1444 1902 1548 1946 tituli
1568 1901 1792 1954 declarata,

163 1983 297 2037 prouti
333 1980 382 2023 ad
419 1981 597 2022 invicem
631 1984 726 2021 sunt
758 1979 938 2024 diversa,
978 1990 1059 2019 uon
1094 1980 1257 2018 cessant
1292 1977 1329 2016 in
1365 1986 1507 2017 eorum
1544 1975 1584 2014 vi
1619 1971 1790 2015 iuridica

169 2052 349 2107 praefato
385 2050 557 2092 relativo
593 2049 737 2103 modog
771 2062 878 2105 (suae
909 2060 1004 2090 ‘vero
1037 2048 1222 2089 savorem
1259 2044 1543 2102 privilegiario
1566 2041 1794 2086 tribuentes

167 2122 212 2164 iu
236 2121 419 2163 aliorum
439 2134 667 2177 qravameu
691 2108 853 2165 eedem),
893 2122 1146 2176 quapropter
1178 2128 1352 2159 onerosa
1385 2117 1549 2172 proprie
1579 2117 1793 2163 vocantur,

166 2192 440 2244 immutatur,
462 2192 671 2247 supposito
695 2203 773 2232 non
800 2203 889 2240 usu,
915 2189 1080 2246 quando
1114 2188 1362 2231 affirmativa
1396 2188 1490 2239 sint,
1513 2190 1582 2228 aut
1606 2198 1680 2227 usu
1705 2195 1797 2227 con·

170 2264 311 2315 trario‚
346 2261 510 2318 quando
546 2263 752 2316 negativa,
786 2260 823 2302 si
856 2259 1026 2302 accedat
1059 2257 1250 2316 leqitima
1288 2257 1350 2300 vel
1385 2255 1615 2299 secundum
1649 2268 1700 2297 ss.
1735 2265 1797 2296 ca-

173 2345 299 2374 nones
329 2331 611 2388 praescriptio
645 2330 819 2373 aliorum
856 2330 1088 2373 libertatem
1123 2327 1174 2371 ab
1212 2340 1336 2370 onere
1379 2328 1602 2369 fruentium
1638 2338 1709 2381 per
1743 2323 1795 2366 le-

177 2404 365 2459 gitimum
401 2406 573 2458 tempus,
611 2401 670 2443 vel
695 2401 824 2443 [avita
847 2399 1129 2453 renunciatio,
1162 2399 1327 2456 (plaudo
1361 2397 1463 2440 haec
1496 2398 1585 2439 fieri
1620 2397 1744 2452 possit
1777 2406 1798 2437 a

109 2469 114 2474 ’
170 2471 453 2528 privilegiario
487 2471 536 2513 ad
572 2483 759 2513 normam
784 2483 873 2513 can.
899 2470 952 2512 702
987 2474 1025 2512 et
1065 2474 1222 2512 tantum
1248 2467 1433 2523 elapsum
1458 2468 1508 2509 sit
1536 2471 1697 2521 tempus
1721 2476 1798 2506 non

178 2556 274 2586 usus
307 2542 379 2613 vess
407 2555 502 2584 usus
535 2543 729 2583 contrarii
764 2541 990 2596 supradicti
1025 2542 1112 2583 sine
1145 2537 1331 2582 clausula
1364 2539 1465 2580 iuris
1496 2536 1734 2582 salvatoria,
1760 2538 1800 2577 ut

172 2627 221 2656 ex
256 2615 577 2655 circumstantiis
611 2611 678 2656 illa
713 2614 968 2654 renunciatio
1002 2611 1227 2667 prudenter
1261 2611 1312 2652 sit
1347 2607 1662 2664 praesumenda.

297 2683 393 2725 1423.
429 2685 568 2728 Aliae
592 2684 958 2739 privilegiorum
982 2682 1311 2738 quorumlibet
1333 2680 1638 2724 cessationes
1661 2687 1801 2719 recen-

172 2759 314 2797 sentur
340 2756 376 2795 in
401 2768 490 2795 (ain.
520 2756 590 2799 77.
619 2752 763 2795 Cessat
787 2766 947 2809 quoque
971 2754 1057 2807 ipso
1076 2753 1181 2794 lacto
1197 2749 1470 2808 privileyium
1496 2748 1801 2806 quodcumque,

175 2824 211 2866 si
233 2823 431 2881 temporis
446 2837 674 2881 prom-essu
695 2836 765 2878 per
779 2835 901 2878 quem
921 2823 1057 2864 omnia
1079 2821 1178 2864 baec
1203 2824 1428 2867 transeunt,
1443 2832 1585 2861 rerum
1604 2816 1803 2860 adiuncta

177 2899 370 2950 respectu
408 2893 612 2949 privilegii
647 2893 718 2948 sie,
744 2893 794 2935 de
828 2895 947 2946 lacto,
977 2892 1045 2934 sed
1082 2894 1177 2945 quia
1211 2891 1402 2934 diversae
1435 2891 1545 2932 circa
1580 2889 1619 2931 id
1652 2889 1805 2944 queunt
