1950 3313
116 174 195 212 Gan
237 175 442 211 2339-2340
490 177 573 211 Tl'r.
589 177 698 213 XIII.
715 199 725 203 -
745 180 797 215 De
810 181 959 215 dela-tis
973 185 1106 217 eontra
1121 188 1372 219 (uictor-ilat&
1673 188 1740 221 2231

122 294 214 339 liter
246 295 322 340 hoo
355 296 612 353 dependens,
649 311 685 338 v.
721 312 780 355 gr.
816 304 1052 345 coemeterii
1094 308 1241 357 rector,
1275 318 1345 347 sou
1389 306 1561 349 actualis
1606 308 1742 350 modo-

121 371 245 420 rator‚
274 365 610 410 «contrahunt»
650 367 920 416 inlerdielmn.
954 371 1002 413 ab
1036 372 1227 430 inqressu
1261 374 1459 417 eeclesiae
1491 390 1569 433 qua
1604 390 1744 420 oonsu-

120 448 224 491 ram,
258 449 350 480 nam
391 441 451 480 est
488 436 721 481 Ordv'nario
764 440 812 483 ad
860 454 1045 484 normam
1090 456 1179 488 can.
1220 445 1345 490 2233.
1396 446 1439 488 3⁰
1472 453 1742 492 resera-alwio.

99 505 231 551 Haec
266 519 359 564 pars
392 520 555 564 quoque
590 521 668 551 uon
705 522 847 565 parum
889 513 1122 555 immutavit
1169 516 1229 556 ius
1271 520 1505 558 contentum
1542 519 1578 559 in
1613 523 1741 562 const.

123 592 143 619 c(
167 577 429 634 Apostoiioae
471 578 632 622 Sedis»
670 579 746 623 sui)
784 583 808 634 ,ξ
846 579 907 633 Vi,
943 595 980 626 n.
1016 583 1052 624 2.
1088 582 1170 626 Neo
1214 584 1485 628 dubitandum
1530 592 1587 630 est
1633 589 1739 644 quod

118 647 260 701 laicus,
294 650 363 706 qui
397 649 627 692 custodiam
674 649 797 693 habet
839 651 1039 695 ecciesiae
1076 653 1136 696 vel
1172 658 1409 698 coemeterii
1449 657 1583 700 adhue
1618 657 1740 702 bene-

116 718 228 774 dieti,
253 723 293 762 et
315 719 537 763 admittens
569 721 618 763 ad
653 721 923 777 sepulturam,
958 725 1012 766 uti
1047 723 1299 767 declaratum
1339 733 1486 782 manet,
1513 728 1615 772 tiano
1648 743 1742 772 cen-

115 802 253 833 suram
289 791 486 836 incurrat.

235 860 333 904 181.
369 863 442 908 De
480 876 554 915 eo,
588 865 669 920 qui
714 866 987 910 obduratus
1029 869 1193 912 manet
1235 868 1281 911 in
1325 881 1531 914 censura
1561 872 1739 914 continet

116 934 371 988 praescripta
416 946 489 990 pro
528 946 729 977 censurae
763 934 1005 978 diversitate
1039 950 1128 980 can.
1162 939 1299 980 3340.
1337 937 1377 980 ln
1413 938 1515 981 duos
1548 952 1739 996 paragra-

116 1001 217 1058 phos
239 1008 300 1046 est
322 1003 540 1048 distinctus
561 1005 695 1062 quoad
721 1009 1194 1050 excommunicationem
1220 1020 1267 1051 ao
1289 1012 1613 1065 suspensionem,
1636 1012 1741 1054 unde

116 1073 439 1118 insordescentia
473 1074 595 1119 eausa
631 1076 838 1119 interdicti
872 1077 1034 1121 silentio
1068 1080 1326 1134 premitur}
1349 1082 1382 1121 1.
1407 1095 1426 1119 «
1454 1079 1630 1124 Verbum
1666 1082 1740 1125 hoc

114 1144 153 1186 si
184 1145 277 1202 quis
310 1150 391 1189 tam
428 1146 633 1190 masculos
676 1160 799 1205 quam
845 1148 1019 1191 seminas
1057 1148 1390 1205 complectitur»
1416 1150 1442 1192 ².
1479 1153 1559 1193 imo
1594 1154 1630 1194 in
1666 1152 1740 1195 hoc

115 1215 204 1260 loco
248 1222 288 1260 et
326 1217 502 1261 clericos
544 1217 726 1275 qualibet
772 1218 975 1275 fulgentes
1018 1221 1230 1276 dignitate.
1265 1233 1357 1263 uam
1399 1236 1418 1261 c(
1442 1221 1492 1264 de
1527 1222 1614 1278 iege
1649 1236 1741 1279 poe-

114 1286 195 1331 nali
218 1302 239 1329 J)
269 1287 377 1345 (ean.
404 1289 530 1343 2227,
555 1289 580 1319 Q
606 1289 648 1346 2)
674 1292 838 1346 proprie
873 1303 950 1332 non
985 1293 1133 1346 agitur.
1167 1289 1430 1334 Conditiones
1463 1298 1598 1335 autem
1626 1307 1740 1349 prae-

112 1360 254 1415 scripti
288 1364 383 1402 sunt
415 1360 525 1417 quod
560 1360 599 1416 a>
633 1360 838 1404 obcluralo
872 1361 1028 1413 (mimo,
1050 1364 1118 1418 qui
1152 1374 1299 1417 nempe
1324 1375 1344 1405 a
1369 1366 1626 1406 contumacia
1663 1378 1738 1407 non

112 1429 301 1485 discedit,
327 1429 368 1485 b)
399 1444 476 1484 per
507 1445 663 1474 anorum
697 1445 768 1475 seu
795 1434 1015 1488 «spatium
1053 1432 1135 1474 2365
1168 1432 1329 1475 dierum
1355 1449 1376 1473 »
1414 1433 1521 1490 (can.
1557 1434 1624 1484 32,
1647 1436 1674 1493 g
1700 1436 1740 1491 2)

112 1506 150 1557 o)
173 1500 435 1545 insordueri't
468 1502 744 1546 inservientia
774 1503 1231 1558 excommunicatiom's,
1257 1503 1378 1547 idest:
1413 1518 1667 1561 cognoscens
1698 1521 1740 1550 se

111 1575 520 1617 excommunicatum
555 1587 644 1617 esse
679 1587 756 1617 non
792 1575 950 1618 deierat
982 1588 1106 1630 scopo
1135 1574 1257 1617 huius
1282 1575 1537 1618 medicinalis
1571 1590 1739 1632 poenae,

112 1655 187 1686 nec
220 1642 521 1687 absolutionem
556 1645 608 1689 ab
647 1658 693 1688 ea
735 1650 857 1702 petat,
893 1646 1058 1702 (mando
1103 1644 1179 1688 hoc
1223 1651 1371 1702 posset,
1407 1645 1497 1689 talis
1539 1660 1637 1703 orgo
1680 1653 1741 1690 es!

110 1712 162 1755 de
195 1712 361 1757 haeresi
393 1721 624 1773 suspectas,
658 1729 736 1773 qua
787 1721 894 1759 erret
946 1719 1054 1759 eirca
1104 1718 1389 1764 necessitatem
1437 1721 1740 1761 communionis

110 1784 418 1829 ecclesiastieae
451 1786 501 1830 ad
536 1786 709 1829 salutem
746 1787 1098 1844 consequendam,
1123 1789 1174 1829 ita
1203 1791 1241 1830 ut
1271 1803 1291 1827 «
1317 1790 1437 1830 etiam
1464 1794 1604 1831 contra
1630 1803 1736 1832 eum.

110 1859 321 1912 tamquam
357 1857 408 1900 de
440 1856 599 1900 haeresi
633 1861 886 1913 suspectum„
913 1858 1079 1913 procedi
1107 1860 1231 1913 possit
1254 1874 1272 1898 ))
1299 1857 1325 1901 ².
1355 1858 1415 1900 xvi
1440 1858 1491 1901 ab
1515 1856 1736 1903 Ordinario

110 1925 187 1970 loci
222 1932 259 1970 et
294 1926 345 1971 ob
378 1934 485 1971 can·
519 1928 616 1983 501,
640 1929 695 1986 ξω
722 1929 744 1970 2
770 1928 1088 1984 prohibitionem
1138 1929 1272 1985 quoad
1324 1929 1535 1985 religiosos
1573 1943 1737 1988 quoque

109 2002 326 2054 exemptos
359 1999 408 2042 ad
445 1999 714 2055 applicandas
751 2012 901 2055 poenas
923 2005 1030 2042 can.⁸
1055 1998 1181 2054 2315,
1208 1999 1270 2042 vel
1297 2012 1317 2042 a
1338 1999 1547 2043 Tribunaii
1572 2001 1737 2058 Congu-³

108 2068 147 2112 S.
182 2065 318 2113 Officii
354 2069 488 2127 quoad
524 2083 666 2113 omnes
699 2070 832 2113 eidem
868 2069 1067 2113 subditos.

224 2139 252 2198 ξ
273 2142 315 2183 2.
343 2140 388 2182 Si
411 2143 448 2196 a)
472 2139 648 2183 clericus
671 2140 947 2195 solummodo,
971 2142 1066 2198 quia
1093 2139 1132 2196 1))
1156 2140 1198 2183 iv
1223 2154 1399 2183 censura
1426 2143 1589 2197 proprie
1612 2142 1736 2195 dicta,

110 2223 187 2253 non
229 2213 308 2253 iam
344 2213 383 2254 in
419 2224 548 2268 poena
584 2210 871 2254 huiuscemodi
909 2211 1175 2266 vindicativa,
1210 2216 1249 2254 et
1282 2213 1316 2254 ei
1354 2214 1532 2268 propria,
1568 2225 1734 2269 nempe:

108 2281 145 2336 c)
178 2281 467 2340 suspensionis
500 2281 720 2326 cuiuslibet
756 2284 860 2325 inter
892 2281 1108 2325 distinctas
1140 2281 1216 2325 sub
1247 2281 1293 2339 ἑο
1314 2282 1358 2324 2δι
1378 2288 1460 2325 tum
1481 2289 1584 2325 (·au³.
1610 2284 1733 2332 2278,

109 2356 195 2396 tum
219 2358 323 2397 cau³.
351 2353 479 2408 2279,
503 2352 547 2410 d)
564 2366 642 2411 per
664 2358 863 2395 semestre
891 2368 909 2393 ((
935 2354 1175 2395 continuum
1200 2368 1220 2393 ))
1248 2357 1371 2410 atque
1400 2368 1418 2392 «
1443 2352 1493 2395 de
1530 2359 1734 2395 momento

107 2423 157 2465 ad
185 2428 454 2478 momentum,
477 2428 519 2466 ut
553 2425 591 2466 in
626 2423 864 2467 calendario
902 2428 1149 2480 supputetur
1171 2439 1193 2463 »
1218 2423 1324 2480 (cau.
1347 2423 1414 2473 34,
1438 2426 1462 2472 ξ
1488 2422 1732 2480 2)7›e1·se1·e·

106 2493 282 2547 raverit,
314 2495 487 2551 proinde
519 2496 711 2538 conscius
745 2496 872 2551 ipsius
905 2493 1204 2538 absolutionem
1239 2507 1318 2536 non
1356 2494 1735 2550 petierit,yrariter

106 2570 328 2607 moneatur
349 2564 401 2608 ab
424 2567 513 2608 eius
535 2563 760 2610 Ordinario
785 2569 827 2607 ut
850 2577 871 2607 a
895 2566 1155 2608 coutumacia
1179 2564 1378 2617 discedat,
1397 2570 1435 2606 el
1458 2564 1507 2616 si,
1530 2567 1567 2615 a>
1589 2570 1732 2605 eraclo

106 2649 131 2678 α
166 2635 395 2679 mom‘lione
426 2649 578 2690 mense,
611 2639 662 2679 ita
698 2641 740 2678 ut
777 2651 799 2676 α
822 2636 887 2679 hic
920 2640 1108 2678 sumatur
1143 2639 1261 2690 prout
1305 2639 1363 2677 est
1405 2637 1440 2676 in
1482 2634 1731 2682 calendario,

105 2719 153 2750 ac
187 2708 345 2764 primus
377 2706 466 2750 dies
488 2707 627 2763 (idest,
651 2709 888 2750 monitionis
922 2706 1132 2762 peractae)
1153 2719 1201 2748 ue
1224 2710 1487 2761 computatur
1510 2710 1545 2746 ot
1572 2710 1731 2760 tempus

106 2778 274 2821 finiatur
306 2776 470 2834 expleto
504 2777 649 2821 ultimo
672 2778 739 2822 die
762 2777 946 2821 eiusdem
974 2778 1134 2819 numeri
1159 2791 1179 2817 ))
1203 2775 1311 2833 (can.
1335 2775 1402 2823 234,
1420 2777 1446 2831 (ξ
1471 2776 1508 2827 3,
1533 2774 1571 2816 10
1596 2779 1631 2817 et
1652 2774 1728 2824 35⁰).

105 2930 139 2964 D
223 2883 305 2965 lfL.
332 2884 365 2927 l,
394 2882 458 2917 tit.
485 2882 607 2926 XVII,
636 2883 721 2917 Lib.
752 2883 794 2921 L,
821 2883 867 2916 D.
898 2903 941 2907 —
968 2883 980 2903 ²
1008 2881 1122 2916 Cone.
1157 2880 1261 2915 Trid.
1298 2892 1378 2924 cap.
1408 2880 1440 2922 3,
1481 2891 1572 2912 sess.
1604 2878 1728 2919 XXV,

143 2941 162 2963 e
188 2941 230 2965 re
251 2957 258 2964 .
