1950 3313
653 119 736 153 Tm
767 119 796 152 1.
827 139 836 144 -
865 118 920 153 De
946 120 1090 162 lcyibus
1116 121 1240 154 eccles.
1712 120 1758 153 85

134 241 342 282 communi
377 239 600 287 societatis,
633 238 869 280 extenditur
903 252 1067 295 qnoque
1101 239 1150 281 ad
1176 243 1341 281 actuum
1379 241 1647 281 irritationem
1685 253 1756 294 pro

133 308 307 364 singulis
338 307 525 352 subditis.
563 307 675 350 Hanc
711 312 952 363 potestatem
992 314 1158 351 exercet
1200 309 1422 365 legislator,
1446 309 1612 366 quando
1647 308 1757 351 iubet

137 379 198 422 vel
233 379 376 422 saltem
413 380 624 434 permittit,
644 384 760 421 actus
783 384 924 421 contra
958 392 1156 422 canonem
1187 379 1247 422 rel
1283 379 1403 422 aliam
1441 380 1570 435 legem
1609 382 1759 435 positos

136 450 311 493 rescindi
347 462 463 505 posse
496 462 566 491 seu
611 448 832 500 annullari,
868 463 1082 504 personam
1131 449 1352 493 inhabilem
1390 452 1474 492 lieri
1520 455 1587 493 aut
1622 450 1756 492 decla-

135 521 305 563 randam
330 532 430 562 esse.
458 518 528 562 His
554 521 590 561 in
615 519 780 562 casibus
802 524 918 562 actus
943 519 996 561 illi
1026 519 1085 562 vel
1111 521 1162 563 ab
1195 520 1428 563 huiusmodi
1458 533 1629 575 persona
1664 524 1759 562 sunt

134 591 271 638 validi,
297 602 511 647 usquequo
547 592 849 632 interveniente
873 588 1095 633 ([)rdinario
1124 590 1184 633 vel
1223 590 1357 633 iudice
1389 591 1438 633 ad
1465 593 1634 633 canonis
1669 604 1757 632 nor·

135 674 257 708 mam,
284 660 347 703 lex
383 660 449 703 illa
490 659 635 703 iubens
670 659 733 702 vel
770 662 1010 715 permittens
1043 662 1233 704 etl'ectum
1278 663 1484 708 sortiatur,
1528 661 1755 703 secundum

135 731 231 774 illud
269 730 403 774 lnnoc.
440 730 489 773 ΙΙΙ
522 731 563 774 ¹:
615 731 759 773 «Cum
806 730 932 773 multa
976 745 1046 786 per
1092 734 1328 786 patientiam
1377 732 1616 777 tolerentur,
1652 744 1757 786 quae

133 804 164 845 si
209 801 386 845 deducta
430 802 581 844 tuerint
632 803 668 843 in
716 801 928 850 iudicium,
964 804 1156 857 exigente
1191 804 1341 844 iustitia
1378 815 1453 844 non
1489 801 1662 843 debcant
1699 806 1755 843 to-

135 873 317 916 lerari».
353 899 404 903 —
440 873 517 916 Sed
553 872 604 915 ob
640 871 823 928 regulam
859 875 1025 915 citatam
1067 875 1253 929 sequitur
1291 886 1489 915 canonem
1531 873 1571 914 11
1613 877 1759 927 aptan-

133 945 231 987 dum
256 958 344 987 esse
367 957 532 1001 quoque
568 943 727 999 legibus
749 945 859 986 circa
885 948 1000 986 actus
1034 943 1407 986 rescindibilest-rel
1438 945 1545 986 circa
1569 942 1756 985 innabili—

132 1015 278 1058 tandas
303 1027 511 1071 personas,
537 1017 669 1070 prouti
697 1014 772 1057 liae
797 1013 908 1069 leges
930 1013 1006 1057 sub
1031 1014 1287 1057 irritantibus
1309 1019 1379 1056 ant
1404 1013 1759 1056 inti-abitttantitms

135 1086 333 1142 implicite
366 1088 640 1128 continentur.

253 1157 319 1200 68.
357 1157 563 1208 Quinam
588 1158 634 1200 in
659 1169 843 1212 genere
866 1160 1074 1202 subsunt
1099 1159 1346 1202 Ecclesiae
1379 1158 1585 1212 legibus,
1619 1168 1761 1196 eruen-

134 1228 232 1271 dum
267 1233 325 1270 est
362 1229 508 1283 partim
544 1240 592 1269 ex
632 1229 719 1270 iure
753 1227 910 1277 divino,
946 1229 1092 1283 partim
1128 1241 1176 1269 ex
1213 1226 1379 1269 humani
1417 1225 1661 1281 legislatoris
1698 1238 1762 1266 xo-

135 1299 303 1342 luntate.
340 1297 398 1341 Ex
437 1297 504 1340 ille
541 1300 627 1340 iure
664 1300 714 1340 ita
751 1298 917 1340 tundata
943 1303 1000 1340 est
1028 1297 1223 1342 Ecclesia.
1260 1303 1299 1340 ut
1333 1298 1517 1340 eiusdem
1554 1298 1761 1351 ingressus

138 1374 271 1426 pateat
299 1368 532 1412 veientibus
567 1367 819 1424 baptismum
846 1370 1046 1424 recipere,
1070 1369 1178 1425 qnod
1214 1372 1517 1411 sacramentnm
1550 1369 1667 1409 ianua
1702 1370 1761 1408 est

136 1441 257 1484 huius
280 1440 428 1483 domus
465 1439 533 1482 Dei
556 1457 563 1482 :
598 1441 658 1482 eis
685 1452 782 1482 vero
815 1441 883 1496 qui
910 1439 1021 1482 nullo
1048 1440 1168 1481 modo
1194 1444 1436 1494 receperunt
1471 1438 1669 1493 baptisma
1699 1436 1760 1478 rel

135 1525 213 1554 non
253 1511 403 1564 valide,
436 1511 615 1567 aptanda
660 1516 752 1553 sunt
788 1510 971 1566 Apostoli
1009 1510 1162 1554 verba:
1202 1526 1220 1549 «
1246 1508 1352 1562 Quid
1391 1509 1487 1551 milii
1523 1508 1572 1551 de
1607 1510 1653 1549 iis
1691 1509 1759 1563 qui

136 1584 234 1625 soris
267 1586 362 1624 sunt
396 1581 617 1624 iudicare?
643 1597 662 1621 ))
703 1582 716 1603 ²
752 1581 882 1624 idest:
918 1581 967 1624 ad
1006 1595 1069 1624 me
1103 1594 1179 1623 non
1215 1583 1371 1623 attinet.
1403 1579 1502 1623 Cum
1534 1593 1629 1621 vero
1664 1578 1764 1620 iudi-

136 1654 244 1696 cium
280 1654 469 1695 exerceri
507 1655 632 1707 possit
667 1654 704 1694 in
740 1664 786 1694 ea
821 1654 1029 1703 societate,
1063 1664 1170 1708 qnae
1206 1651 1316 1707 leges
1350 1652 1440 1697 fert,
1474 1652 1660 1706 sequitur
1693 1647 1764 1691 Ec-

136 1723 302 1767 clesiam
330 1736 407 1765 non
434 1722 618 1778 gaudere
653 1722 883 1778 legislativa
921 1727 1118 1778 potestate
1154 1725 1190 1764 in
1226 1735 1308 1772 ees,
1332 1723 1399 1778 qui
1435 1726 1548 1764 extra
1583 1733 1670 1762 eam
1708 1721 1763 1760 in—

140 1796 373 1836 veniuntur.
408 1793 526 1848 Quod
553 1795 752 1836 asseritur
775 1795 896 1835 etiam
923 1793 974 1836 ab
1010 1793 1143 1835 lnnoc.
1172 1792 1218 1834 ΙΙΙ
1256 1795 1292 1834 in
1318 1806 1405 1847 cap.
1438 1807 1456 1831 «
1481 1789 1718 1833 (iamtemus
1738 1805 1756 1829 »

137 1866 160 1907 8
195 1866 245 1908 de
279 1865 471 1907 divortiis
505 1862 590 1921 (lV,
631 1863 726 1920 19):
767 1879 786 1903 «
811 1866 879 1920 qui
922 1863 1110 1920 (pagani)
1152 1861 1512 1906 constitutionibus
1553 1862 1762 1904 canonicis

137 1948 214 1978 non
249 1939 462 1978 arctantur
495 1934 611 1991 (quid
657 1937 766 1977 enim
801 1934 850 1976 ad
897 1948 981 1989 nos,
1016 1934 1245 1977 secundnm
1282 1932 1522 1989 Apostolum
1567 1932 1758 1982 eundem,

135 2006 185 2049 de
221 2006 295 2059 liis,
320 2018 426 2062 quae
451 2006 548 2048 soris
570 2010 675 2051 sunt.
714 2004 946 2061 iudicare?)
972 2021 1009 2045 )).
1048 2004 1172 2061 ldque
1206 2004 1256 2047 de
1285 2003 1594 2047 catechumenis
1626 2001 1761 2044 adhuc

139 2077 258 2120 valet.
293 2103 350 2107 —
386 2076 604 2132 Propterea
644 2079 701 2119 sic
738 2078 877 2132 incipit
928 2075 1098 2132 loquens
1132 2077 1324 2131 negative
1357 2088 1447 2116 can.
1485 2077 1549 2116 13.
1586 2071 1761 2128 Leuibus

135 2147 387 2205 quibuslibet
428 2161 538 2189 mere
579 2146 891 2192 ecelesiasticis,
928 2146 1057 2189 idest:
1110 2149 1146 2188 in
1195 2151 1394 2202 quantum
1430 2144 1639 2200 obligandi
1678 2145 1758 2184 vnn

136 2231 184 2261 ex
219 2217 303 2261 sola
338 2217 617 2261 ecelesiastica
654 2221 853 2273 potestate
887 2217 1078 2259 derivant
1113 2216 1284 2265 directe,
1318 2215 1436 2258 aliter
1468 2217 1576 2257 enim
1611 2218 1669 2256 est
1704 2226 1761 2255 as-

135 2289 356 2332 serendum
391 2288 442 2331 de
476 2288 742 2344 obligatione,
767 2300 873 2344 quae
906 2300 955 2330 ex
982 2289 1068 2329 iure
1092 2287 1225 2330 altiori
1250 2286 1432 2329 dimanat
1460 2288 1569 2328 iuxta
1594 2285 1760 2326 distinc-

136 2361 288 2402 tionem
324 2372 529 2402 canonum
573 2359 648 2402 sub
695 2360 960 2414 inscriptione
1006 2360 1192 2414 positam,
1234 2370 1311 2399 non
1357 2362 1551 2398 tenentur
1593 2355 1761 2410 obligati

137 2429 208 2486 qui
239 2429 279 2486 a)
315 2429 565 2487 baptismum
600 2429 650 2472 de
686 2430 793 2472 facto
831 2433 901 2471 aut
937 2428 1071 2471 valide
1116 2442 1193 2470 non
1231 2432 1499 2484 receperunt:
1531 2426 1664 2483 quoad
1702 2427 1762 2467 ius

140 2513 237 2542 vero
260 2499 448 2542 divinum
476 2502 697 2556 positivum
733 2512 827 2541 cum
862 2501 910 2541 sit
946 2511 966 2541 a
1003 2498 1084 2541 Deo
1121 2512 1191 2554 pro
1225 2497 1416 2540 omnibus
1441 2496 1760 2552 pronmlgatum,

137 2574 353 2613 noscentes
375 2571 629 2613 sufficienter
654 2569 752 2612 illud
793 2569 1044 2625 obligantur,
1079 2574 1245 2624 propter
1268 2568 1375 2624 (μιοιῖ
1400 2580 1577 2623 sequens
1599 2569 1761 2621 aptatur

136 2639 319 2684 clausula
356 2654 432 2682 non
470 2643 605 2683 minus
639 2643 716 2683 iuri
751 2640 893 2682 divino
926 2652 1049 2696 quam
1086 2639 1245 2695 legibus
1277 2638 1579 2683 ecclesiasticis,
1614 2635 1762 2691 quibus

136 2725 209 2753 nec
245 2710 378 2754 valide
411 2710 614 2767 baptizati
653 2715 931 2753 «tenentur»
971 2710 1042 2766 qui
1088 2708 1309 2766 sufficienti
1357 2707 1537 2749 rationis
1587 2721 1660 2748 usu
1709 2706 1757 2748 ad

255 2817 264 2837 ¹
292 2815 370 2860 Cap
420 2832 432 2845 α
453 2816 550 2850 Cum
576 2816 651 2849 iam
679 2814 826 2848 dudum
846 2827 862 2845 ›>
910 2814 949 2848 18
975 2814 1020 2847 de
1049 2813 1278 2858 praebendis
1304 2820 1343 2846 et
1372 2811 1650 2856 dignitatibus,
1694 2811 1756 2844 tit.

137 2864 182 2906 V,
211 2863 295 2897 Lib.
322 2863 392 2897 111.
422 2883 466 2887 —-
492 2863 504 2884 2
531 2862 547 2895 I
574 2861 620 2895 ad
649 2861 828 2895 Corinth.
859 2861 902 2903 V,
937 2863 986 2894 12.
