1950 3313
196 162 262 195 146
657 160 741 193 L113.
775 160 815 193 V.
845 180 857 184 -
884 159 995 194 PARS
1020 160 1071 194 II.
1101 180 1114 187 ·
1139 161 1197 196 De
1215 165 1354 207 poenis
1491 161 1585 197 Can.
1610 162 1819 199 2269-2220

195 292 214 322 a
249 279 354 322 Sede
387 277 859 335 Apostolicaemanata,
891 278 962 320 sed
1009 272 1132 322 etiam
1177 278 1228 323 ab
1260 277 1495 324 Ordinariis
1528 280 1816 338 promulgata,

168 349 414 392 --mandante
447 349 655 404 episcopo,
679 360 700 390 a
725 347 986 404 regularibus
1019 351 1058 391 in
1092 363 1234 393 eorum
1269 350 1455 394 ecclesiis
1490 351 1819 408 promulgentur,

192 425 314 476 atque
347 422 566 462 serventur
587 433 627 459 ».
648 416 766 471 Quod
804 424 1059 475 postremum
1084 422 1121 463 in
1146 433 1304 464 canone
1336 421 1523 465 absolute
1555 420 1734 465 iubetur.
1758 421 1819 465 Ex

192 493 279 532 iure
312 494 449 532 autem
501 491 630 532 veteri
678 490 854 533 sufficiat
887 489 1014 534 Clem.
1050 490 1070 533 1
1112 507 1134 532 (‹
1157 491 1208 534 de
1240 494 1442 535 sententia
1482 494 1818 536 excommunica-

190 563 323 613 tionis,
358 562 640 616 suspensionis
672 565 712 603 et
744 561 1015 617 interdicti»,
1049 574 1155 619 quae
1187 565 1369 606 continet
1400 562 1554 606 abusus
1592 565 1821 606 contrarios

190 636 228 673 et
261 633 461 673 rationem
497 633 754 688 praescripti.
788 631 868 675 Sic.
903 631 1030 676 Clem.
1058 631 1088 674 V
1112 635 1150 675 iu
1174 631 1296 677 Cone.
1321 632 1568 678 Viennensi:
1608 633 1710 685 «⁴Ex
1747 635 1821 677 sre-

189 700 411 758 quentibus
446 700 726 745 Praelatorum
775 702 956 759 querelis
1003 705 1242 760 accepimus
1274 709 1313 747 et
1347 717 1419 747 nos
1453 706 1528 761 ipsi
1563 706 1819 760 experientia

190 776 301 815 certa
336 771 605 828 probavimus
629 774 667 815 in
694 772 923 816 minoribus
955 776 1179 829 constituti,
1213 775 1322 832 quod
1360 774 1604 833 plerumque
1638 774 1819 831 religiosi

192 856 301 886 nunc
336 848 522 899 patenter
554 843 891 887 excusationibus
924 845 1070 888 fucatis
1102 850 1140 888 et
1173 845 1331 889 frivolis
1364 848 1598 901 innitentes,
1622 859 1730 890 nunc
1764 845 1819 889 la-

191 918 324 957 tenter
366 913 637 957 ecclesiarum
681 927 850 958 suarum
896 917 1028 958 ianuis
1070 916 1302 972 perforatis,
1336 921 1406 959 aut
1439 918 1477 959 in
1512 919 1570 959 eis
1612 917 1731 960 factis
1764 918 1819 959 fe-

192 987 353 1040 nestris,
386 998 458 1028 seu
494 985 626 1028 modis
658 985 748 1028 aliis
781 987 998 1042 exquisitis
1030 999 1108 1029 non
1143 985 1300 1044 absque
1333 987 1484 1030 damno
1517 987 1821 1031 cathedralium

190 1060 229 1099 et
264 1056 562 1113 parochialium
602 1056 872 1100 ecclesiarum
908 1061 948 1100 et
980 1057 1176 1101 scandalo
1221 1057 1510 1115 plurimorum,
1544 1058 1821 1115 dirumpendo

189 1141 366 1171 nervum
410 1128 714 1171 ecclesiasticae
758 1128 1015 1185 disciplinae,
1049 1131 1280 1181 civitatum,
1315 1134 1536 1183 terrarum,
1571 1135 1610 1173 et
1643 1129 1819 1173 aliorum

190 1198 375 1242 locorum
400 1199 609 1255 generalia
634 1199 853 1242 interdicta
878 1203 1212 1256 praesumptione
1245 1199 1472 1244 damnabili
1509 1200 1664 1244 violare
1701 1213 1816 1257 prae-

190 1274 370 1314 sumunt.
406 1295 461 1300 -
494 1268 576 1312 Nos
610 1271 736 1326 igitur
769 1272 808 1312 in
842 1275 981 1313 sancta
1018 1270 1089 1314 Dei
1123 1270 1321 1325 Ecclesia,
1354 1273 1419 1314 cui
1465 1271 1707 1327 disponente
1742 1270 1820 1313 Do·

195 1342 304 1383 mino
349 1340 646 1396 praesidemus,
681 1352 788 1398 quae
830 1341 997 1398 quidem
1042 1343 1163 1385 unica
1197 1346 1269 1396 est,
1305 1346 1342 1385 et
1378 1355 1504 1385 unum
1540 1341 1670 1385 Deum
1707 1354 1821 1399 prae-

191 1411 302 1454 dicat
333 1415 457 1468 atque
489 1410 599 1465 colit,
624 1423 748 1454 unam
784 1411 906 1454 fidem
944 1413 1117 1455 tirmiter
1140 1417 1179 1455 et
1201 1412 1446 1469 simpliciter
1478 1413 1712 1466 confitetur,
1733 1414 1821 1455 uui-

194 1482 444 1525 formitatem
463 1484 680 1539 (quantum
704 1483 923 1525 commode
949 1488 1179 1539 possumus)
1203 1495 1454 1526 conservare
1479 1483 1685 1526 volentes:
1711 1485 1822 1526 circa

195 1553 508 1596 interdictorum
543 1552 850 1596 observantiam
888 1554 1192 1609 praedictorum
1228 1556 1473 1598 auctoritate
1505 1554 1622 1598 Sedis
1655 1553 1824 1610 Aplcae.

197 1624 259 1667 vel
295 1637 315 1667 a
351 1624 535 1667 locorum
569 1621 804 1667 Ordinariis
838 1627 1064 1680 positorum
1098 1625 1149 1668 de
1182 1626 1354 1668 fratrum
1385 1630 1619 1668 nostrorum
1653 1625 1825 1668 consilio

195 1695 380 1739 districte
405 1695 696 1751 praecipiendo
722 1695 986 1739 mandamus:
1021 1701 1225 1753 quatenus
1260 1696 1438 1752 religiosi
1464 1700 1718 1753 quicumque
1741 1700 1825 1739 tam

193 1768 374 1822 exempti
408 1778 532 1823 quam
568 1779 647 1809 non
681 1768 862 1822 exempti
886 1769 1188 1824 cuiuscumque
1222 1767 1378 1810 ordinis
1402 1773 1441 1810 et
1463 1767 1711 1810 conditionis
1744 1769 1825 1810 exi-

193 1842 315 1891 stant,
348 1851 443 1880 cum
477 1836 760 1880 cathedralem
796 1838 860 1880 vel
897 1840 1110 1882 matricem
1131 1838 1220 1895 (seu
1257 1837 1554 1895 parochialem)
1581 1838 1657 1882 loci
1693 1838 1825 1882 eccle-

193 1910 297 1951 siam
331 1908 396 1951 illa
435 1908 614 1951 viderint
647 1913 716 1951 aut
748 1911 949 1952 sciverint
980 1908 1205 1953 observare
1230 1909 1328 1967 (non
1363 1909 1621 1953 obstantibus
1654 1908 1824 1967 quibus-

195 1992 375 2037 cumque
408 1978 796 2035 appellationibus..
831 1984 871 2022 et
904 1979 994 2023 aliis
1027 1979 1258 2023 obiectibus
1289 1980 1640 2038 quibuscumque)
1667 1980 1824 2038 absque

196 2050 290 2093 dolo
323 2057 364 2093 et
397 2050 543 2093 fraude
575 2063 667 2093 cum
704 2051 987 2094 moderatione
1020 2056 1157 2094 tamen
1192 2051 1412 2094 decretalis
1437 2059 1459 2074 “
1485 2051 1603 2094 Alma
1630 2050 1667 2104 '',
1692 2053 1823 2094 invio-

198 2120 375 2164 labiliter
407 2118 691 2163 observent».
724 2119 853 2164 Citata
888 2121 1109 2164 decretalis
1146 2137 1166 2162 ((
1190 2121 1310 2164 Alma
1333 2137 1354 2162 ))
1394 2123 1431 2164 in
1466 2134 1556 2165 can.
1589 2134 1672 2179 seq.
1710 2124 1824 2165 inve-

198 2194 309 2235 nitur
340 2196 519 2234 servata.

319 2261 386 2303 98.
422 2262 668 2306 interdicti
701 2263 874 2307 localis
906 2263 1174 2318 prohibitio
1205 2263 1439 2307 limitatur
1466 2262 1600 2318 quoad
1635 2274 1751 2306 sacra
1787 2267 1826 2306 et

200 2331 300 2375 dies
339 2330 438 2373 Can.
462 2333 602 2374 2270.
635 2330 663 2388 ξ
697 2334 730 2374 1.
757 2330 1032 2374 Interdictum
1065 2330 1198 2374 locale
1232 2334 1269 2374 in
1302 2345 1391 2375 can.
1418 2332 1545 2386 2268,
1579 2335 1603 2386 ἓ
1638 2333 1660 2375 Q
1695 2333 1828 2376 decla-

201 2406 348 2455 ratum,
383 2401 468 2444 sive
497 2401 696 2457 [fenerate
728 2402 814 2444 sice
843 2401 1110 2459 particulare
1144 2404 1255 2445 iuxta
1292 2402 1474 2446 locorum
1511 2403 1826 2447 interdictorum

198 2471 514 2528 amplitudinem
549 2472 599 2515 ad
633 2484 822 2515 normam
857 2485 944 2515 cau.
973 2473 1101 2527 2269,
1125 2474 1147 2527 ξ
1174 2473 1209 2526 l,
1235 2486 1314 2515 non
1347 2478 1474 2524 vetat,
1496 2487 1569 2517 seu
1604 2487 1681 2517 non
1717 2487 1828 2517 com-

202 2541 420 2599 prehendit
452 2542 528 2586 sub
568 2542 843 2598 prohibitione
888 2557 985 2586 usus
1028 2555 1240 2586 sacrorum
1276 2543 1548 2587 morientibus
1581 2547 1638 2588 sic
1676 2547 1830 2588 vocatis

201 2626 252 2656 ex
286 2615 430 2656 mortis
464 2613 647 2669 periculo
695 2618 808 2657 certo
858 2613 1083 2667 moraliter,
1119 2613 1407 2667 Sacramenta,
1451 2617 1576 2658 etiam
1609 2616 1827 2658 confirma-

199 2686 335 2738 tionis,
368 2686 609 2740 praesertim
647 2687 937 2740 poenitentiae,
971 2686 1277 2727 communionis
1309 2685 1359 2728 ad
1396 2686 1562 2729 modum
1600 2684 1745 2728 Viatici
1779 2698 1827 2729 ac

203 2759 415 2798 extremae
446 2757 663 2810 unctionis,
697 2760 736 2797 et
768 2754 1122 2804 Sacramentalia,
1156 2769 1194 2797 v.
1215 2769 1275 2811 gr.
1312 2756 1609 2812 indulgentiam
1648 2755 1752 2812 plen.
1788 2758 1826 2799 in

202 2824 376 2869 articulo
420 2827 576 2879 mortis,
610 2825 789 2868 servatis
821 2825 1041 2869 servandis
1074 2829 1195 2870 etiam
1231 2827 1364 2883 quoad
1412 2829 1513 2870 ritus
1545 2832 1584 2870 et
1616 2840 1827 2870 coeremo-
