1950 3313
96 161 142 195 58
559 157 644 190 Lm.
674 156 718 189 V.
748 175 760 180 -
786 154 898 188 PARS
924 154 974 188 Π.
1004 173 1016 179 -
1043 153 1100 188 Dc
1123 156 1257 198 poenis
1402 152 1495 188 Can.
1521 152 1725 187 2220-2222

98 294 207 333 euni,
244 292 320 321 non
357 277 479 319 nabet
511 275 562 318 ol)
597 275 701 317 lianc
733 273 773 330 §i
809 278 962 329 praec.⁸
995 272 1284 316 limitationem
1323 277 1572 330 potestatem
1614 271 1727 329 infli-

95 349 238 408 yena‘i,
273 351 361 391 sive
395 346 654 390 adnectendo
685 358 844 401 poenas
869 343 1158 387 medicinalem
1183 348 1252 387 aut
1279 343 1576 386 vindicativam
1611 354 1728 398 prae-

99 426 216 477 cepto
253 418 524 461 incurrendas
558 419 644 472 ipso
679 416 801 469 facto,
824 417 913 458 sive
938 414 1040 471 legis
1062 416 1433 470 transgressionem
1464 412 1601 469 aliqua
1625 415 1729 455 iusta

100 505 227 548 poena
264 489 470 546 puniendo
509 491 545 529 vi
580 493 684 544 seq.⁵
718 499 808 530 can.
845 486 971 538 2222,
1003 486 1031 544 ξ
1069 487 1102 529 l.

218 562 284 604 239.
323 561 646 616 Legislatoris
670 559 992 604 ecclesiastici
1016 560 1241 614 potestas
1264 558 1490 602 coactiva
1508 554 1731 611 ampliatur

102 636 137 675 in
174 647 263 674 can.
298 633 430 676 9991.
457 629 775 687 Leyt'slativam,
808 642 879 671 seu
910 628 1022 684 leges
1057 630 1221 684 proprie
1256 627 1387 670 dictas
1410 626 1566 670 ferendi
1592 625 1640 668 ad
1669 638 1729 668 re-

103 706 238 760 gimen
291 704 328 744 in
378 701 563 744 Ecclesia
608 699 804 742 habentes
848 701 1057 742 obtentam
1091 698 1451 755 qualitercumque
1478 701 1728 754 potestatem

102 777 191 817 sive
224 776 382 816 ratione
417 773 612 815 territorii
657 773 747 814 sive
792 772 949 813 ratione
995 781 1277 825 personarum.
1313 768 1355 810 ln
1390 780 1547 811 canone
1579 767 1732 810 dicitur

103 845 211 902 quod
248 844 286 887 lii
319 848 496 901 possunt
533 845 568 884 vi
605 842 790 885 eiusdem
826 841 943 883 intra
976 839 1132 883 limites
1164 853 1267 881 snae
1299 838 1627 891 iurisdictionis,
1662 840 1731 895 qui

105 917 310 959 territorio
348 913 410 957 vel
455 915 641 970 personis
684 912 842 955 deliniti
881 915 974 954 sunt
1007 923 1055 953 ac
1090 912 1247 953 ratione
1280 909 1444 962 obiecti,
1468 922 1551 952 non
1583 907 1733 962 solnm,

102 988 197 1044 quia
231 985 399 1043 sequela
433 997 523 1028 can.
560 989 726 1039 praec.⁵,
751 982 881 1039 leyem
916 995 940 1023 a
973 995 1016 1023 se
1047 983 1162 1036 prius
1196 983 1439 1034 institutam,
1462 979 1525 1022 vel
1548 994 1573 1021 a
1596 979 1731 1022 deces-

103 1056 267 1100 soribus
301 1059 338 1099 in
372 1069 548 1114 quorum
586 1057 647 1097 ius
680 1057 971 1097 successerunt
1005 1051 1155 1105 latam,
1188 1050 1260 1094 secl
1297 1050 1439 1105 etiam,
1473 1055 1653 1093 attamen
1688 1049 1734 1093 ob

100 1127 340 1187 peculiaria
374 1140 517 1169 rernm
549 1125 766 1181 adiuncta,
800 1138 920 1168 secus
964 1126 1183 1166 innuerent
1226 1122 1467 1165 deficientes
1500 1134 1589 1164 esse
1623 1120 1736 1177 leges

105 1202 144 1242 in
170 1199 245 1242 hac
272 1202 399 1254 parte,
424 1210 599 1255 quarum
627 1196 827 1239 iudicium
863 1208 987 1252 penes
1019 1197 1127 1251 ipsos
1161 1207 1239 1236 non
1269 1197 1341 1247 est,
1367 1192 1496 1249 legem
1521 1198 1605 1234 tam
1629 1190 1733 1234 divi-

99 1277 215 1320 'nam‚
250 1270 356 1313 idest
377 1269 579 1312 divinitus
609 1267 927 1323 promulgatam,
951 1279 1075 1323 qnam
1099 1264 1444 1318 eeclesiasticam,
1465 1262 1624 1307 sciticet
1646 1265 1735 1306 sive

107 1340 343 1398 generalem
377 1342 467 1383 sive
502 1339 753 1396 peculiarem
789 1338 881 1390 loci,
915 1352 939 1379 a
973 1336 1192 1394 superiore
1226 1339 1415 1391 respectu
1442 1336 1631 1390 propriae
1660 1347 1734 1391 po-

110 1418 258 1455 testate
291 1411 421 1453 latam
457 1423 551 1453 cum
588 1408 934 1466 promulgatione,
969 1407 1011 1450 in
1049 1406 1267 1449 territorio
1300 1405 1517 1462 viyentem,
1552 1418 1672 1448 secus
1702 1406 1736 1447 si

108 1482 361 1527 obsoleverit
398 1481 460 1524 vel
495 1485 688 1524 revocata
725 1480 861 1533 fuerit,
897 1492 1083 1535 eonyraa
1112 1491 1263 1534 poena,
1306 1476 1383 1519 sul)
1424 1475 1660 1519 conditione
1695 1479 1738 1518 ut

113 1558 349 1597 «servetur
382 1564 513 1610 aequa
549 1553 759 1608 proportio
792 1564 885 1594 cum
920 1549 1085 1603 delicto,
1119 1548 1258 1592 habita
1294 1550 1461 1591 ratione·
1486 1545 1737 1603 imputabili-

110 1627 215 1678 tatis,
249 1623 432 1667 scandali
467 1629 506 1666 et
539 1623 724 1665 damni»
765 1622 872 1679 (can.
909 1620 1037 1671 2218,
1069 1618 1097 1677 ξ
1131 1623 1189 1675 t),
1222 1618 1400 1672 niitnire,
1435 1622 1638 1675 quatenus
1672 1617 1736 1660 lex

110 1698 160 1738 sit
193 1697 348 1752 absque
382 1696 608 1748 sanctione,
642 1706 688 1736 ac
722 1694 781 1736 sic
816 1696 1046 1735 mutaretur
1068 1692 1340 1746 transgressio
1365 1691 1403 1731 in
1428 1688 1641 1742 delictum,
1665 1693 1738 1730 ant

108 1779 284 1823 poenam
328 1765 417 1822 leffe
464 1765 609 1808 eadem
659 1765 874 1820 superiore
922 1766 1127 1804 statutam
1169 1773 1419 1817 ayglravare,
1457 1773 1493 1800 v.
1528 1773 1589 1815 gr.
1624 1760 1739 1801 utsii

111 1850 189 1880 non
215 1837 408 1880 ferendae
442 1837 511 1879 sed
549 1835 653 1878 latae
677 1836 919 1887 sententiae,
947 1832 1009 1876 vel
1034 1832 1211 1888 amplior
1235 1832 1485 1874 decernatur
1509 1832 1738 1886 suspensio.

229 1909 296 1951 40.
332 1909 611 1964 Superioris
645 1906 968 1952 ecclesiastici
1002 1906 1229 1950 coactiva
1255 1906 1480 1959 potestas
1503 1900 1740 1944 extenditur

112 1982 150 2022 in
176 1994 265 2021 ean.
290 1981 428 2023 9999.
454 1980 478 2032 ἓ
502 1981 538 2021 1.
563 1977 678 2020 Licet
702 1976 771 2019 lex
796 1978 959 2033 propria
998 1976 1061 2017 vel
1099 1987 1170 2030 per
1203 1975 1459 2029 superiorem
1497 1976 1737 2028 potestatem

112 2051 191 2093 lata
227 2049 387 2092 nnllam
423 2061 578 2105 poenae
611 2048 870 2091 sanctionem
909 2045 1147 2103 appositam
1187 2047 1224 2086 in
1259 2046 1348 2087 eius
1383 2043 1445 2086 vel
1480 2042 1650 2085 alterius
1682 2047 1739 2084 te-

114 2135 212 2164 nore
246 2120 410 2173 habeat,
447 2120 556 2163 unde
591 2122 718 2175 ipsius
752 2119 1025 2173 transgressio
1050 2129 1128 2158 non
1153 2117 1423 2158 constitueret
1453 2113 1649 2156 delictum
1675 2125 1740 2155 ec·

112 2191 404 2243 clesiasticum,
439 2189 653 2247 leqitintas
693 2194 830 2231 tamen
877 2186 1092 2243 Superior,
1133 2186 1259 2229 idest:
1305 2187 1381 2227 rite
1415 2187 1661 2227 constitutus
1694 2195 1741 2226 ac

114 2266 311 2318 potestate
334 2263 523 2304 coactiva
548 2259 773 2316 praeditus,
795 2263 931 2316 potest
958 2259 994 2298 vi
1021 2257 1143 2299 liuius
1161 2257 1330 2299 canonis
1349 2253 1600 2297 declaratam
1624 2252 1741 2295 iltius

115 2333 216 2388 legis
249 2331 627 2389 transgressionem
652 2329 774 2372 liuius
796 2329 1022 2372 alteriusve
1045 2326 1214 2380 subditi,
1237 2338 1344 2383 quae
1368 2325 1540 2381 proinde
1569 2338 1647 2367 non
1674 2324 1743 2366 liet

113 2403 324 2451 delictum,
345 2402 472 2444 etiam
495 2401 586 2443 sine
606 2400 783 2458 praevia
803 2412 963 2457 poenae
987 2398 1235 2454 infligendae
1259 2395 1593 2449 comminatione,
1619 2399 1742 2451 atque

116 2477 152 2516 in
187 2473 263 2516 lioc
296 2476 370 2516 sita
395 2478 454 2515 est
479 2471 690 2528 ampliatio
726 2472 937 2527 potestatis
966 2471 1195 2523 coactivae,
1219 2470 1313 2524 quia
1340 2466 1403 2509 lex
1432 2465 1614 2522 poenalis
1640 2465 1743 2508 lianc

113 2547 478 2588 comminationem
512 2543 750 2586 secumsert.
776 2540 924 2598 aliqua
947 2540 1060 2583 insta
1084 2553 1155 2582 seu
1180 2542 1489 2594 proportionata
1514 2542 1740 2593 transgres-

115 2617 216 2657 sioni
249 2628 383 2672 poena
421 2613 674 2656 vindicativa
705 2611 877 2670 punire,
908 2623 1017 2671 quae¹
1048 2609 1221 2652 facultas
1254 2608 1498 2651 conceditur
1534 2607 1611 2650 sul)
1644 2606 1742 2649 alte-

119 2691 230 2728 rutra
264 2699 312 2727 ex
348 2683 618 2741 sequentibus
651 2681 971 2735 conditionibus,
1007 2680 1044 2723 si
1076 2679 1116 2736 a)
1151 2677 1398 2722 scandalum
1432 2692 1481 2721 ex
1517 2678 1584 2720 illa
1617 2682 1744 2720 trans-

118 2757 328 2811 gressione
367 2753 479 2811 forte
523 2758 689 2810 propter
736 2753 859 2796 huius
906 2750 1188 2809 publicitatem
1236 2748 1396 2799 (latam,
1432 2748 1688 2804 proindeque
1722 2759 1743 2789 a

118 2825 448 2882 transgrediente
484 2826 733 2880 proveniens
768 2823 882 2876 illud,
916 2827 989 2864 ant
1029 2820 1070 2877 b)
1109 2819 1307 2877 specialis
1356 2824 1522 2875 propter
1570 2820 1745 2861 circum-

117 2899 286 2939 stantias
307 2894 660 2952 transyressionis
675 2893 869 2951 qramtas
882 2893 1070 2945 adaucta,
1086 2890 1267 2934 conditio
1286 2890 1483 2934 alterutra
1503 2887 1561 2942 id,
1576 2901 1741 2943 nempe:
