1950 3313
164 155 233 188 204
535 153 617 185 Lm.
640 153 685 186 V.
707 173 718 177 -
738 152 848 186 PARS
866 152 938 185 111.
960 171 975 178 -
995 152 1051 186 De
1067 154 1202 196 poenis
1219 155 1263 186 in
1280 152 1420 186 delicta
1470 150 1561 186 Can.
1589 147 1797 183 2317-‘2318

167 275 305 323 tionis,
341 286 418 315 non
455 270 658 328 posterius
691 271 1002 325 documentum,
1035 273 1112 314 nisi
1147 276 1349 328 quatenus
1385 270 1464 314 hoc
1498 269 1608 313 illam
1643 270 1795 313 contir—

167 350 262 396 met,
291 358 326 387 v.
352 357 412 399 gr.
439 346 548 385 Motu
575 355 636 398 pr.
665 357 687 383 c(
710 341 963 385 praestantia
991 342 1230 398 Scripturae
1253 342 1447 386 Sacrae»
1477 341 1532 383 Pii
1558 339 1624 383 X‘
1656 356 1678 381 ((
1700 353 1793 383 con-

165 416 366 459 tii-mantis
408 418 493 455 tum
540 411 759 455 Decretum
805 412 903 455 illud
950 411 1115 468 Congu*
1146 412 1297 456 Sacrae
1333 412 1559 468 Supremae
1593 410 1791 466 (scilicetz

168 503 189 527 «
213 483 482 528 Lamentabili
507 481 565 539 ))),
591 487 677 526 tum
713 482 887 526 Litteras
919 495 989 526 eas
1020 482 1264 540 Encyclicas
1289 482 1331 540 («
1359 482 1555 526 Pascendi
1589 481 1796 524 Dominiciv

163 558 301 613 gregis
324 555 368 611 )>)
390 553 502 611 forte
534 553 749 606 statuerit,
773 567 851 597 non
882 556 960 597 iam
994 554 1126 597 solum
1163 554 1348 597 retulerit
1384 553 1446 596 vel
1482 554 1795 596 confirmaverit

165 629 201 669 in
237 638 389 682 genere
428 637 581 681 poenas
623 626 780 682 antiqui
825 627 940 680 iuris,
976 624 1018 683 b)
1050 624 1113 668 vel
1146 639 1249 682 quas
1287 623 1560 672 Orclt'narim,
1595 628 1678 666 tum
1716 623 1796 666 loci

163 710 211 740 ex
248 700 456 750 contextu,
492 708 587 738 nam
623 697 750 752 ipsius
784 700 844 738 est
877 708 976 739 cura
1020 695 1114 738 fidei
1167 697 1475 752 magisteriique
1523 693 1791 737 ecclesiastici

162 781 259 824 erga
293 767 479 811 eiusdem
529 766 729 822 subditos,
765 769 863 824 quin
908 766 1154 810 excludatur
1202 768 1476 822 competentia
1519 784 1533 805 «
1560 766 1799 822 Superioris-

163 840 330 881 maioris
364 839 402 880 in
440 836 709 894 religionibus
731 836 995 880 clericalibus
1027 839 1231 892 exemptis
1255 853 1274 877 ›>
1299 836 1406 893 (can.
1431 837 1527 890 198,
1545 836 1573 894 ἓ
1593 834 1649 893 1),
1667 848 1799 893 quan--

163 909 397 966 (locumque
432 911 520 951 eius
564 907 754 952 subditus
786 909 845 951 sic
879 907 1115 964 deliquerit,
1146 913 1241 964 pos!
1272 907 1542 950 monitionem
1574 907 1624 949 de
1658 919 1799 949 emen—

162 980 327 1023 datione
360 983 430 1022 aut
462 979 512 1021 de
548 980 807 1035 reparatione
840 980 1115 1021 conveniente
1154 981 1306 1021 erroris
1348 978 1498 1030 danda,
1531 976 1795 1020 necessarias

162 1050 214 1094 ob
247 1049 356 1093 illius
389 1050 611 1104 defectum,
651 1049 711 1092 vel
750 1048 1082 1092 insufficientiam
1118 1051 1156 1091 in
1190 1048 1299 1092 hunc
1339 1050 1524 1105 praecise
1565 1048 1705 1102 finem,
1740 1046 1796 1090 ad

162 1119 446 1178 reparandum
481 1119 730 1162 scamlalum
764 1119 935 1162 differi!
966 1120 1194 1163 secundum
1235 1122 1322 1163 eius
1361 1120 1542 1176 prudens
1581 1119 1798 1163 iudicium.

284 1192 377 1234 155.
413 1193 789 1248 Propositiones
831 1193 1103 1236 damnatae
1144 1206 1250 1236 cum
1289 1193 1801 1237 excommunicatione·

161 1265 294 1308 latae
327 1264 619 1308 sententiae.
641 1287 693 1291 —
733 1260 858 1304 Valde
894 1261 992 1304 utile
1025 1266 1085 1304 est
1119 1274 1336 1304 recensere
1371 1260 1460 1304 illas
1493 1261 1795 1314 damnationes,

163 1336 200 1376 in
225 1333 376 1390 quibus
399 1335 778 1376 excommunicatio
804 1332 908 1376 latae
935 1334 1164 1376 sententiae
1198 1333 1271 1375 tuit
1304 1336 1468 1376 statuta.
1495 1332 1550 1375 lta
1575 1332 1799 1375 darnnatae

163 1407 349 1448 luerunt:
384 1417 403 1447 a
441 1404 573 1447 Leone
607 1403 641 1446 X
676 1418 839 1447 errores
872 1404 919 1446 41
960 1403 1122 1447 Martini
1157 1403 1310 1447 Luther
1353 1406 1390 1446 in
1430 1398 1543 1446 Bulla
1584 1403 1799 1458 «Exurge

163 1476 336 1519 Domine
362 1491 380 1516 J)
405 1475 442 1529 ²3
488 1488 509 1519 a
555 1476 622 1518 Pio
660 1474 689 1518 V
728 1489 843 1532 prop.
878 1476 932 1518 79
977 1474 1190 1519 Michaelis
1232 1476 1284 1519 du
1329 1475 1412 1532 Bay
1447 1474 1571 1532 (Baii)
1605 1477 1643 1517 in
1678 1474 1793 1517 Bulla

168 1563 187 1587 ((
212 1546 270 1590 Ex
305 1545 497 1590 omnibus
530 1546 822 1589 afflictionibus
844 1561 866 1587 ))
891 1547 928 1593 ³:
953 1559 974 1589 a
998 1545 1110 1590 Clem
1140 1545 1223 1589 Vlll
1249 1560 1364 1603 prop.
1392 1546 1407 1588 1
1439 1548 1547 1589 circa
1572 1546 1791 1588 contessio-

161 1631 255 1660 nem
280 1621 316 1660 et
341 1616 640 1660 absolutionem
669 1631 741 1673 per
765 1617 923 1660 litteras
948 1617 1012 1660 vel
1037 1619 1343 1661 internuncium
1370 1619 1408 1660 in
1434 1616 1551 1660 Dec.⁰
1570 1616 1607 1659 S.
1628 1615 1799 1672 Congu*

161 1690 198 1733 S.
219 1686 354 1733 Officii
375 1688 405 1742 4,
426 1687 477 1731 ab
497 1687 614 1731 Alex.
645 1687 711 1730 Vll
730 1688 1002 1731 contii-inante
1026 1688 1106 1731 duo
1127 1688 1244 1732 Dec.a
1266 1689 1304 1732 S.
1328 1686 1464 1732 Officii
1484 1687 1498 1709 ⁵
1524 1689 1562 1730 in
1588 1692 1720 1744 ργορ.ει
1738 1687 1796 1729 45

163 1772 326 1802 errores
360 1758 706 1811 lansenislarum3
740 1758 792 1802 ab
826 1758 962 1802 lnnoc.
987 1758 1042 1802 XI
1076 1772 1148 1815 per
1171 1758 1268 1802 Dec.
1293 1760 1331 1804 S.
1356 1756 1491 1803 Officii
1512 1758 1526 1780 ⁶
1563 1759 1616 1801 65
1651 1763 1798 1815 prop.⁵,

161 1842 323 1872 errores
342 1829 677 1883 lansenistarum,
703 1834 741 1872 et
764 1828 816 1873 ab
836 1830 927 1874 eod.
953 1830 1065 1873 Pont.
1089 1832 1125 1872 in
1151 1835 1277 1873 const.
1304 1847 1325 1871 α
1343 1830 1539 1874 Coelestis
1564 1830 1741 1873 Pastor»
1763 1828 1798 1893 ⁷⁷

161 1913 323 1943 errores
356 1899 567 1943 Michaelis
610 1900 662 1943 (le
705 1899 877 1943 Melinos
916 1903 954 1942 in
991 1901 1044 1944 68
1080 1907 1224 1957 pi·op.³,
1258 1900 1309 1944 ab
1342 1901 1463 1944 Alex.
1503 1899 1587 1959 Yltt
1623 1913 1738 1957 prop.
1776 1901 1790 1942 1

161 1973 270 2014 circa
307 1975 520 2026 peccatum
558 1970 887 2027 philosophicum
924 1973 961 2014 in
999 1971 1115 2015 Dec.⁰
1149 1972 1187 2014 S.
1212 1969 1347 2016 Ollicii
1370 1972 1399 2023 ⁸,
1434 1975 1529 2014 item
1565 1971 1615 2015 ab
1650 1971 1795 2014 eodem

161 2042 201 2084 S.
223 2041 334 2083 Pont.
360 2043 396 2083 in
433 2040 549 2084 Dec.⁰
583 2042 768 2085 eiusdem
803 2040 969 2098 Congr.S
1001 2043 1120 2099 Supr.
1141 2042 1155 2064 ⁹
1175 2042 1221 2085 31
1254 2049 1401 2099 pi·op.⁵,
1425 2048 1464 2086 et
1486 2056 1508 2086 a
1535 2042 1684 2086 Bened.
1706 2041 1796 2084 XlV

162 2124 324 2154 errores
368 2112 391 2153 5
436 2112 486 2153 de
530 2111 667 2155 duello
711 2114 749 2154 in
784 2117 912 2155 const.
953 2128 971 2152 «
997 2112 1289 2156 Detestabilem
1314 2129 1334 2154 ›>
1360 2113 1405 2156 ¹⁰.
1442 2113 1616 2157 Demum
1652 2126 1798 2157 omnes

162 2194 268 2239 quae
301 2181 351 2225 ab
385 2181 636 2225 Auctoribus
669 2181 853 2239 probatis
885 2188 1183 2226 enumerantur
1226 2189 1420 2241 tanquam
1469 2179 1803 2240 comprehensae

160 2252 237 2296 sub
260 2255 694 2296 excommunicatione
717 2253 762 2298 R.
788 2254 830 2297 P.
856 2254 1101 2310 simpliciter
1125 2259 1335 2298 reservata
1362 2257 1399 2297 in
1424 2260 1552 2298 const.
1578 2271 1599 2296 «
1622 2254 1790 2311 Aplcae.

160 2323 339 2377 Sedis»,
374 2323 531 2367 inclusa
576 2324 763 2367 doctrina
798 2326 907 2367 circa
943 2328 1119 2381 praxim,
1154 2325 1205 2368 de
1238 2338 1318 2382 qua
1352 2327 1481 2383 inquit
1517 2325 1667 2369 Bened.
1702 2324 1795 2368 xlv

162 2396 198 2436 in
232 2398 361 2437 const.
385 2393 504 2438 «Ubi
542 2396 768 2450 primum»
794 2396 848 2435 ¹²:
879 2395 995 2450 «Qui
1031 2408 1154 2438 ausus
1187 2396 1491 2449 fueritdocere,
1518 2396 1671 2439 licitam
1706 2409 1796 2439 esse

161 2466 320 2520 praxim
355 2465 601 2521 exquirendi
639 2479 789 2509 nomen
819 2466 1048 2522 complicis,
1073 2467 1327 2522 denuntiata,
1351 2469 1426 2510 nisi
1453 2467 1701 2520 revelarent,
1724 2466 1794 2510 ab·

157 2534 373 2578 solutionis
420 2536 736 2580 sacramentalis
783 2540 1026 2593 negatione:
1081 2537 1142 2580 vel
1190 2537 1374 2581 scribere
1418 2543 1486 2581 aut
1532 2538 1640 2596 loqui
1676 2551 1792 2594 prae-

276 2664 287 2685 1
316 2665 360 2697 18
386 2664 481 2698 Nov.
512 2664 705 2698 taff—2
735 2666 776 2699 15
801 2665 890 2699 Iun.
921 2666 1026 2704 1520.
1055 2666 1295 2712 Denzfflger,
1328 2678 1365 2700 n.
1395 2667 1649 2701 umen-3
1669 2666 1790 2700 lOct.

160 2710 262 2750 1567,
303 2711 543 2755 Denzinger,
585 2723 622 2746 n.
664 2713 880 2746 1001-1080.
911 2733 953 2737 —
979 2714 993 2735 4
1019 2714 1064 2746 20
1098 2713 1186 2747 Iun.
1230 2714 1333 2753 1602,
1375 2714 1494 2748 Denz.
1538 2726 1572 2748 n.
1616 2714 1718 2748 1088.
1748 2731 1791 2740 --

156 2758 169 2779 5
195 2758 241 2791 24
269 2757 371 2802 Sept.
402 2758 490 2792 1665)
518 2765 558 2792 et
586 2759 630 2793 18
656 2759 771 2794 Mart.
813 2760 915 2803 1666,
957 2760 1077 2794 Denz.
1122 2761 1335 2795 1101-1145.
1367 2781 1408 2786 -—
1436 2762 1449 2783 ⁶
1475 2763 1497 2795 ‘2
1527 2762 1642 2795 Mart.
1688 2761 1791 2805 1679,

158 2804 279 2838 Denz.
311 2806 525 2839 1151-1215.
552 2826 588 2830 ——
619 2807 632 2828 7
661 2807 703 2840 19
730 2807 828 2841 Nov.
861 2808 964 2848 1687,
994 2808 1115 2842 Denz.
1148 2809 1360 2844 1221-1288.
1380 2829 1422 2833 -
1441 2809 1455 2830 ⁸
1480 2809 1526 2842 ‘24
1551 2809 1654 2852 Aug.
1686 2809 1789 2852 1690,

156 2851 277 2885 Denz.
308 2853 412 2886 1290.
437 2873 478 2877 —
497 2853 511 2874 9
539 2853 558 2886 7
587 2853 676 2887 Dec.
710 2853 811 2895 1690,
840 2854 962 2888 Denz.
995 2855 1209 2889 1291-1321.
1232 2877 1274 2881 —
1296 2857 1324 2877 ¹⁰
1353 2856 1395 2889 10
1422 2856 1520 2890 Nov.
1543 2856 1645 2898 1752,
1667 2856 1790 2889 Denz.

160 2899 372 2933 1491-1495.
403 2920 444 2924 —
475 2901 501 2922 1¹
528 2902 549 2932 2
577 2900 652 2934 Iul.
684 2901 786 2935 1746.
