1950 3313
574 128 700 153 iNDEx
728 128 921 156 CANONUM
948 132 998 156 ET
1025 132 1306 159 COMMENTARII

124 295 171 330 In
198 295 331 330 odium
357 295 578 331 duellorum
602 323 608 329 .

125 354 172 389 In
199 355 397 390 libertatis
427 355 608 389 tutelam.

124 413 182 448 De
208 414 433 460 raptoribus
487 441 494 448 .

124 473 182 508 De
208 473 370 508 iniuriis
397 479 437 508 et
462 473 603 507 damno
630 473 722 508 dato

124 531 182 567 De
208 532 368 567 iniuriis
394 532 620 567 verbalibus

124 591 271 626 Contra
295 591 492 637 bigamiae
518 591 722 626 delictum.

124 650 181 685 De
207 650 414 685 adulteriis
440 655 482 685 et
507 654 645 695 stupro
710 678 717 685 .
934 683 940 687 .
1156 683 1162 689 .
1265 683 1272 690 .
1376 684 1383 690 .

123 710 181 744 ΒΘ
207 710 360 744 clericis
389 713 527 744 contra
547 714 705 745 sextum
731 717 984 757 praeceptum
1012 713 1338 759 delinquentibus
1375 744 1381 750 .

124 768 182 803 De
207 768 361 803 clericis
387 769 675 804 concubinariis
701 774 742 805 et
768 775 906 806 contra
932 776 1090 806 sextum
1121 774 1323 819 sacrilegis
1377 802 1382 808 .

796 888 983 926 TlTULUS
1010 890 1082 926 XV.

748 973 804 1007 De
831 974 1002 1009 crimine
1028 974 1134 1009 falsi.

125 1028 303 1063 Canones
328 1029 533 1064 2360-‘2363

123 1087 336 1133 Inscriptio
362 1089 489 1123 Tituli
516 1094 556 1124 et
583 1102 777 1125 canonum
804 1091 897 1126 ordo
937 1120 942 1125 .

125 1146 260 1189 Quoad
287 1147 388 1182 Acta
415 1148 452 1183 S.
484 1148 608 1183 Sedis.

124 1205 170 1239 In
196 1206 449 1251 subreptione
477 1208 539 1242 vel
566 1208 795 1254 obreptione
822 1210 949 1255 quoad
976 1211 1166 1255 rescripta

124 1264 235 1299 Circa
259 1265 339 1300 alia
365 1266 602 1302 documenta
626 1269 893 1303 ecclesiastica
934 1296 941 1303 .

124 1323 271 1359 Contra
296 1325 484 1360 delictum
517 1326 640 1362 falsae
675 1327 995 1363 denunciationis
1035 1329 1080 1363 de
1119 1329 1282 1364 crimine
1313 1330 1497 1364 sollicita-

219 1384 342 1419 tionis
378 1412 385 1419 .

789 1505 975 1542 TITULUS
1002 1505 1091 1541 XVI.

406 1588 462 1622 De
491 1587 717 1623 desscfisin
747 1589 1106 1624 adnunisuafione
1132 1590 1483 1632 veisuscepfione

499 1647 689 1682 ordinum
719 1648 981 1690 aliorumque
1009 1649 1385 1684 Sacramentorum.

127 1727 306 1762 Canones
332 1729 536 1764 2364-‘2375
936 1759 942 1765 .
1048 1760 1051 1764 .
1157 1759 1162 1765 .
1268 1760 1273 1766 .

127 1786 307 1822 Schema:
336 1788 497 1823 Titulus
523 1789 629 1823 XVI.
660 1790 716 1824 De
743 1790 900 1824 delictis
929 1791 968 1824 in
999 1790 1392 1825 administratione...
1421 1795 1495 1825 etc.

124 1845 337 1891 Inscriptio
363 1848 490 1882 Tituli
517 1855 557 1883 et
584 1853 723 1883 mutua
749 1861 942 1883 canonum
969 1849 1167 1883 ordinatio

126 1904 283 1940 Delicta
309 1918 407 1952 quae
434 1908 473 1941 in
500 1908 767 1953 quorumlibet
794 1913 1128 1942 sacramentorum
1154 1909 1377 1942 ministerio
1404 1909 1500 1942 acci-

221 1965 309 2000 dere
337 1973 504 2010 possunt
555 1996 560 2001 .

127 2023 273 2058 Contra
298 2025 573 2071 presbyterum
599 2027 666 2071 qui
694 2026 1032 2061 confirmationem
1063 2027 1236 2061 invalide
1266 2027 1469 2061 ministret
1490 2055 1495 2060 .

125 2082 282 2118 Delicta
307 2086 349 2118 in
376 2084 669 2120 iurisdictionis
695 2085 990 2120 sacramentalis
1022 2086 1281 2131 usurpatione

127 2141 273 2177 Contra
298 2143 488 2178 delictum
514 2144 745 2179 absolvendi
771 2145 1000 2190 complicem
1029 2145 1070 2178 in
1097 2150 1256 2189 peccato
1283 2146 1390 2190 turpi

128 2203 277 2237 Contra
302 2202 446 2237 delicta
472 2214 570 2248 quae
595 2204 769 2249 aliquam
795 2204 942 2238 habent
970 2205 1257 2239 connexionem
1291 2216 1379 2239 cum
1411 2215 1497 2238 con-

220 2261 391 2297 fessione
417 2263 695 2297 sacramentali
713 2289 721 2297 .

126 2320 282 2355 Delicta
309 2322 350 2355 in
376 2322 555 2368 sigillum
582 2323 865 2357 sacramentale

126 2380 283 2414 Delicta
310 2381 350 2415 in
375 2383 597 2428 peragenda
622 2382 922 2428 recipiendaque
950 2383 1245 2417 consecratione
1276 2382 1497 2427 episcopali.

127 2438 274 2473 Contra
300 2439 490 2476 delictum
517 2443 706 2476 simoniae
735 2442 775 2476 in
803 2445 1138 2476 sacramentorum
1158 2441 1503 2475 administratione

222 2503 264 2533 et
288 2501 511 2546 receptione

126 2556 328 2592 Delictum
353 2559 569 2604 recipiendi
595 2560 885 2595 ordinationem
913 2560 1097 2594 illicitam
1124 2571 1240 2594 causa
1266 2559 1441 2593 ministri
1492 2586 1497 2591 .

127 2615 288 2651 Sanctio
315 2617 549 2653 delictorum
575 2619 616 2653 in
642 2619 893 2654 ordinatione
920 2618 1133 2653 tribuenda
1155 2618 1388 2663 quibusdam
1415 2617 1501 2651 sub-

223 2676 338 2711 iectis
383 2705 389 2711 .

129 2734 290 2770 Sanctio
315 2736 503 2771 adversus
529 2737 758 2772 accedentes
785 2737 832 2772 ad
859 2737 1016 2771 ordines
1045 2740 1181 2771 contra
1207 2748 1257 2770 ss.
1287 2747 1455 2770 canones
1489 2763 1493 2768 .
1548 2738 1554 2751 ‘

129 2792 276 2829 Contra
302 2795 486 2830 ineuntes
511 2797 809 2831 matrimonium
835 2797 921 2830 sine
954 2795 1249 2840 dispensatione
1287 2794 1505 2828 necessaria

224 2853 498 2899 impedimenti
524 2855 674 2890 mixtae
701 2855 908 2900 religionis
940 2882 946 2888 .

1685 128 1751 164 331

1564 255 1640 276 CAN.
1681 256 1758 277 ΓΑΕ.

1487 333 1491 338 .
1546 305 1637 340 2351
1687 307 1758 340 252

1487 390 1493 396 .
1547 364 1639 398 2352
1688 366 1758 400 255

1487 448 1493 455 .
1547 423 1639 457 2353
1688 424 1756 458 257

1486 508 1492 514 .
1546 482 1638 516 2354
1687 484 1756 517 258

1488 567 1493 573 .
1545 541 1637 575 2355
1689 542 1756 575 266

1486 626 1492 632 .
1545 600 1637 633 2356
1687 602 1751 635 261

1486 684 1492 691 .
1545 658 1636 693 2357
1686 660 1755 693 262

1486 743 1492 750 .
1545 718 1637 752 2358
1685 719 1754 753 264

1486 803 1492 809 .
1544 776 1636 810 2359
1685 778 1754 812 265

1692 1037 1753 1069 )69

1488 1122 1494 1128 .
1687 1095 1754 1129 270

1487 1181 1493 1187 .
1546 1154 1638 1188 2360
1713 1171 1724 1184 »

1487 1240 1492 1246 .
1546 1213 1636 1246 2361
1687 1214 1755 1248 272

1487 1298 1493 1305 .
1546 1272 1638 1305 2362
1687 1273 1755 1307 273

1488 1417 1494 1423 .
1547 1390 1640 1424 2363

1689 1733 1758 1767 275

1689 1791 1758 1825 276

1690 1850 1757 1885 277

1547 1967 1639 2002 2364
1690 1968 1759 2002 278

1549 2027 1640 2061 2365
1716 2043 1729 2056 »

1549 2085 1642 2120 2366
1690 2086 1759 2120 279

1548 2144 1640 2179 2367
1690 2145 1759 2178 280

1547 2263 1641 2297 2368
1689 2263 1758 2297 283

1549 2322 1641 2356 2369
1691 2322 1760 2356 285

1550 2381 1644 2415 2370
1692 2381 1760 2415 286

1549 2499 1638 2533 2371
1691 2499 1760 2532 287

1552 2559 1645 2592 2372
1693 2557 1762 2591 288

1549 2676 1641 2710 2373
1691 2675 1760 2708 289

1550 2735 1640 2768 2374
1690 2734 1759 2766 290

1550 2851 1617 2885 237
1629 2864 1642 2885 )
1691 2851 1757 2883 291
