1950 3313
158 165 224 198 108
672 160 757 193 LIB.
785 159 816 193 I.
845 179 857 184 -
884 160 1055 193 Normae
1084 159 1283 203 yenerales

151 281 326 323 teriores
359 279 511 322 relatae
546 276 751 334 prioribus
785 275 840 319 ad
868 275 1034 334 priores
1069 274 1302 319 trahendae
1333 282 1431 318 semi
1460 281 1499 318 et
1533 274 1614 330 his,
1649 290 1779 334 quan-

151 357 232 394 tum
267 350 359 406 fieri
388 349 523 407 possit
557 346 856 391 rationabiliter
888 359 936 390 30
968 346 1096 390 salvis
1129 345 1290 403 legibus
1322 348 1446 390 certis
1470 345 1776 399 conciliandae,

149 427 192 464 ut
209 420 329 464 simul
350 421 579 463 coexistant
600 419 731 461 visua
751 417 962 473 pollentes,
991 419 1028 459 iu
1053 416 1192 474 aliquo
1213 421 1349 460 tamen
1375 416 1480 460 hanc
1504 419 1778 460 remittentes.

265 491 332 534 82.
368 492 442 536 De
459 491 755 547 praeceptis.
779 487 1027 544 Papinianus
1051 487 1155 531 libro
1181 490 1313 543 primo
1336 487 1625 531 definitionum
1647 489 1782 544 scrip-

146 565 196 605 sit
220 562 253 605 ¹:
307 561 433 604 «Lex
467 564 528 603 est
561 572 783 603 commune
818 563 1086 614 praeceptum
1120 574 1140 599 ))
1193 572 1279 611 seu,
1325 563 1369 602 ut
1411 558 1542 601 edixit
1584 571 1674 601 can.
1711 558 1778 612 13,

147 635 171 687 ἓ
209 633 250 675 t:
291 631 434 688 «ligat
467 643 610 673 omnes
645 643 718 686 pro
751 628 902 687 quibus
937 628 1015 673 lata
1055 634 1116 672 est
1139 645 1177 670 )).
1223 629 1329 684 Quia
1381 643 1478 672 vero
1528 631 1640 672 iuxta
1691 642 1778 685 reg.

148 705 249 746 iuris
282 703 334 745 80
369 704 406 745 in
443 700 527 745 6.⁰:
568 716 588 741 <c
613 700 653 743 lu
693 705 790 752 toto,
842 704 1000 756 partem
1050 713 1129 743 non
1179 705 1237 744 est
1286 699 1459 744 dubium
1509 702 1781 752 contineri»,

147 786 404 830 consequens
437 777 497 815 est
530 771 815 814 iurisdictione
847 770 1128 815 ecclesiastica
1162 771 1396 827 praeditum
1431 772 1538 814 ferre
1577 784 1695 827 posse
1729 783 1778 814 ea

147 844 197 887 de
230 842 380 900 quibus
405 842 523 899 plene
547 844 689 885 statuit
712 855 802 884 ean.
826 843 889 884 24
911 841 1081 885 ultimus
1119 857 1138 882 <a
1163 842 1214 885 de
1238 841 1400 898 legibus
1421 841 1715 885 ecclesiasticis
1738 856 1777 885 )).

150 913 377 971 Praecepta
417 916 454 955 vi
491 913 800 967 iurisdictionis,
834 924 940 970 quae
974 915 1012 955 in
1047 912 1231 956 Ecclesia
1264 917 1338 968 est,
1376 911 1559 970 sinqulis
1594 911 1772 968 baptiza-

145 987 195 1028 tis
228 998 275 1028 30
308 984 482 1028 subditis
514 983 616 1027 data
650 997 722 1027 seu
758 985 954 1036 iniuncta,
989 997 1057 1027 eos
1092 983 1306 1040 pluraliter
1349 983 1481 1027 dictos
1515 982 1690 1026 relative
1724 982 1776 1025 ad

151 1060 478 1112 «praecepta»,
517 1055 578 1098 vel
616 1054 754 1110 plures
789 1060 831 1098 ut
862 1054 1047 1111 singulos
1080 1053 1227 1112 quibus
1260 1054 1432 1108 damur,
1457 1067 1536 1097 non
1581 1052 1776 1097 omnibus

145 1129 183 1169 in
209 1129 520 1179 communitate,
542 1128 705 1181 passivo
730 1125 866 1182 legum
887 1126 1085 1173 subiecto,
1105 1125 1146 1183 a)
1167 1126 1315 1183 ubique
1334 1131 1496 1183 myent,
1518 1129 1658 1181 utpote
1684 1120 1775 1181 perss

145 1198 317 1248 sonalia‚
352 1202 391 1240 et
425 1197 555 1241 usuali
581 1197 717 1253 phrasi
743 1197 851 1253 apud
871 1197 1096 1240 Auctores:
1136 1213 1156 1238 ((
1180 1197 1342 1240 ossibus
1366 1197 1538 1240 haerent
1561 1212 1600 1250 »,
1635 1195 1681 1251 b)
1703 1194 1778 1238 sed

145 1268 407 1311 iudicialiter
440 1269 567 1311 idest:
602 1268 711 1324 apud
747 1268 926 1311 iudicem
960 1268 1287 1312 ecclesiasticum
1322 1270 1521 1311 canonice
1548 1266 1776 1323 proceden—

145 1344 224 1382 tem
262 1339 406 1396 uryeri
439 1340 574 1396 quoad
612 1340 934 1397 exequutionem
979 1342 1100 1382 etiam
1146 1352 1371 1396 poenarum
1418 1340 1669 1382 inflictarum
1705 1350 1776 1379 ne—

145 1415 311 1467 queunt,
345 1413 441 1465 quia
478 1410 679 1453 iuridicae
713 1412 887 1453 actionis
919 1409 1128 1453 obiectum
1164 1423 1242 1453 non
1282 1412 1552 1465 constituunt,
1593 1421 1668 1451 nec
1694 1409 1779 1449 vio-

144 1480 319 1524 lationes
352 1480 515 1524 illorum
550 1481 715 1538 aliquod
751 1481 962 1529 delictum,
996 1480 1035 1538 0)
1076 1486 1113 1523 el
1138 1487 1301 1523 cessant
1339 1493 1420 1538 qua
1460 1483 1771 1536 «praecepta»

143 1565 213 1594 seu
247 1552 381 1609 quoad
419 1551 730 1608 obligationem,
764 1551 948 1595 resoluto
982 1552 1076 1594 iure
1105 1552 1410 1610 praecipientis
1443 1564 1522 1609 qua
1557 1550 1663 1603 talis,
1697 1551 1775 1593 sci-

146 1622 260 1665 licet:
297 1625 540 1666 auctoritate
575 1625 612 1665 iu
649 1625 735 1679 ipso
761 1623 925 1679 publica
948 1622 1000 1667 ob
1025 1635 1147 1680 quam
1173 1623 1239 1666 illa
1266 1625 1396 1679 potuit
1429 1623 1542 1666 dare.
1577 1621 1651 1664 His
1674 1633 1773 1676 ergo

143 1693 273 1736 tribus
307 1693 504 1736 ditierunt
537 1707 559 1737 a
595 1693 755 1750 legibus
789 1699 1031 1751 praecepta:
1067 1707 1162 1737 nam
1201 1694 1309 1737 «lex
1346 1696 1625 1750 praesumitur
1660 1695 1779 1736 terri·

143 1763 298 1806 torialis
322 1779 341 1803 ))
380 1763 488 1820 (033.
528 1766 564 1817 8,
600 1766 624 1818 {s
659 1764 717 1821 Q),
752 1767 913 1807 nonnisi
937 1764 990 1808 ob
1012 1765 1304 1808 certitudinem
1331 1766 1494 1820 positivi
1532 1765 1625 1808 facti
1666 1779 1686 1804 «
1712 1777 1773 1807 re-

144 1836 303 1877 vocatio
339 1834 439 1890 legis
475 1838 792 1891 praeexistentis
817 1851 836 1876 ))
881 1836 1128 1889 admittitur,
1172 1841 1295 1893 atque
1343 1835 1595 1879 «obiectum
1631 1835 1772 1878 iudicii

141 1904 408 1966 ecclesiastici
444 1911 560 1948 sunt:
600 1905 683 1949 10...
720 1909 808 1949 iura
834 1907 1121 1964 persequenda
1145 1912 1214 1950 aut
1242 1906 1504 1956 vindicanda,
1534 1905 1640 1950 vel...
1666 1906 1772 1949 facta

142 1975 315 2018 iuridica
349 1976 664 2025 declaranda»,
699 1990 805 2034 (1330
838 1980 974 2021 omnia
1010 1977 1142 2034 legem
1184 1982 1534 2034 praesupponunt,
1572 1989 1619 2020 30
1655 1996 1676 2015 «
1715 1976 1775 2019 af>

142 2044 336 2088 Delicta»
375 2046 485 2103 (can.
525 2048 648 2099 1552,
683 2047 709 2104 ξ
744 2047 800 2104 2),
837 2061 1013 2105 quorum
1046 2051 1264 2102 «nomine,
1301 2050 1339 2091 in
1365 2051 1453 2091 iure
1477 2047 1773 2098 ecclesiastico,

141 2116 424 2172 intelligitur...
463 2118 564 2174 legis
601 2118 767 2161 violatio
811 2121 877 2162 cui
925 2119 1065 2162 addita
1114 2121 1165 2162 sit
1211 2121 1369 2163 sanctio
1415 2121 1615 2162 canonica
1642 2134 1679 2160 ν.
1715 2145 1773 2148 -

141 2184 285 2238 Quoad
321 2190 591 2231 cessationem
632 2191 690 2232 vis
725 2195 1041 2246 praeceptorum
1081 2190 1301 2233 «resoluto
1324 2192 1412 2232 iure
1436 2191 1728 2246 praecipientis
1748 2207 1767 2226 »

141 2257 364 2311 declarato,
399 2260 436 2300 in
471 2262 640 2301 canonis
675 2261 753 2302 tine
787 2261 1160 2304 animadvertenda
1194 2266 1254 2304 est
1288 2262 1498 2316 excepti0‚
1529 2272 1610 2317 qua
1636 2262 1772 2316 provi-

140 2327 262 2370 detur
295 2327 459 2371 illorum
498 2329 708 2373 stabilitati
760 2332 927 2374 forsitan
977 2333 1235 2375 necessariae
1282 2330 1334 2374 ob
1381 2332 1715 2374 circumstantias
1747 2342 1768 2373 a

143 2397 326 2441 Praelato
359 2412 500 2442 coram
538 2399 618 2442 Deo
655 2414 890 2456 perpensas.
926 2403 1076 2445 Statuit
1109 2404 1217 2445 enim
1252 2401 1337 2444 nisi
1369 2402 1408 2457 a)
1431 2415 1510 2459 per
1533 2400 1767 2458 leqitimum

140 2481 210 2511 seu
247 2471 357 2512 iuxta
391 2483 570 2513 canones
605 2472 816 2514 redactum
852 2471 1157 2525 documentum,
1194 2477 1235 2516 ut
1269 2486 1416 2529 nempe
1457 2486 1528 2529 per
1566 2485 1609 2516 se
1644 2472 1767 2514 fidem

139 2540 260 2582 iaciat
294 2541 330 2581 in
368 2542 453 2583 t'oro
487 2545 671 2588 externo,
710 2542 750 2598 b)
784 2548 858 2584 aa!
891 2557 1032 2585 coram
1064 2542 1222 2595 duobus
1258 2542 1442 2597 testibuS,
1482 2545 1552 2600 qui
1589 2542 1763 2598 probare

143 2614 347 2665 poterunt,
381 2613 412 2653 si
446 2625 548 2667 opus
580 2612 713 2663 suerit,
748 2613 856 2669 quod
893 2612 970 2655 illa
1008 2618 1316 2670 «praecepta»
1353 2627 1493 2658 coram
1536 2616 1594 2657 eis
1639 2613 1769 2671 impo-

141 2680 226 2722 sita
267 2680 453 2737 fuerunt.
488 2682 622 2739 Atque
655 2685 712 2726 sic
748 2684 994 2739 imponenda
1031 2690 1249 2741 praecepta
1292 2697 1470 2728 canones
1512 2685 1764 2742 quandoque

143 2750 443 2805 praescribunt.

261 2903 270 2924 1
298 2902 344 2935 D.
374 2902 440 2937 lib.
469 2903 497 2944 I,
526 2904 588 2939 tit.
616 2904 688 2945 ΙΙΙ,
718 2904 742 2938 l.
776 2908 804 2939 1.
