1950 3313
189 131 258 164 224
561 130 643 162 Lm.
667 129 711 163 V.
734 151 742 154 -
761 130 871 164 PARS
890 131 961 164 [ΙΙ.
984 151 997 156 -
1014 132 1072 165 De
1083 134 1222 176 poenis
1245 135 1288 167 in
1306 133 1446 167 delicta
1497 135 1584 168 Can.
1611 134 1819 170 2333-2334

190 251 250 294 Ad
289 252 324 294 Ξ).
359 250 560 306 Negative
592 250 643 293 ad
685 230 859 307 prinfflm
897 255 1083 307 partem3
1127 252 1379 295 affirmative
1424 253 1473 296 ad
1518 254 1742 297 secundam
1767 270 1816 307 »ς

189 322 251 364 vel
284 321 332 364 ab
365 319 549 363 eiusdem
582 319 752 378 Leqatis
786 321 1118 379 quibuscumque
1162 325 1284 366 etiam
1328 323 1503 379 Nuntiis,
1538 323 1817 378 lutei-nuntiis,

191 392 407 448 Delegatis,
439 390 646 448 profecta,
677 405 810 446 secus,
849 398 1200 436 «recurrentes»
1239 407 1288 437 ue
1331 394 1648 450 proficiscantur
1680 407 1740 449 ea,
1779 400 1818 439 et

186 476 282 506 ecce
331 463 452 518 primi
501 461 801 520 delinquentes,
845 462 996 520 quibus
1043 464 1243 507 accedere
1293 469 1492 521 possunt:
1538 464 1590 507 11⁰
1628 479 1819 508 eorumve

185 538 372 576 actorum
405 533 739 589 supradictorum
765 533 805 589 a)
828 533 1210 591 promulyalionem
1239 537 1407 591 proprie
1432 535 1600 590 dictam,
1624 538 1818 593 quamvis

186 603 291 646 lianc
315 603 441 646 solam
469 605 599 660 magis
624 606 814 647 minusve
839 607 1131 659 necessariam,
1157 604 1197 662 b)
1223 605 1285 648 vel
1318 605 1661 663 ewsequzctz'onem
1693 618 1818 663 quan-

185 674 420 731 documque
459 673 533 717 liac
569 674 780 729 indigeant
812 679 901 718 acta
937 675 1019 729 illa,
1056 689 1132 718 uon
1181 689 1297 718 usum
1346 678 1479 732 ipsum
1523 678 1815 730 concessionis,

183 744 341 787 directe
373 747 616 788 alterutram
659 758 854 800 expresse
899 746 1158 802 respiciendo
1191 746 1254 788 vel
1287 746 1493 789 indirecte
1528 749 1594 795 ita,
1631 752 1674 790 ut
1706 749 1817 803 ipsas

185 815 353 858 demum
387 817 603 872 attingant,
619 815 886 873 prohibentes
918 817 1123 873 siquidem
1158 819 1416 860 auctoritatis
1450 822 1570 871 actu3
1604 821 1727 875 atque
1763 817 1817 860 ul·

186 888 312 929 terius
336 887 596 942 protenditur
628 891 813 930 actorum
851 889 1050 943 protectio
1075 889 1112 929 in
1137 889 1307 930 canonis
1341 890 1461 930 tertia
1487 892 1625 944 parte:
1650 887 1720 931 lll⁰
1744 892 1817 930 aut

184 956 225 1013 a)
260 970 401 1000 eorum
434 957 766 1013 supradictorum
815 961 1001 1000 actorum
1047 971 1175 1000 causa
1207 957 1293 1000 sive
1326 957 1368 1015 b)
1402 971 1470 1001 eos
1503 957 1559 1000 ad
1591 972 1692 1015 quos
1721 971 1817 1015 per-

187 1027 319 1070 tinent
356 1028 418 1071 vel
455 1042 526 1084 pro
558 1027 709 1085 quibus
740 1027 875 1071 editae
909 1029 1073 1071 suerunt
1107 1028 1278 1071 litterae
1310 1028 1374 1071 rel
1409 1035 1505 1072 acta
1538 1029 1700 1082 eadem,
1732 1029 1818 1071 sive

185 1098 293 1142 alios
327 1112 405 1142 non
441 1099 640 1142 habentes
674 1103 829 1155 partein
865 1099 1138 1143 subiectivam
1177 1103 1213 1142 in
1249 1102 1307 1143 eis
1340 1100 1380 1157 c)
1406 1099 1618 1143 laedentes
1654 1102 1690 1143 in
1726 1113 1816 1156 per-

183 1172 293 1212 sonis
329 1170 389 1212 vel
427 1172 464 1212 in
502 1169 636 1226 rebus,
659 1169 797 1213 verbis
828 1175 898 1213 aut
932 1171 1062 1225 factis,
1096 1170 1140 1227 d)
1176 1170 1238 1213 vel
1271 1169 1688 1228 perterrefacienles‚
1722 1184 1815 1227 gra-

189 1254 278 1283 vem
315 1245 468 1284 metum
505 1241 717 1284 inferendo
752 1240 842 1296 illis,
864 1241 1026 1298 —ipso
1058 1240 1172 1299 facto
1207 1240 1451 1284 subiaceant
1485 1241 1814 1284 eoecommum'ca-

186 1311 292 1354 ttoni
325 1310 420 1355 sedi
449 1311 717 1369 Apostolicae
748 1311 925 1368 speciali
956 1311 1076 1355 *modo
1108 1318 1365 1355 reservatae.

305 1383 399 1425 175.
437 1384 626 1429 Delicta
660 1387 832 1429 contra
864 1386 1159 1437 libertatem,
1182 1387 1289 1430 iura
1313 1385 1565 1430 Ecclesiae
1597 1387 1646 1429 et
1679 1385 1814 1429 iuris-

184 1456 411 1500 dictionis
444 1456 746 1500 exercitium.
771 1480 823 1484 —
848 1453 1311 1497 Excmninunicationes
1334 1458 1479 1497 const.⁸
1509 1469 1529 1495 ε(
1552 1453 1815 1509 Apostolicae

184 1525 344 1568 Sedis»
387 1523 432 1566 Vl
467 1529 506 1567 et
543 1523 608 1567 Vll
644 1526 765 1567 refert
799 1539 890 1569 ean.
923 1525 1064 1569 2334.
1099 1523 1551 1568 Eoeoommzmv'ean‘one
1582 1524 1698 1566 [alae
1729 1537 1816 1566 sen-

185 1595 342 1638 (ennae
374 1595 550 1653 speciali
581 1594 701 1639 modo
736 1595 834 1638 Sedi
866 1595 1133 1653 Apostolicae
1164 1601 1382 1638 reservata
1415 1595 1683 1653 plectuntur:

303 1669 341 1709 1⁰
377 1666 460 1720 Qui
482 1666 522 1724 a)
548 1666 657 1723 leyes
691 1669 728 1709 in
763 1666 877 1710 civili
910 1668 1106 1709 societate
1140 1667 1321 1709 condunt
1346 1667 1583 1718 efficaciter,
1607 1680 1643 1708 v.
1667 1679 1728 1722 gr.
1752 1679 1813 1708 se-

184 1742 360 1792 natores,
395 1738 594 1794 deputati,
635 1740 825 1794 princeps
867 1743 937 1780 aut
982 1740 1154 1780 ministri
1199 1737 1522 1791 subscribentes,
1561 1750 1641 1781 uno
1688 1736 1813 1780 verbo

182 1811 251 1866 qui
277 1809 325 1852 ad
353 1808 442 1851 illas
467 1808 696 1852 formaliter
726 1813 912 1865 sumptas
935 1808 1086 1852 deinde
1112 1808 1436 1864 promulgandas
1470 1809 1695 1852 efficaciter
1717 1821 1814 1850 con·

183 1883 368 1933 currunt,
405 1879 443 1928 b)
476 1878 693 1930 mamiato,
729 1882 852 1923 etiam
889 1881 927 1922 in
962 1878 1126 1922 casibus
1165 1893 1201 1920 v.
1237 1893 1295 1935 gr.
1331 1879 1467 1937 quoad
1501 1878 1603 1922 haec
1643 1878 1813 1931 iudices,

184 1952 421 2006 municipia,
456 1956 494 2005 c>
531 1949 590 1993 vel
627 1949 810 1999 decreta,
847 1963 952 2007 qnae
999 1950 1135 2006 plures
1158 1962 1355 2006 personas
1394 1951 1634 2007 respiciunt,
1672 1963 1707 1992 v.
1747 1962 1808 2004 gr.

183 2033 288 2077 quae
321 2034 341 2064 a
380 2021 599 2064 Praefectis
631 2034 701 2064 seu
726 2020 1183 2072 Gube1·11atoribus,vet
1217 2033 1239 2064 a
1273 2023 1472 2064 ministris
1504 2021 1740 2064 conduntur
1774 2021 1811 2062 in

185 2091 320 2147 legum
357 2094 715 2148 exsequutionem,
738 2092 778 2148 a)
805 2097 950 2135 eontra
975 2090 1226 2145 libertatem,
1244 2091 1350 2135 hanc
1375 2104 1522 2147 nempe
1555 2094 1813 2134 coarctantes

187 2161 248 2204 vel
283 2162 515 2205 auferentes
548 2165 586 2204 in
621 2162 757 2219 aliqua
783 2165 968 2212 materia,
989 2162 1032 2218 b)
1052 2168 1124 2205 aut
1149 2163 1246 2205 iura
1268 2161 1486 2205 Ecclesiae.
1508 2173 1811 2219 quaecumque,

184 2235 273 2275 sive
306 2232 495 2288 docendi,
520 2235 609 2275 sive
634 2233 907 2287 ministrandi,
932 2235 1021 2276 sive
1055 2233 1165 2289 leges
1199 2232 1354 2276 serendi
1391 2237 1460 2275 aut
1495 2232 1718 2283 iudicandi,
1745 2244 1812 2288 pu-

183 2303 337 2358 niendi,
373 2302 477 2346 bona
510 2304 768 2360 acquirendi,
803 2303 1054 2359 possidendi,
1078 2303 1300 2358 alienandi,
1335 2308 1412 2346 etc.
1447 2301 1600 2351 edicim·
1630 2302 1810 2346 scilicet:

183 2373 293 2416 illani
328 2386 546 2417 censuram
581 2373 686 2417 latae
719 2376 947 2417 sententiae
995 2376 1212 2417 incurrunt
1261 2373 1459 2430 praedicti
1509 2373 1809 2430 delinquentes,

183 2445 347 2501 quando
382 2444 504 2501 leges,
530 2449 607 2488 etc,
641 2444 846 2500 complete
879 2450 973 2487 sunt
1006 2445 1108 2487 tales
1143 2458 1213 2500 per
1248 2444 1624 2500 promulgationem
1664 2443 1724 2487 vel
1759 2446 1812 2486 si—

184 2515 320 2558 milem
356 2521 492 2559 actum
528 2517 699 2572 ipsoque
734 2516 840 2558 facto
874 2519 1227 2572 consequerentur
1264 2517 1361 2569 vini,
1394 2517 1426 2558 si
1450 2516 1591 2558 'iustae
1625 2515 1769 2557 [orent.

299 2588 345 2628 52⁰
382 2584 464 2638 Qua·
495 2585 535 2642 a)
570 2585 804 2643 impediunt
845 2585 1002 2628 directe
1044 2584 1107 2628 vel
1152 2584 1355 2628 z'ndt'reele
1395 2588 1642 2641 attingentes
1675 2597 1809 2627 mora-

182 2656 273 2699 liter
293 2658 300 2698 i
309 2669 424 2712 psum
445 2656 691 2710 efflei-vilium
710 2647 1020 2698 iurisdictionis
1043 2655 1370 2707 ecclesiastieae,
1394 2655 1573 2699 scilicet:
1600 2657 1810 2711 potestatis

186 2729 445 2782 «regiminis
478 2740 583 2783 quae
616 2740 664 2769 ex
700 2727 841 2769 divina
877 2728 1130 2769 institutione
1164 2730 1224 2769 est
1259 2729 1295 2768 in
1319 2725 1504 2770 Ecclesia
1529 2741 1548 2766 »
1578 2725 1685 2782 (can.
1709 2723 1808 2781 196)

181 2797 267 2839 sive
298 2797 458 2839 interni
489 2797 575 2840 sive
605 2797 770 2839 externi
802 2796 904 2854 sori,
937 2798 1070 2853 prouti
1108 2801 1245 2840 manet
1278 2796 1481 2853 explicata
1517 2799 1553 2838 in
1588 2807 1677 2839 can.
1717 2797 1810 2848 cit.;

184 2866 225 2923 b)
259 2866 335 2910 sub
367 2867 602 2910 conditione
635 2870 852 2924 sequenti:
897 2866 952 2910 ad
986 2865 1060 2909 laeoc
1096 2867 1434 2924 consequendum
1478 2878 1525 2909 ac
1558 2866 1705 2909 effectu
1739 2864 1808 2908 illo
