1950 3313
105 162 196 198 Can.
223 161 318 196 2314
398 206 402 211 ⁵
480 162 565 197 Trr.
594 163 662 198 XI.
690 184 702 189 -
729 165 785 200 De
810 167 959 203 delictis
984 173 1119 203 contra
1145 171 1259 214 fidem
1285 178 1351 206 etc.
1662 174 1727 207 199

105 293 254 325 nomen
290 283 514 326 retinentes
556 282 840 337 christianum,
877 290 1140 343 pertinaciter
1182 289 1361 347 aliquam
1401 305 1448 334 ex
1488 292 1728 336 vei-natibus

106 351 188 395 side
219 352 360 396 divina
395 356 436 396 et
467 352 668 397 catholica
720 357 942 400 credendis
988 359 1193 415 denegant
1226 366 1295 403 aut
1328 362 1378 404 de
1411 374 1457 405 ea
1491 362 1723 406 dubitant»

108 422 215 480 (can.
252 422 378 479 1325,
413 426 438 475 ἓ
472 423 530 480 2),
565 423 827 481 (alterutrum
878 429 1037 472 interne
1079 443 1126 473 ac
1165 436 1348 486 externe,
1384 437 1423 475 ut
1455 432 1599 488 supra)
1634 445 1725 475 nain

107 493 341 551 Stephanus
376 494 481 551 Papa
517 496 648 552 inquit
682 496 874 540 omnibus
898 497 1164 555 Episcopis¹z
1203 501 1404 545 «Dubius
1438 505 1473 545 in
1510 503 1604 553 tide,
1639 504 1725 545 inli-

109 563 213 607 delis
235 568 295 608 est
316 580 357 620 n,
379 564 421 619 b)
442 570 516 608 an!
538 564 812 618 schismatici,
835 568 1013 612 scilicet:
1039 585 1058 610 «
1082 573 1148 627 qui
1174 571 1340 615 subesse
1367 578 1540 616 renuunt
1559 576 1728 617 Summo

109 634 292 679 Pontifici
327 640 397 679 aut
428 649 522 679 cum
556 636 755 680 membris
788 637 996 682 Ecclesiae
1029 642 1063 683 ci
1098 641 1292 685 subiectis
1325 646 1631 687 communicare
1667 658 1727 686 re-

106 711 252 750 cusant
274 722 294 747 ))
334 708 444 762 (can.
478 711 518 750 et
551 709 576 761 g
607 707 735 764 cit.¹);
768 709 919 764 singuli
953 711 1173 766 praedicti:

225 780 264 821 1⁰
300 776 529 820 Incurrunt
561 777 652 835 ipsc
685 778 799 836 farlo
833 781 1311 830 ervommum'ealionene,
1345 797 1392 825 cx
1428 789 1552 826 const.
1583 800 1604 824 «
1628 785 1729 840 Apo-

107 848 277 893 stolicae
309 849 427 893 Sedis
451 864 470 890 »
513 849 567 892 Pii
604 847 657 892 tx
678 848 693 870 ²
729 854 942 893 retentam.

228 918 347 973 Quod
385 920 511 965 Bonif.
541 919 626 963 Vlll
660 923 698 963 in
732 933 820 977 cap.
848 924 967 965 unico
1002 924 1058 965 De
1091 923 1397 967 schismaticis³
1431 927 1592 968 inrocat
1628 928 1732 982 prin-

108 992 262 1048 cipium
299 993 423 1035 iuris:
461 991 662 1035 «similes
695 1005 891 1036 excessus
924 998 962 1036 et
994 993 1140 1049 culpae
1173 997 1315 1050 poenis
1356 995 1557 1038 similibus
1592 999 1627 1038 in
1664 1010 1730 1052 po-

106 1067 263 1106 sterum
300 1065 568 1120 puniantur»
591 1063 826 1120 applicatur
858 1064 934 1107 ltoc
970 1067 1007 1107 in
1043 1065 1146 1120 loco,
1170 1066 1266 1109 dum
1302 1079 1452 1122 poenas
1487 1069 1522 1108 in
1557 1066 1733 1109 diversis

109 1133 387 1178 Decretalium
422 1134 628 1191 capitibus
660 1139 833 1178 statutas
865 1136 1049 1179 decernit
1083 1149 1212 1180 canon
1247 1136 1322 1180 sub
1356 1150 1393 1180 n.
1413 1140 1469 1180 ἴδ’.
1495 1136 1588 1182 Nisi
1611 1140 1731 1180 etiam

107 1204 236 1248 semel
269 1205 421 1248 moniti
452 1205 726 1264 resipuerint,
759 1205 939 1250 scilicet:
971 1209 1090 1250 «nisi
1124 1207 1309 1251 abiurata
1345 1207 1502 1251 haeresi
1526 1207 1609 1264 (vel
1644 1222 1734 1264 apo-

110 1276 253 1333 stasia)
276 1280 316 1319 et
337 1277 617 1320 satisfactione
635 1275 834 1332 exhibita,
857 1278 1074 1321 confestim
1100 1278 1149 1321 ad
1175 1278 1297 1321 fidem
1319 1279 1575 1334 contugerint
1598 1278 1733 1321 ortho-

110 1347 261 1391 doxam
281 1362 321 1402 »‚
341 1352 382 1391 ut
407 1349 463 1390 ait
488 1346 638 1391 Lucius
662 1347 711 1390 lll
738 1351 775 1391 in
811 1361 898 1405 cap.
926 1349 949 1391 9
973 1349 1025 1393 de
1058 1348 1290 1393 Haereticis
1309 1351 1337 1401 ⁴,
1371 1354 1493 1406 atque
1526 1351 1600 1391 nisi
1634 1349 1735 1392 schi-

107 1420 270 1462 smatici
320 1420 501 1462 renisum
553 1418 834 1475 deposuerint,
870 1421 923 1462 ita
956 1424 999 1463 ut
1033 1422 1111 1463 iam
1146 1419 1461 1464 submissionem
1510 1420 1735 1476 spondeant

107 1491 281 1545 sincere,
301 1494 372 1533 aut
395 1492 818 1534 communicationem
855 1493 1127 1547 interruptam
1162 1495 1432 1543 reassumant,
1455 1490 1495 1547 a)
1517 1490 1736 1548 priventur

109 1560 303 1617 beneficio
337 1563 504 1618 proprie
536 1561 648 1617 dieto
680 1561 730 1605 ad
766 1575 954 1605 normam
990 1562 1226 1616 can.1409,
1253 1562 1378 1615 1412,
1401 1561 1609 1619 cliynilale
1631 1573 1735 1618 quae

109 1630 402 1688 Episcopatum
436 1635 477 1675 et
508 1634 710 1675 maiorem
744 1632 947 1689 designat,
983 1646 1140 1676 necnon
1180 1632 1378 1676 Abbatias
1410 1637 1447 1675 et
1483 1631 1738 1675 Praelaturas

112 1702 277 1757 nullius,
290 1702 495 1761 pensione
516 1703 706 1746 derivata
731 1716 780 1746 ex
807 1703 1032 1757 beneticiis,
1054 1703 1253 1761 bonisque
1285 1702 1587 1756 ecclesiasticis,
1607 1702 1736 1759 officio

115 1775 300 1817 «stricto
332 1787 501 1817 sensu»
538 1773 648 1830 (can.
688 1774 784 1830 145,
816 1775 844 1833 ξ
879 1773 937 1832 2),
972 1777 1054 1817 imo
1087 1779 1126 1818 et
1163 1791 1185 1815 «
1208 1775 1288 1818 lato
1325 1787 1490 1818 sensu»
1529 1773 1600 1830 (ib.
1635 1772 1736 1830 gt),

109 1858 202 1888 cum
236 1844 437 1890 addatur:
477 1837 614 1888 aliove
661 1859 843 1898 munere,
876 1846 986 1904 quod
1032 1845 1344 1902 intelligendum
1388 1850 1445 1888 est
1489 1857 1651 1901 quoque
1685 1844 1735 1887 de

109 1929 282 1960 munere
316 1916 465 1970 laicali,
500 1916 538 1959 si
569 1916 684 1974 quod
714 1917 759 1960 in
791 1915 984 1960 Ecclesia
1019 1917 1144 1960 idest:
1187 1916 1238 1960 ab
1281 1929 1326 1960 ea
1361 1920 1401 1959 ut
1434 1917 1627 1959 societate
1665 1915 1734 1957 de-

110 1987 294 2044 pendens
327 1985 522 2041 habeant,
548 1987 589 2043 b)
616 1987 798 2045 infames
831 1987 1117 2041 declarentur,
1140 1992 1199 2031 est
1232 2000 1329 2043 ergo
1352 2002 1372 2027 ι(
1397 1988 1561 2029 infamia
1589 1988 1686 2028 iuris
1710 2002 1729 2025 ))

110 2058 218 2116 (can.
245 2058 372 2114 2293,
395 2056 423 2116 ξ
446 2057 503 2115 2),
538 2058 608 2101 sed
650 2073 669 2099 ((
693 2059 888 2102 serendae
920 2061 1148 2102 sententiae
1171 2075 1191 2099 n
1215 2058 1321 2114 (can.
1348 2057 1474 2110 2217,
1499 2060 1522 2111 ἓ
1551 2057 1584 2110 l,
1609 2070 1646 2100 n.
1672 2055 1733 2112 20)

109 2132 228 2173 cuius
266 2129 436 2173 eflectus
485 2134 571 2186 post
621 2132 866 2173 sententiam
916 2130 1297 2173 condemnatoriam
1348 2133 1652 2185 cognoscuntur
1685 2140 1732 2170 ex

109 2213 200 2244 can.
235 2200 361 2255 2294,
396 2202 421 2254 ἓ
455 2201 494 2243 1.
529 2200 689 2244 Poenae
733 2192 826 2244 illae
869 2201 1043 2244 clericos
1086 2205 1124 2243 et
1167 2200 1293 2243 laicos
1326 2199 1370 2256 («
1395 2201 1555 2255 utrique
1598 2202 1732 2241 autem

110 2280 280 2328 possunt
326 2285 416 2315 esse
466 2271 692 2328 religiosi»
730 2283 820 2316 can.
860 2272 962 2329 107)
995 2275 1276 2328 compescunt,
1312 2282 1403 2313 nam
1447 2272 1652 2326 sequitur:
1697 2273 1735 2310 et

110 2341 254 2385 clerici
292 2357 312 2383 c(
337 2356 409 2399 per
451 2344 625 2399 primam
671 2341 815 2385 saltem
859 2347 1117 2386 tonsuram»
1156 2341 1264 2399 (can.
1304 2341 1397 2395 108,
1431 2343 1454 2394 ἓ
1492 2340 1544 2396 l),
1579 2340 1732 2381 iterata

109 2412 353 2466 monitione,
386 2426 493 2472 quae
527 2415 721 2470 supponit
755 2413 1074 2470 praecedentem
1120 2414 1297 2465 unicam,
1331 2410 1605 2468 deponantur.
1640 2422 1731 2451 cum

110 2483 312 2540 depositio
330 2489 598 2528 enumeretur
621 2486 727 2527 inter
750 2499 770 2525 ((
791 2496 943 2540 poenas
968 2483 1243 2526 vindicativas
1265 2494 1370 2539 quae
1393 2481 1554 2524 clericis
1579 2484 1730 2522 tantuin

111 2554 410 2611 applicantur»
460 2555 758 2612 (031].2298),
796 2560 836 2599 et
878 2557 996 2599 cuius
1044 2555 1212 2597 eftectus
1259 2553 1425 2596 edicunt
1473 2564 1560 2594 can.
1607 2549 1730 2593 2303.

112 2626 242 2670 2304.
278 2652 330 2656 -
366 2626 526 2670 Poenae
559 2631 653 2670 sunt
691 2626 1069 2670 «determinatae»
1098 2625 1206 2682 (can.
1232 2624 1358 2676 2217,
1380 2624 1407 2680 ἓ
1430 2623 1462 2668 t.
1490 2621 1550 2677 1⁰)
1575 2633 1729 2663 net-iton

110 2696 407 2752 cumulauvae,
425 2702 550 2755 atque
573 2697 678 2741 «lex
698 2700 826 2741 utitur
848 2696 984 2739 verbis
1004 2697 1278 2752 praeceptivis
1295 2710 1316 2734 n
1340 2693 1445 2750 (can.
1469 2692 1591 2739 2223,
1609 2692 1636 2748 3¹
1655 2690 1729 2744 30).

228 2767 527 2824 Aggravantur
559 2780 716 2825 poenae
748 2767 825 2811 sub
859 2781 895 2810 n.
929 2769 976 2809 3⁰
1009 2766 1054 2809 Si
1091 2770 1228 2807 seclae
1265 2762 1524 2805 acatholicae
1562 2774 1728 2815 nempe:

228 2874 238 2895 1
268 2873 362 2918 Cap.
391 2874 423 2915 1,
448 2873 527 2908 Tit.
557 2874 625 2908 eit.
660 2894 704 2898 -
731 2874 744 2896 2
773 2875 815 2906 12
843 2872 927 2907 oct.
958 2872 1058 2914 1569,
1088 2874 1106 2912 s
1135 2873 1165 2911 1,
1193 2882 1217 2903 n
1264 2873 1279 2902 1
1308 2876 1343 2902 et
1370 2868 1403 2901 3.
1436 2886 1473 2890 -
1507 2866 1520 2887 ³
1546 2865 1622 2898 Tit.
1657 2864 1729 2901 111.

110 2919 196 2954 Lib.
224 2920 258 2954 V
285 2920 326 2955 in
353 2921 406 2955 60.
434 2941 478 2946 —
504 2922 518 2943 ⁴
545 2921 623 2955 Tit.
652 2922 685 2964 7,
715 2920 800 2954 Lib.
830 2920 874 2953 V.
