1950 3313
764 139 934 175 Nor-mccc
963 144 1161 186 yenerales
1729 149 1773 184 ‹57

149 254 365 297 adimzctis
387 259 573 311 tempore
597 268 678 313 quo
705 259 853 314 incepit
882 262 1021 316 vigere
1039 259 1194 316 Codex,
1213 263 1282 306 sed
1303 267 1398 321 quia
1417 264 1548 308 solum
1574 267 1773 311 «tolerari

148 329 339 381 poterunt
364 341 404 379 >›‚
440 324 752 382 intelligendum
773 333 831 371 est
855 346 861 372 :
888 343 1102 388 usquequo
1123 346 1194 388 pro
1213 332 1290 375 illis
1308 334 1512 379 adiunctis
1536 337 1775 380 (zris-liment

149 399 316 452 proprio
352 396 520 450 iudici0‚
552 397 622 440 sed
659 411 707 440 ex
746 400 1009 454 prudentium
1058 404 1241 446 virorum
1289 407 1479 460 opinione
1520 406 1672 459 fulcito,
1706 423 1777 451 eas

146 467 468 510 consuetudines
504 467 737 522 praedictas
767 470 1002 527 prudenter
1036 473 1165 516 idest:
1203 476 1315 517 iuxta
1352 481 1503 519 rectam
1539 479 1687 534 agendi
1714 492 1775 522 ra-

147 539 314 592 tionem,
349 549 455 594 quae
489 539 646 581 maiora
681 539 788 583 mala
827 543 939 596 xitat,
976 547 1222 601 tempusque
1256 552 1531 602 opportunum
1572 555 1776 605 expectat,

146 608 379 651 submoneri
412 622 490 651 non
523 622 676 666 posse;
707 611 873 655 demum
910 620 950 668 c)
984 619 1164 668 veterae,
1196 629 1302 672 quac
1340 617 1553 661 videlicet:
1591 633 1666 662 uon
1696 623 1777 664 sint

146 679 194 722 ad
233 681 367 722 minus
400 682 678 731 centenariae,
712 695 964 739 suppressae
1003 686 1130 741 ipsius
1166 689 1203 728 vi
1238 686 1401 731 Codicis
1440 688 1687 745 habeantur,
1722 694 1774 734 ita

144 753 187 792 ut
226 753 420 793 «statuta
465 762 670 794 canonum
715 756 921 797 contraria
952 770 972 795 »
1021 758 1100 798 sint
1146 758 1182 799 in
1228 761 1477 802 conscientia
1523 765 1559 802 et
1606 763 1642 802 in
1689 763 1774 804 t'oro

142 824 315 863 externo
348 821 568 877 servanda,
605 822 689 865 nisi
721 837 918 880 expresse
955 824 1093 868 foder
1113 829 1148 869 in
1172 827 1310 884 aliquo
1335 842 1492 873 canone
1526 830 1646 873 alim!
1678 832 1772 875 liuic

145 893 399 947 praescripto
431 891 633 936 dissimile
667 900 824 950 careal,
856 896 965 953 quod
993 899 1215 952 positivum
1242 911 1334 946 cum
1360 902 1424 952 sit,
1458 901 1696 956 explicitum
1722 905 1771 945 sit

143 966 316 1018 oportet.

261 1033 327 1075 55.
365 1035 550 1086 Codex,
585 1038 649 1080 ad
683 1040 1041 1092 praecedentes
1078 1040 1216 1096 leges
1240 1041 1603 1088 ecclesiasticas
1641 1046 1772 1099 quod

140 1105 331 1150 attinet.
367 1102 467 1147 Can.
503 1108 545 1147 6.
584 1104 723 1149 Codex
767 1109 805 1150 in
851 1110 939 1151 eius
983 1112 1251 1166 praescriptis
1286 1110 1483 1168 rigentem
1521 1111 1598 1154 leur
1634 1127 1774 1170 eas-que,

143 1186 220 1216 uon
257 1176 337 1217 iam
372 1180 625 1232 revocatam,
654 1177 716 1220 vel
744 1179 961 1229 insuetam,
986 1178 1256 1237 disciplinam
1281 1181 1460 1225 scilicet:
1497 1196 1661 1226 aerinas
1684 1198 1776 1227 con-

141 1245 363 1289 suetudine
396 1251 508 1290 ortas
545 1247 607 1291 vel
641 1250 797 1305 scripto
832 1249 946 1298 latas,
982 1255 1068 1293 tum
1103 1253 1214 1294 circa
1252 1254 1435 1295 actiones
1468 1258 1662 1297 externas
1700 1254 1773 1298 Ec-

143 1314 294 1359 clesiae
329 1318 367 1359 in
403 1317 582 1361 diversis
616 1319 803 1363 iuridicis
837 1322 1047 1375 institutis,
1073 1335 1429 1381 personarumque
1466 1324 1664 1372 coetibus,
1690 1338 1776 1381 gra-

144 1385 277 1443 dibus,
315 1387 642 1445 diversitatibus,
676 1394 761 1433 tum
803 1391 938 1448 quoad
985 1405 1123 1435 rerum
1157 1406 1230 1436 seu
1265 1393 1497 1437 mediorum
1531 1397 1691 1450 specics
1723 1395 1772 1438 ad

144 1455 253 1501 illius
287 1459 425 1512 finem,
457 1458 706 1518 plerumque
739 1461 893 1505 retine!
925 1463 1155 1506 secundum
1190 1462 1352 1507 Codicis
1384 1478 1570 1521 scopum,
1603 1468 1672 1523 qui
1702 1467 1775 1509 t'uit

149 1543 169 1569 ((
194 1530 231 1571 in
269 1542 396 1573 unum
439 1531 663 1588 colligendi
704 1531 916 1577 Ecclesiae
946 1533 1121 1590 leges»,
1154 1535 1327 1591 proinde
1359 1548 1379 1579 a
1413 1549 1606 1592 suprema
1642 1542 1773 1593 potes-

143 1602 225 1642 tate
258 1599 372 1653 latas,
406 1614 509 1658 quas
541 1602 768 1655 declaravi,
803 1617 981 1659 normaS,
1014 1606 1209 1663 legesque
1243 1606 1514 1662 particulares
1544 1608 1775 1663 pontificias

142 1682 248 1726 quae
291 1670 456 1714 illorum
502 1674 782 1717 institutorum
831 1677 1052 1718 varietates
1091 1678 1342 1732 contineant,
1391 1689 1655 1734 quacumque
1698 1677 1774 1721 sul)

143 1741 275 1785 forma
308 1741 411 1785 tales
444 1755 614 1787 normae
647 1746 727 1787 sint
761 1745 909 1800 editae,
949 1760 985 1787 v.
1020 1760 1080 1802 gr.
1108 1751 1149 1790 ut
1173 1746 1506 1802 Constitutiones,
1533 1752 1574 1791 ut
1600 1747 1773 1791 Decreta

141 1808 422 1855 Conciliorum
455 1810 835 1858 Oecumenicorum
873 1815 936 1859 vel
971 1816 1038 1860 SS.
1064 1816 1343 1860 Romanarum
1379 1817 1774 1874 Congregationum,

142 1885 185 1924 ut
209 1881 357 1926 harum
382 1882 694 1939 lnstructiones‚
719 1886 984 1929 Summorum
1012 1886 1256 1930 l‘ontiticum
1292 1887 1537 1940 Decretalia,
1563 1894 1664 1942 etc-‚3
1699 1890 1772 1931 mi-

143 1954 253 1996 nime
274 1967 373 1997 vero
392 1954 631 1999 huiusmodi
650 1959 917 2013 praeceptiva
937 1958 1199 2013 documenta,
1216 1964 1299 2002 tum
1323 1972 1395 2015 pro
1415 1958 1554 2016 aliqua
1575 1958 1773 2015 religione

144 2036 224 2082 qua
259 2024 328 2068 tali
364 2039 401 2069 v.
437 2040 497 2082 gr.
535 2040 607 2083 pro
644 2027 982 2072 Praedicatorum
1017 2026 1188 2082 Ordine,
1225 2029 1288 2073 vel
1314 2029 1509 2077 dioecesi,
1533 2044 1651 2087 v.gr.
1676 2029 1772 2073 Dec.

143 2094 180 2139 S.
205 2094 247 2139 C.
271 2094 314 2140 C.
353 2112 373 2137 ((
392 2097 444 2140 de
477 2097 695 2154 disciplina
729 2098 905 2154 chori-in
926 2098 1036 2144 Urbe
1053 2100 1261 2144 servanda
1280 2116 1318 2150 )),
1346 2105 1385 2143 ut
1405 2100 1635 2144 declaravit
1653 2100 1771 2144 Com-

144 2167 284 2209 missio
317 2168 526 2223 pontificia
561 2168 610 2223 ad
645 2167 742 2212 Cod.
778 2182 958 2213 canones
990 2170 1230 2214 authentice
1269 2171 1600 2227 interpretandos
1625 2172 1653 2223 ¹,
1687 2176 1773 2214 tum

145 2249 217 2292 pro
252 2237 397 2281 morali
432 2252 630 2295 persona;
664 2245 704 2283 et
737 2240 874 2285 adhuc
919 2243 1054 2284 minus
1088 2241 1181 2285 talia
1222 2242 1471 2286 documenta
1507 2243 1773 2298 praeceptiva

144 2309 268 2351 etiam
303 2312 554 2365 communia,
588 2324 695 2369 quae
730 2311 808 2355 n'on
848 2314 929 2355 sint
972 2315 1137 2370 proprie
1182 2312 1307 2369 leges,
1342 2318 1480 2370 utpote
1515 2315 1773 2356 transitoriae

144 2377 196 2421 ob
228 2380 563 2425 circumstantias
587 2382 869 2426 ordinationes
891 2384 1085 2441 equidem
1121 2383 1406 2441 obligatoriao.
1427 2410 1471 2414 —
1499 2384 1776 2427 Animadver-

144 2453 254 2492 tatur
289 2463 388 2493 vero
421 2452 556 2508 quoad
591 2466 716 2509 supra
750 2453 1002 2497 declaratam
1039 2454 1314 2512 disciplinam,
1349 2455 1456 2512 quod
1492 2454 1685 2497 admonet
1710 2466 1772 2496 ca-

144 2532 238 2574 non,
259 2519 360 2563 licet·
379 2523 418 2564 in
442 2534 489 2565 ea
513 2522 732 2580 disciplina
757 2530 1018 2582 opportunas
1053 2525 1366 2569 immutationes
1399 2538 1471 2582 per
1503 2524 1771 2574 additionem,

147 2588 472 2648 derogationem,
507 2606 555 2637 ac
597 2594 911 2651 obrogationem
959 2596 1111 2653 aflerat
1154 2595 1307 2641 Codex.
1343 2600 1427 2640 Hoc
1469 2598 1525 2639 sic
1567 2596 1776 2639 declarato

146 2663 350 2718 principio
382 2662 600 2719 digerendi
634 2663 845 2720 Codicem,
878 2668 1078 2724 sequitur.
1114 2665 1285 2723 Itaque:

270 2792 278 2812 ¹
308 2792 351 2824 15
365 2790 451 2826 Oct.
471 2792 573 2826 1919.
597 2793 674 2828 CO.
696 2793 769 2835 XI,
791 2795 873 2829 476.
909 2816 951 2820 —
989 2806 1008 2827 ‹
1026 2796 1056 2828 l.
1075 2795 1219 2829 Utrum
1246 2795 1485 2838 praescripta
1506 2795 1597 2827 Dec.
1620 2794 1657 2827 S.
1676 2794 1716 2827 C.
1735 2794 1776 2827 G.

155 2837 232 2872 diei
257 2838 304 2872 30
330 2838 426 2872 Nov.
459 2840 548 2874 1910
577 2854 595 2873 «
614 2840 802 2875 Decorem
839 2842 975 2876 domus
1002 2842 1073 2875 Dei
1093 2855 1111 2875 ›
1149 2842 1193 2875 de
1229 2842 1334 2875 chori
1372 2841 1580 2886 disciplina
1609 2841 1645 2874 in
1676 2840 1780 2875 Urbe

156 2885 357 2926 servanda,
378 2886 506 2920 I-VIII
525 2887 652 2922 adhuc
672 2889 850 2934 vigeant.
871 2909 914 2914 —
934 2889 1050 2933 Resp.
1068 2900 1074 2922 :
1103 2888 1349 2923 Affirmative
1368 2904 1397 2922 2.
