1950 3313
137 141 207 174 226
511 139 595 172 Liss.
616 138 661 171 V.
683 158 695 163 —
716 138 826 172 PARS
843 138 915 172 ΙῘΙ.
937 158 950 163 -
972 139 1026 174 De
1039 142 1177 183 poenis
1195 141 1239 173 in
1252 139 1394 174 delicia
1443 138 1537 173 (¹:1¹1.
1562 138 1767 175 2336-2337

140 263 296 301 textum
333 257 462 300 relate
495 257 544 300 ad
580 256 755 300 clericos
787 257 856 300 ubi
891 260 1044 301 mentio
1067 259 1112 301 tit
1134 271 1299 316 quoque
1333 259 1517 301 muneris
1535 257 1643 315 (can.
1669 259 1768 313 145,

137 329 164 386 ξ
200 328 242 385 9)
275 334 314 371 et
348 327 456 370 iocis
488 327 652 370 activae
685 341 735 370 ac·
763 327 961 385 passivae
992 328 1174 386 aliisque
1201 328 1364 386 poenis,
1396 328 1448 371 de
1480 327 1544 371 his
1575 328 1764 372 additur:

139 398 194 441 acl
226 412 415 441 normam
448 397 794 441 constitutionum
825 398 1081 455 plectantur.
1104 398 1211 443 Hinc
1235 411 1390 455 poenae
1412 410 1537 455 supra
1569 399 1703 443 editae
1727 402 1765 443 in

140 470 215 513 hoc
240 482 397 513 canone
420 474 513 512 sunt
538 469 732 512 ferendae
755 472 998 523 sententiae,
1019 469 1159 514 verbis
1182 475 1318 514 tamen
1345 471 1621 526 praeceptivis
1643 483 1768 514 enun-

138 544 282 584 ciatae.
308 540 435 599 (Can.
472 540 600 597 9917,
632 539 660 597 ξ
694 541 733 595 1,
769 540 824 596 907
861 541 990 595 9993,
1023 542 1050 598 3⁶
1083 541 1160 598 3⁰).

256 611 333 654 Sed
369 610 574 654 notandus
607 624 681 667 pro
713 624 809 655 casu
842 611 870 669 ξ
895 612 931 654 9.
957 610 1134 670 Insuper
1166 611 1302 656 adhuc
1335 612 1374 668 a)
1399 611 1544 655 elerici
1575 617 1614 655 et
1637 611 1678 668 b)
1701 626 1764 655 re-

138 681 283 739 liyiosi
314 695 461 724 nomen
493 681 642 724 (latites
675 687 812 725 seclae
846 682 1106 725 massonieae
1138 682 1321 740 aliisque
1350 682 1559 725 similibus
1582 683 1766 726 associa—

139 752 334 804 tionibus,
353 751 531 795 scilicet:
566 751 764 795 delictum
802 757 1010 808 patrantes
1045 755 1232 808 punitum
1266 754 1305 795 in
1339 765 1428 796 can.
1456 752 1582 804 9335,
1606 752 1767 796 demm-

138 823 243 866 τίαν-ι’
275 821 421 866 debent
455 822 613 866 Sacrae
641 822 971 880 Conyreqationi
995 824 1034 867 S.
1059 822 1351 881 OfficiiErgo
1375 824 1509 881 quoad
1535 823 1660 868 laicos
1683 838 1762 868 non

137 895 252 938 adest
286 897 386 937 iuris
419 894 687 938 ecclesiastici
724 897 1039 951 praescriptum,
1073 899 1116 937 ut
1149 894 1458 949 denuntientur,
1481 900 1660 939 attamen
1694 896 1764 938 de-

138 965 233 1009 bent
270 967 307 1007 vi
341 964 463 1008 huius
496 971 603 1008 can.³
635 965 894 1008 denuntiare.

254 1036 351 1080 178.
388 1038 739 1082 lurisdictionis
777 1038 1063 1082 exercitium
1106 1038 1389 1094 impeditum
1424 1040 1472 1083 in
1505 1040 1764 1094 paroeciis.

135 1107 320 1151 —Sicut
355 1107 608 1163 praecedens
630 1119 760 1150 canon
784 1107 986 1163 speciales
1010 1120 1206 1164 personas
1239 1110 1420 1164 respexit
1452 1113 1622 1165 agentes
1654 1109 1762 1166 quod

137 1179 174 1220 in
209 1189 299 1221 can.
336 1177 461 1221 2334.
498 1177 541 1220 90
576 1177 769 1234 plectitur
817 1179 1265 1227 excommunicatione,
1307 1180 1359 1221 ita
1406 1178 1614 1235 peculiare
1656 1178 1764 1222 illius

135 1250 305 1291 canonis
337 1260 385 1291 ac
419 1251 578 1291 numeri
624 1248 821 1291 delictum
868 1253 1032 1291 coercet
1065 1262 1154 1290 ean.
1189 1249 1330 1292 2337.
1365 1250 1390 1302 ἓ
1423 1250 1458 1292 1.
1495 1248 1538 1292 Si
1569 1256 1608 1301 a)
1635 1262 1764 1307 paro—

137 1317 237 1360 clws
284 1318 334 1362 ad
370 1331 555 1361 normam
597 1331 687 1362 can.
721 1318 821 1373 451,
853 1320 904 1373 §g
940 1319 976 1374 1,
1012 1318 1050 1373 ⁶2,
1085 1332 1178 1362 cum
1220 1318 1297 1362 hoc
1336 1319 1434 1362 fine:
1469 1318 1515 1372 b)
1547 1319 1604 1362 ad
1634 1319 1762 1377 impe-

134 1387 332 1431 diendum
365 1389 611 1432 eoeereiliimn
647 1388 958 1432 ecclesiastieae
989 1388 1319 1441 iurisdictionis,
1343 1390 1418 1432 sori
1442 1392 1602 1432 externi
1625 1391 1760 1447 quoad

138 1461 313 1516 praxim,
348 1463 384 1513 c)
413 1474 541 1502 ausus
573 1459 725 1517 fuerit,
756 1473 862 1517 quae
901 1459 1025 1504 verba
1065 1459 1271 1516 «plenam
1306 1462 1585 1516 cognitionem
1616 1457 1763 1504 ac'de-

135 1529 424 1574 liberationem
459 1533 632 1587 exigunt
658 1547 677 1572 »
705 1530 815 1588 (can.
841 1531 967 1580 9999,
999 1531 1027 1589 ξ
1061 1530 1119 1587 9),
1154 1531 1198 1587 (l)
1233 1531 1559 1588 unumquodque
1591 1544 1764 1589 sequen-

134 1603 236 1644 tium
275 1601 338 1645 vel
375 1602 505 1658 plura,
545 1602 766 1646 videlicet:
801 1606 838 1656 a)
873 1601 1015 1645 {urbas
1049 1602 1158 1644 ciere
1190 1615 1261 1644 seu
1305 1614 1586 1655 commovere,
1622 1602 1661 1657 b)
1689 1616 1763 1660 pic-

135 1671 265 1715 blieczs
295 1686 373 1730 pro
406 1687 450 1716 se
481 1672 824 1731 subscriptiones,
857 1675 1070 1716 nominum
1105 1671 1613 1730 elenchum,promovere,
1637 1675 1673 1727 c)
1693 1687 1762 1732 po-

132 1743 279 1801 pulum
311 1743 570 1787 sermonibus
593 1743 633 1787 h.
659 1758 692 1787 e.
714 1744 853 1788 verbis
876 1749 951 1787 aut
982 1743 1155 1801 seriptis
1189 1743 1376 1786 excitare
1408 1745 1446 1786 in
1478 1745 1540 1786 sui
1575 1745 1760 1788 favorem

134 1816 277 1857 intenti
312 1814 356 1872 d)
388 1814 560 1872 aliaque
591 1814 754 1858 similia
787 1828 938 1872 aqere;
963 1840 1010 1845 —
1035 1814 1270 1857 huiusmodi
1304 1813 1550 1871 delinquens
1569 1828 1646 1872 pro
1667 1829 1762 1872 qra-

135 1884 264 1927 vitate
297 1885 458 1943 eulpae,
491 1885 717 1928 seeundum
747 1885 934 1943 prudens
972 1884 1198 1929 Ordinarii
1235 1883 1438 1927 iudicium
1471 1885 1605 1941 quoad
1650 1885 1761 1929 illam

134 1957 473 2012 perpendendam
497 1961 537 2000 et
559 1959 669 2000 eirca
696 1969 866 2013 poenam
902 1956 1184 2012 infligendam,
1207 1955 1428 2013 puniatur,
1451 1955 1561 2013 quod
1589 1956 1759 2000 verbum

134 2029 317 2070 continet
366 2033 649 2084 praeceptum,
682 2033 721 2071 et
765 2027 937 2071 latitudo
988 2039 1211 2084 poenarum
1261 2028 1320 2069 sic
1367 2028 1636 2078 exprimitur:
1680 2041 1762 2070 non

134 2097 318 2151 exclusa,
353 2098 390 2140 si
422 2112 489 2141 res
520 2098 649 2155 ferat,
683 2101 706 2140 i.
741 2112 776 2142 e.
810 2101 841 2141 si
876 2098 1074 2141 delictum
1114 2100 1268 2154 exigat,
1301 2096 1598 2154 suspensione:
1638 2102 1761 2154 atque

133 2180 263 2223 poena
298 2171 467 2211 canonis
499 2173 559 2212 est
592 2169 912 2212 indeterminata
933 2169 945 2190 ¹

250 2239 277 2296 ἓ
312 2239 347 2281 9.
382 2238 540 2282 Eodem
584 2238 701 2282 modo
744 2252 854 2282 nunc
897 2238 1103 2295 explicato
1143 2238 1297 2295 puniat
1345 2236 1604 2281 Ordinarius
1649 2241 1758 2281 iuxta

133 2321 222 2352 can.
260 2309 356 2363 198,
389 2310 417 2367 ξ
450 2309 488 2363 1,
521 2308 780 2352 sacerdotem
814 2309 916 2353 cleri
949 2308 1174 2352 saecularis
1201 2307 1265 2351 vel
1301 2307 1481 2363 religiosi
1517 2307 1588 2364 qui
1619 2307 1760 2350 muili-

134 2378 318 2422 tucliiiem
354 2394 515 2438 quoquo
548 2379 667 2423 modo
700 2382 877 2436 scriptis,
900 2378 1051 2433 verbis,
1071 2384 1147 2423 etc.
1182 2378 1332 2421 eseitet
1365 2377 1420 2421 ad
1452 2377 1761 2435 impediendum

133 2449 368 2507 inq-ressum
402 2451 445 2493 m
474 2450 718 2508 paroeciam
751 2449 984 2493 sacerdotis
1018 2449 1204 2507 leqitime
1235 2448 1444 2491 nominali
1466 2448 1508 2490 in
1530 2447 1761 2506 paroelium

133 2526 208 2563 aut
225 2534 503 2577 oeconomum,
521 2521 700 2564 scilicet:
722 2523 936 2577 provisum
962 2520 1011 2563 de
1033 2520 1231 2563 alterutro
1250 2519 1398 2573 ossicio,
1417 2532 1495 2562 non
1519 2521 1551 2562 si
1574 2520 1760 2576 quaestio

133 2593 181 2633 sil
217 2592 268 2634 do.
302 2592 382 2634 alio
406 2605 670 2649 quocumque
693 2593 781 2634 sive
805 2591 940 2634 officio
963 2593 1052 2633 sive
1077 2590 1386 2646 impedimento,
1414 2589 1476 2632 vel
1501 2592 1532 2632 si
1558 2590 1627 2632 fiat
1649 2592 1759 2632 exci-

134 2664 231 2705 tatio
256 2662 305 2706 ad
332 2662 638 2719 impediendam
665 2663 891 2717 praefatam
918 2663 1239 2704 nominationem
1261 2672 1400 2717 :fquae
1423 2662 1604 2703 actiones
1626 2664 1760 2702 essent

134 2733 439 2777 mensurandae
457 2745 614 2777 canone
635 2733 761 2787 9336,
780 2735 812 2776 si
832 2734 1013 2775 tortassis
1032 2730 1108 2774 sub
1127 2731 1273 2774 eodem
1293 2730 1758 2786 comprehendet-eninr.

254 2888 266 2910 1
290 2887 384 2922 Can.
413 2888 519 2930 2217,
548 2890 566 2928 ἓ
595 2888 627 2926 1,
658 2887 694 2919 10
722 2891 763 2919 et
788 2885 894 2929 2223,
923 2887 942 2925 ξ
966 2884 1000 2917 3.
