1950 3313
720 169 759 193 ΙΝ
787 169 864 194 Hoc
892 160 1222 195 COMMENTARIUM
1742 167 1783 200 15

159 280 334 333 positum
370 282 407 320 et
442 277 493 320 de
527 277 674 319 mediis
706 280 847 320 statuit
880 293 985 335 quae
1018 293 1133 323 sacra
1178 286 1268 323 sunt
1318 282 1378 324 rel
1423 283 1780 341 qualiter-cumque

156 349 204 392 ad
243 348 371 391 Deum
407 349 726 404 animarumque
759 351 1016 392 sanctitatem
1051 351 1307 396 ordinantur.
1345 352 1527 409 Denique
1565 354 1780 411 lusponli-

156 419 295 476 ficium
338 421 462 462 etiam
502 418 668 471 dicitur,
700 432 747 461 eo
781 420 889 476 quod
926 434 946 462 a
981 423 1150 464 Summo
1198 423 1390 466 l'ontitice
1436 424 1559 467 robur
1593 428 1790 481 accipian

157 492 317 534 etiamsi
353 502 373 533 a
407 488 591 533 Concilio
624 488 762 546 aliquo
798 491 980 545 generali
1017 493 1136 534 fuerit
1171 496 1452 536 constitutum.

278 561 343 603 10·
385 563 463 606 Ius
501 562 787 606 canonicum
821 561 973 603 (licitur
1011 563 1260 619 quandoque
1296 566 1565 620 metonymica
1600 580 1670 621 pro
1714 582 1781 607 co-

157 632 248 676 dice
282 634 320 674 in
355 644 437 689 quo
472 635 740 674 recensentur
773 644 823 673 ss.
851 644 1043 679 canones,
1080 632 1218 689 ibique
1241 637 1392 677 serrati
1419 635 1573 677 addisci
1602 642 1782 691 possunt,

159 703 338 759 indeque
373 703 504 745 citari.
543 699 799 744 Formaliter
842 704 1019 745 sumitur
1061 718 1133 759 pro
1170 704 1304 759 legum
1352 705 1556 749 Ecclesia:¹
1601 708 1781 761 generali

159 773 394 830 complexu,
433 772 479 815 Et
512 772 680 816 demum
715 773 953 816 extenditur
988 776 1087 817 iuris
1114 777 1300 817 canonici
1336 776 1555 831 appellatio
1589 778 1636 819 ad
1675 777 1790 820 illam

159 844 407 897 doctrinam,
442 856 549 900 quae
583 845 639 886 uti
675 842 883 886 obiectum
920 843 1039 887 habet
1076 846 1184 900 ipsos
1211 858 1350 887 sacros
1373 859 1550 889 canones
1586 850 1783 902 ipsorum·

156 927 236 972 que
269 913 548 958 collectiones.

279 986 342 1029 tl.
378 988 455 1031 lus
501 988 788 1032 canonicum
831 987 1106 1032 formaliter
1149 991 1390 1044 sumptum
1425 988 1583 1030 deliniri
1627 995 1782 1043 pou-st:

164 1073 181 1097 «
206 1056 269 1100 lus
305 1059 528 1113 positivum
576 1070 623 1099 ex
670 1057 863 1100 omnibus
902 1056 1112 1100 Ecclesiae
1145 1057 1304 1113 legibus
1337 1058 1571 1104 collectum.
1606 1072 1709 1115 quae
1745 1062 1781 1102 in

161 1127 311 1171 bonum
342 1127 557 1183 spirituale
581 1127 765 1170 fidelium
794 1128 929 1171 editae
952 1133 1043 1171 sunt
1063 1144 1102 1169 J).
1138 1128 1338 1172 Restricta
1366 1143 1464 1172 vcro
1487 1132 1785 1185 signini-atione

157 1198 207 1241 ad
243 1199 565 1254 exprimendum
590 1201 716 1242 nostri
741 1198 1037 1243 Commentarii
1071 1199 1293 1249 obiectum,
1330 1199 1393 1242 lus
1426 1203 1667 1243 canonicum
1705 1207 1783 1243 est:

164 1268 453 1326 «Complexus
492 1268 629 1326 legum
665 1283 771 1327 (inae
806 1270 1085 1317 Romanorum
1128 1270 1369 1314 Pontilicuni
1395 1274 1637 1313 auctoritate
1672 1286 1786 1314 cons-

161 1342 304 1384 titutae
353 1345 460 1395 suut,
512 1343 548 1383 in
599 1341 744 1384 ordine
788 1341 837 1384 ad
885 1342 1007 1384 tinem
1053 1341 1262 1385 Ecclesiae
1302 1344 1512 1398 proprium
1567 1355 1784 1398 assequen-

160 1412 258 1455 dum
279 1427 317 1457 )>.
350 1411 435 1456 Sul)
468 1412 780 1456 delinitionibus
814 1412 885 1455 liis·
913 1412 1328 1468 compreliemluntur
1361 1412 1472 1469 leges
1505 1426 1609 1469 quae
1645 1416 1793 1456 imme-

159 1482 272 1526 diate
311 1482 362 1527 ab
400 1483 681 1526 ecclesiastica
728 1488 927 1539 potestate
969 1486 1049 1526 rim
1095 1483 1305 1540 obligandi
1347 1483 1510 1528 habent.
1553 1498 1629 1527 non
1677 1484 1796 1540 leges-

161 1566 267 1610 quae
300 1568 320 1597 a
358 1557 515 1597 ratione
555 1554 730 1597 naturali
773 1554 835 1598 vel
870 1568 891 1598 a
926 1554 1010 1598 Deo
1045 1555 1283 1598 immediate
1319 1558 1511 1598 virtutem
1547 1558 1787 1609 sortiuntur,

161 1637 266 1681 quac
301 1630 479 1681 potestas
513 1628 551 1668 in
586 1627 712 1682 priori
747 1626 986 1669 delinitione
1021 1626 1143 1670 nullis
1182 1626 1495 1670 limitationibus
1528 1629 1789 1669 circumscri-

162 1695 286 1747 bitur,
322 1699 358 1739 in
394 1697 575 1740 secunda
615 1711 712 1740 vero
751 1702 789 1740 et
830 1699 961 1754 magis
1000 1700 1164 1754 proprie
1203 1698 1251 1741 ad
1297 1710 1534 1754 supremam
1582 1697 1789 1740 Ecclesiae

174 1771 415 1822 potestatem
460 1767 832 1811 circumscribitur.
881 1768 1069 1811 Secunda
1120 1769 1405 1811 delinitionum
1453 1774 1566 1825 parte
1610 1770 1792 1810 innuitur

166 1839 259 1881 linis
292 1841 478 1882 canonici
515 1841 627 1892 iuris,
654 1853 734 1897 quo
769 1839 820 1883 ab
854 1839 944 1882 aliis
978 1840 1136 1883 iuribus
1170 1839 1434 1883 inferioribus
1466 1842 1710 1883 secernitur.

289 1911 352 1953 12.
399 1912 778 1957 Animadversio
827 1913 993 1969 quoad
1040 1913 1199 1968 legem
1252 1913 1466 1956 divinam
1515 1914 1561 1955 in
1613 1912 1801 1956 Codice·

165 1984 490 2038 propositam.
526 2008 579 2014 —
613 1982 755 2039 Aplca.
780 1983 907 2026 Sedes
941 1985 978 2025 in
1012 1985 1096 2025 suis
1120 1982 1380 2025 documentis
1413 1995 1459 2025 ac
1485 1996 1537 2024 ss.
1564 1981 1790 2025 canonibus

166 2055 357 2109 proponit
381 2053 573 2097 fidelibus
592 2053 705 2110 leges
724 2054 954 2097 naturalem
974 2067 1021 2097 ac
1040 2054 1239 2107 divinam,
1259 2053 1368 2111 quod
1394 2053 1677 2096 diversinmde
1703 2053 1789 2095 lieri

165 2126 380 2180 contingit.
409 2124 544 2168 Primo
568 2127 677 2168 enim
714 2125 826 2168 velut
856 2127 1072 2182 magistra,
1096 2124 1218 2167 modo
1249 2124 1338 2181 plus
1366 2124 1426 2167 rel
1460 2126 1595 2166 minus
1618 2124 1789 2167 solemni

163 2194 283 2238 docet
318 2195 408 2239 illas
440 2198 644 2252 practicas
677 2209 756 2238 non
791 2198 926 2239 minus
964 2208 1086 2253 quam
1126 2195 1406 2252 speculativas
1448 2197 1654 2238 veritates.
1691 2200 1791 2237 tam-

169 2278 293 2323 quam
330 2268 368 2309 in
403 2267 670 2310 revelationis
688 2267 874 2323 deposito
898 2272 1123 2310 contentas.
1142 2266 1332 2311 Secundo
1351 2266 1487 2323 legum
1525 2279 1666 2309 earum
1701 2278 1797 2308 sen-

164 2350 254 2380 sum
300 2338 453 2393 pandit,
489 2343 613 2395 atque
651 2337 897 2394 obligatorio
942 2338 1064 2381 modo
1108 2339 1311 2395 proponit.
1344 2337 1480 2381 Tertio
1525 2342 1788 2393 praeceptum

166 2408 331 2465 aliquod
367 2411 406 2451 in
442 2409 531 2466 lege
565 2410 706 2453 divina
746 2409 811 2452 vel
852 2409 1027 2453 naturali
1066 2412 1258 2466 generice
1302 2409 1498 2452 traditum
1533 2422 1552 2451 a
1588 2410 1625 2451 5.
1663 2408 1792 2449 l'‹›nt.‘³

169 2479 471 2523 determinatur
493 2480 629 2538 quoad
654 2483 987 2524 circumstantias
1020 2483 1058 2523 iu
1083 2483 1171 2525 eius
1193 2480 1516 2536 adimplemento
1549 2479 1789 2524 serrandus,

172 2563 207 2592 v.
242 2563 303 2606 gr.
339 2549 550 2594 Paschatis
583 2556 759 2608 tempus,
793 2552 843 2595 ad
878 2551 1215 2595 satisfaciendum
1250 2551 1391 2593 divino
1418 2554 1647 2606 praecepto.
1679 2551 1788 2591 iuxta

168 2620 282 2664 illud.
316 2619 439 2664 Conc.
474 2621 585 2664 Trid.
621 2624 658 2663 1;
700 2635 873 2680 «neque
906 2624 1015 2665 enim
1051 2635 1122 2678 per
1156 2621 1428 2664 Lateranense
1462 2620 1686 2662 Concilium
1724 2618 1792 2660 lic-

170 2691 293 2735 clesia
328 2694 493 2747 statum·
517 2697 559 2735 ut
591 2691 740 2737 Christi
775 2692 918 2737 fideles
951 2694 1260 2745 confiterentur,
1289 2691 1397 2748 quod
1434 2693 1520 2733 iure
1554 2690 1693 2731 dixino
1729 2702 1793 2731 ne-

175 2764 417 2816 cessarium,
451 2768 491 2806 et
523 2765 752 2807 institutum
788 2777 876 2807 esse
911 2762 1192 2806 intellexerat:
1225 2762 1294 2805 sed
1333 2767 1370 2804 nt
1408 2765 1669 2816 praeceptum
1696 2772 1794 2801 con·

285 2918 295 2938 ¹
325 2916 425 2950 Sess.
452 2915 546 2950 XIV
573 2928 602 2950 c.
633 2917 667 2951 3.
