1950 3313
137 173 182 207 98
601 169 686 202 Lm.
715 169 761 202 V.
790 188 802 193 -
829 168 939 202 PARS
963 168 1015 201 ΙΙ.
1044 188 1056 193 -
1084 168 1141 202 De
1159 170 1298 213 poenis
1442 167 1536 203 Can.
1561 165 1769 202 2243-2244

139 294 312 334 minatas
344 287 617 346 suspendunt,
654 289 705 330 ita
742 291 783 330 ut
817 291 933 330 actus
967 287 1119 330 iudicis
1155 287 1216 330 vel
1252 287 1486 343 Superioris
1519 289 1627 330 circa
1669 289 1766 331 istas

137 362 325 405 inefficax
362 362 524 402 interim
561 357 772 401 reddatur.
800 383 851 387 —
878 356 990 400 Haec
1024 357 1240 413 multiplex
1268 370 1410 400 norma
1438 359 1547 413 vigel
1572 357 1649 401 sub
1672 371 1767 401 con-

136 432 308 475 ditione:
343 429 380 472 st
413 433 569 485 aqotur
602 427 652 470 de
683 441 743 479 re,
777 432 857 470 tam
895 427 1077 471 iudiciali
1112 440 1234 485 quam
1271 427 1590 471 extraiudiciali.
1614 427 1658 470 in
1682 442 1763 486 qna

135 501 200 544 ins
232 502 432 555 seriptum
470 498 532 541 vel
567 498 977 542 consuetudinarium
1014 511 1094 540 non
1118 496 1307 540 admittit
1331 498 1453 541 modo
1479 500 1655 554 positivo
1679 503 1761 541 tam

135 574 172 614 in
207 569 471 614 iudicialibus
504 574 670 625 propter
703 574 809 612 can.²³
849 569 970 622 1889,
1003 568 1031 626 ξ
1065 568 1103 619 ⁶2,
1136 581 1260 625 quam
1307 574 1422 612 extra
1465 569 1678 618 iudicium,
1714 583 1762 612 eo

132 642 240 696 quod
266 640 429 683 volente
452 638 604 683 Codice
629 639 849 696 probibere
867 641 1159 695 suspensivum
1185 640 1391 687 ellectum,
1411 642 1660 695 exprimitur
1684 639 1761 683 hoc

133 715 170 754 in
204 711 378 767 singulis
413 709 585 767 legibus,
620 709 949 767 appellationem
981 722 1104 765 supra
1145 709 1395 753 declaratam
1440 709 1503 752 vet
1544 702 1761 753 recursum

131 782 400 837 antedictum,
433 780 621 824 absolute
659 780 719 822 vel
756 779 884 822 etiam
918 794 1010 822 cum
1042 779 1189 837 effectu
1223 793 1366 823 eorum
1408 780 1653 838 suspensivo
1679 782 1757 824 iam

131 852 348 909 eprcanx

250 923 515 979 Prosequitur
548 935 677 965 canon
715 921 868 964 relatus
900 921 948 964 ad
986 933 1121 977 praec.
1159 925 1341 977 partem:
1373 935 1491 964 secus
1538 921 1759 965 videlicet:

127 996 158 1037 si
194 994 375 1037 conditio
409 995 594 1049 apposita
630 1006 707 1035 non
746 992 985 1035 verificetur
1019 1005 1090 1048 pro
1136 991 1353 1048 multiplici
1400 992 1678 1048 appellatione
1721 998 1761 1036 et

131 1078 299 1108 recursu
333 1077 457 1120 supra
492 1063 729 1114 declaratis,
763 1062 865 1106 haec
898 1061 939 1120 a)
974 1076 1174 1105 censuros
1206 1062 1313 1105 solas
1336 1062 1614 1120 suspendunt,
1639 1065 1691 1106 ita
1718 1069 1758 1106 ut
1821 1102 1823 1105 .

130 1149 207 1178 non
252 1138 332 1178 sint
377 1135 453 1178 hae
495 1133 750 1188 subeundae,
785 1147 861 1177 nec
903 1135 1055 1188 statim,
1090 1146 1165 1176 nec
1210 1138 1299 1190 post
1347 1138 1521 1190 tempus,
1558 1133 1600 1190 b)
1636 1134 1759 1190 firmo

131 1212 267 1249 tamen
301 1205 557 1263 obliyatione
589 1204 789 1248 servandi
821 1204 865 1247 id
899 1204 1008 1261 qnod
1040 1204 1249 1246 sententio
1289 1209 1362 1247 aut
1396 1209 1620 1262 praecepto
1656 1205 1756 1249 ulte-

131 1279 214 1320 rius
247 1275 493 1329 mandatur)
528 1276 598 1319 sed
633 1276 768 1333 quoad
804 1275 909 1318 hanc
943 1274 1237 1331 obligationem
1262 1274 1522 1318 subnectitur
1544 1278 1755 1332 exceptio:

128 1346 212 1389 nisi
242 1360 337 1390 rens
371 1347 421 1389 de
454 1359 535 1403 quo
570 1350 717 1389 tractat
750 1348 809 1399 §¹¹³
832 1344 1159 1403 appellationem
1193 1345 1257 1388 vel
1287 1359 1504 1388 recursum
1540 1359 1664 1402 supra
1690 1359 1753 1389 re—

129 1417 229 1460 latos
261 1416 565 1470 interposuerit
598 1416 638 1473 a)
674 1430 757 1459 nonv
791 1431 815 1458 a
848 1415 939 1459 solu
972 1430 1105 1473 poena
1139 1429 1353 1466 censurae,
1387 1415 1460 1459 sed
1494 1415 1535 1473 b)
1569 1416 1619 1459 ab
1662 1416 1755 1474 ipsa

127 1503 287 1546 qnoque
318 1488 529 1531 sententia
561 1487 624 1530 vel
654 1493 879 1545 praecepto
919 1490 1164 1544 respective.

243 1560 296 1602 68
346 1562 675 1606 Censurarum
709 1561 1051 1615 multiplicatio
1088 1558 1291 1614 possibilis
1319 1561 1558 1614 agnoscitur
1596 1558 1748 1614 capf‘l

131 1645 150 1670 (ι
174 1630 225 1673 de
259 1632 401 1687 poenis
426 1645 445 1670 ))
484 1628 550 1686 (V,
585 1629 658 1686 37)
696 1628 730 1671 X
764 1633 992 1671 statuente:
1031 1627 1148 1681 «Ea,
1181 1642 1288 1686 quae
1333 1629 1535 1686 frequenti
1580 1641 1753 1685 praeva-

126 1702 323 1744 ricatione
358 1703 571 1755 iterantur,
607 1700 809 1757 frequenti
843 1701 1044 1742 sententia
1089 1700 1483 1750 condemnentur»,
1518 1699 1627 1756 qnod
1672 1712 1752 1742 non

123 1770 254 1814 solum
291 1771 350 1821 de
379 1769 564 1827 pluribus
597 1769 936 1827 delinquentibus
968 1783 1057 1812 esse
1092 1770 1424 1826 intelligendum,
1460 1774 1501 1813 ut
1536 1774 1658 1826 patet,
1681 1770 1752 1813 sed
1803 1792 1814 1804 .

123 1842 173 1885 de
209 1855 287 1884 uno
321 1847 360 1884 et
392 1841 537 1884 eodem
575 1853 659 1894 reo,
696 1845 737 1883 ut
762 1843 893 1883 innuit
921 1839 1092 1883 verbum
1122 1856 1144 1881 «
1169 1842 1433 1894 iterantur»,
1457 1845 1495 1883 et
1519 1843 1629 1884 circa
1662 1853 1755 1884 cen·

123 1925 240 1955 suras
273 1912 397 1955 edicit
430 1926 521 1955 can.
554 1912 695 1954 2244.
729 1910 936 1955 Censurae
969 1924 1148 1968 namque
1182 1911 1231 1954 ad
1260 1911 1426 1954 modum
1455 1911 1749 1968 vinculi‚quod

123 1986 238 2025 actus
286 1982 488 2039 quosdam
537 1982 722 2037 impedit,
768 1983 1000 2037 concipitur
1048 1995 1096 2024 ex
1145 1984 1246 2035 iure,
1284 1982 1540 2038 proindeque
1586 1981 1750 2025 vincula

124 2052 359 2095 huiusmodi
395 2051 662 2108 multiplicari
696 2051 897 2095 absonum
934 2064 1011 2094 non
1045 2057 1118 2095 est.
1158 2051 1323 2095 Modum
1373 2065 1471 2095 vero
1504 2055 1563 2095 sic
1605 2054 1750 2095 asserit

120 2122 148 2180 ἓ
181 2126 215 2167 1.
253 2122 346 2167 Non
379 2122 513 2165 solnm
546 2122 750 2175 diversae,
800 2136 836 2167 v.
877 2136 937 2178 gr.
977 2125 1355 2166 excommunicatio
1394 2127 1484 2179 post
1520 2125 1753 2178 suspensio-

121 2206 226 2246 nem,
263 2198 402 2250 utpote
434 2207 540 2251 quae
576 2193 727 2237 habent
761 2193 1059 2250 prohibitiones
1092 2194 1310 2237 distinctae
1343 2193 1642 2249 amplitudinis,
1677 2193 1750 2236 sed

121 2263 249 2306 eticmn
291 2263 476 2306 eiusdem
523 2263 677 2321 speciei
721 2277 898 2306 censura
945 2278 980 2305 v.
1016 2277 1076 2320 gr.
1111 2265 1489 2307 excommunicatio
1524 2268 1662 2321 potest
1706 2263 1748 2306 in

121 2333 260 2376 eodem
293 2333 474 2376 subiecto
497 2333 766 2391 delinquente
791 2333 1086 2391 multiplicari.
1106 2332 1223 2386 Quae
1250 2333 1533 2390 multiplicitas
1557 2336 1748 2390 provenit

120 2416 168 2447 ex
204 2416 328 2447 causa
363 2417 632 2446 censurarum
670 2406 928 2447 incursarum
975 2404 1194 2459 completa,
1229 2417 1399 2459 nempe:
1442 2416 1488 2446 cx
1534 2403 1635 2460 legis
1682 2403 1746 2447 vel

122 2476 326 2530 praecepti
364 2474 546 2530 poenalis
579 2477 838 2529 auctoritate,
872 2474 1064 2531 illiusque
1100 2474 1332 2517 violatione.
1369 2473 1474 2517 Hinc
1497 2474 1579 2517 duo
1600 2474 1683 2532 gg&

237 2547 261 2599 ἓ
292 2547 335 2587 ἓ.
375 2544 561 2587 Censura
595 2544 804 2602 quaelibet
836 2558 884 2588 ex
920 2544 1051 2588 tribus
1083 2557 1103 2588 a
1140 2546 1241 2599 iure,
1266 2544 1337 2588 sed
1363 2544 1478 2586 latae
1499 2544 1747 2600 sententiae,

119 2628 211 2658 cum
251 2631 272 2655 «
297 2617 532 2658 incurratur
567 2615 653 2671 ipso
687 2615 793 2658 facto
826 2616 1034 2658 commissi
1059 2613 1198 2659 delicti
1225 2629 1243 2654 )>
1273 2614 1382 2670 (can.
1409 2614 1534 2670 2217,
1553 2613 1582 2672 ξ
1608 2615 1643 2669 1,
1670 2614 1744 2670 ⁶20),

120 2684 454 2742 multiplicatur:

239 2755 299 2798 1⁰.
336 2756 381 2799 St
413 2757 453 2811 a)
487 2755 654 2798 diversa
684 2755 736 2799 ob
771 2755 910 2812 plures
943 2768 1122 2798 canones
1156 2755 1349 2811 poenales
1386 2755 1446 2798 vel
1484 2768 1609 2798 unum
1645 2754 1746 2798 mul-

120 2826 314 2882 tiplicem,
349 2826 518 2881 delicta,
554 2826 595 2882 b)
631 2840 805 2883 quornm
839 2825 1010 2883 sinyula
1042 2838 1261 2868 censuram
1303 2828 1439 2868 statim
1484 2824 1741 2869 subeundam

118 2895 399 2954 secumserunt
434 2895 485 2940 ob
511 2896 600 2939 illos
623 2909 816 2950 canones,
854 2896 915 2939 vel
954 2898 1073 2938 unius
1107 2895 1472 2952 multiplicitatem,
1511 2900 1552 2951 c)
1586 2894 1730 2938 eadem
