<?xml version="1.0" encoding="UTF-8"?>
<!DOCTYPE html PUBLIC "-//W3C//DTD XHTML 1.0 Transitional//EN"
    "http://www.w3.org/TR/xhtml1/DTD/xhtml1-transitional.dtd">
<html xmlns="http://www.w3.org/1999/xhtml" xml:lang="en" lang="en">
 <head>
  <title>
</title>
<meta http-equiv="Content-Type" content="text/html;charset=utf-8" />
  <meta name='ocr-system' content='tesseract 3.04.00' />
  <meta name='ocr-capabilities' content='ocr_page ocr_carea ocr_par ocr_line ocrx_word'/>
</head>
<body>
  <div class='ocr_page' id='page_1' title='image "./commentariumtext01blatuoft_0403.png"; bbox 0 0 1950 3313; ppageno 0'>
   <div class='ocr_carea' id='block_1_1' title="bbox 702 147 1763 185">
    <p class='ocr_par' dir='ltr' id='par_1_1' title="bbox 702 147 1763 185">
     <span class='ocr_line' id='line_1_1' title="bbox 702 147 1763 185; baseline 0.007 -7"><span class='ocrx_word' id='word_1_1' title='bbox 702 155 738 178; x_wconf 67' lang='lat' dir='ltr'>tx</span> <span class='ocrx_word' id='word_1_2' title='bbox 769 156 844 179; x_wconf 64' lang='lat'>1100</span> <span class='ocrx_word' id='word_1_3' title='bbox 873 147 1204 183; x_wconf 63' lang='lat' dir='ltr'>COMMENTARHJM</span> <span class='ocrx_word' id='word_1_4' title='bbox 1718 152 1763 185; x_wconf 74' lang='grc'>43</span> 
     </span>
    </p>
   </div>
   <div class='ocr_carea' id='block_1_2' title="bbox 141 205 721 209">
    <p class='ocr_par' dir='ltr' id='par_1_2' title="bbox 141 205 721 209">
     <span class='ocr_line' id='line_1_2' title="bbox 141 205 721 209; baseline 0 0"><span class='ocrx_word' id='word_1_5' title='bbox 141 205 721 209; x_wconf 95' lang='lat' dir='ltr'> </span> 
     </span>
    </p>
   </div>
   <div class='ocr_carea' id='block_1_3' title="bbox 133 265 1804 2219">
    <p class='ocr_par' dir='ltr' id='par_1_3' title="bbox 135 265 1765 605">
     <span class='ocr_line' id='line_1_3' title="bbox 137 265 1765 326; baseline 0.006 -22"><span class='ocrx_word' id='word_1_6' title='bbox 137 267 306 319; x_wconf 88' lang='lat' dir='ltr'>propter</span> <span class='ocrx_word' id='word_1_7' title='bbox 340 265 713 318; x_wconf 72' lang='lat' dir='ltr'>interpretationes,</span> <span class='ocrx_word' id='word_1_8' title='bbox 737 279 839 322; x_wconf 86' lang='lat' dir='ltr'>quas</span> <span class='ocrx_word' id='word_1_9' title='bbox 874 266 939 310; x_wconf 88' lang='lat' dir='ltr'>illa</span> <span class='ocrx_word' id='word_1_10' title='bbox 974 270 1198 316; x_wconf 75' lang='lat' dir='ltr'>continent,</span> <span class='ocrx_word' id='word_1_11' title='bbox 1223 269 1292 312; x_wconf 88' lang='lat' dir='ltr'>sed</span> <span class='ocrx_word' id='word_1_12' title='bbox 1318 270 1503 313; x_wconf 73' lang='lat' dir='ltr'>cautelae</span> <span class='ocrx_word' id='word_1_13' title='bbox 1539 284 1615 313; x_wconf 92' lang='lat' dir='ltr'>non</span> <span class='ocrx_word' id='word_1_14' title='bbox 1653 284 1765 326; x_wconf 87' lang='lat' dir='ltr'>prae-</span> 
     </span>
     <span class='ocr_line' id='line_1_4' title="bbox 136 333 1764 396; baseline 0.006 -21"><span class='ocrx_word' id='word_1_15' title='bbox 136 335 417 376; x_wconf 85' lang='lat' dir='ltr'>termittantur</span> <span class='ocrx_word' id='word_1_16' title='bbox 451 335 488 376; x_wconf 77' lang='lat' dir='ltr'>in</span> <span class='ocrx_word' id='word_1_17' title='bbox 524 333 811 377; x_wconf 84' lang='lat' dir='ltr'>discernendis</span> <span class='ocrx_word' id='word_1_18' title='bbox 844 349 949 393; x_wconf 86' lang='lat' dir='ltr'>quae</span> <span class='ocrx_word' id='word_1_19' title='bbox 985 351 1056 393; x_wconf 91' lang='lat' dir='ltr'>pro</span> <span class='ocrx_word' id='word_1_20' title='bbox 1089 350 1185 381; x_wconf 77' lang='lat' dir='ltr'>casu</span> <span class='ocrx_word' id='word_1_21' title='bbox 1223 344 1377 383; x_wconf 92' lang='lat' dir='ltr'>tantum</span> <span class='ocrx_word' id='word_1_22' title='bbox 1406 343 1612 396; x_wconf 84' lang='lat' dir='ltr'>proposito</span> <span class='ocrx_word' id='word_1_23' title='bbox 1645 342 1764 384; x_wconf 85' lang='lat' dir='ltr'>datae</span> 
     </span>
     <span class='ocr_line' id='line_1_5' title="bbox 135 403 1760 460; baseline 0.005 -14"><span class='ocrx_word' id='word_1_24' title='bbox 135 404 314 446; x_wconf 80' lang='lat' dir='ltr'>fuerunt.</span> <span class='ocrx_word' id='word_1_25' title='bbox 352 430 403 434; x_wconf 90' lang='lat'>-—</span> <span class='ocrx_word' id='word_1_26' title='bbox 440 403 652 460; x_wconf 72' lang='lat' dir='ltr'>Rescripta</span> <span class='ocrx_word' id='word_1_27' title='bbox 687 405 762 448; x_wconf 82' lang='lat' dir='ltr'>sul)</span> <span class='ocrx_word' id='word_1_28' title='bbox 798 413 923 449; x_wconf 76' lang='lat' dir='ltr'>num³.</span> <span class='ocrx_word' id='word_1_29' title='bbox 962 408 983 450; x_wconf 72' lang='lat'><strong>2</strong></span> <span class='ocrx_word' id='word_1_30' title='bbox 1008 413 1044 450; x_wconf 84' lang='lat' dir='ltr'>et</span> <span class='ocrx_word' id='word_1_31' title='bbox 1071 410 1093 450; x_wconf 71' lang='lat'>:3</span> <span class='ocrx_word' id='word_1_32' title='bbox 1133 410 1252 452; x_wconf 65' lang='lat' dir='ltr'>valde</span> <span class='ocrx_word' id='word_1_33' title='bbox 1287 410 1398 453; x_wconf 83' lang='lat' dir='ltr'>utilia</span> <span class='ocrx_word' id='word_1_34' title='bbox 1433 416 1525 453; x_wconf 86' lang='lat' dir='ltr'>suut</span> <span class='ocrx_word' id='word_1_35' title='bbox 1560 412 1607 454; x_wconf 90' lang='lat' dir='ltr'>ad</span> <span class='ocrx_word' id='word_1_36' title='bbox 1645 414 1760 454; x_wconf 88' lang='lat' dir='ltr'>iuris-</span> 
     </span>
     <span class='ocr_line' id='line_1_6' title="bbox 137 474 1762 538; baseline 0.006 -22"><span class='ocrx_word' id='word_1_37' title='bbox 137 474 399 530; x_wconf 85' lang='lat' dir='ltr'>prudentiam</span> <span class='ocrx_word' id='word_1_38' title='bbox 439 478 477 517; x_wconf 89' lang='lat' dir='ltr'>et</span> <span class='ocrx_word' id='word_1_39' title='bbox 516 477 757 518; x_wconf 84' lang='lat' dir='ltr'>canonicam</span> <span class='ocrx_word' id='word_1_40' title='bbox 804 479 1016 520; x_wconf 84' lang='lat' dir='ltr'>scientiam</span> <span class='ocrx_word' id='word_1_41' title='bbox 1064 479 1389 536; x_wconf 73' lang='lat' dir='ltr'>adipiscendam,</span> <span class='ocrx_word' id='word_1_42' title='bbox 1426 486 1541 537; x_wconf 92' lang='lat' dir='ltr'>prout</span> <span class='ocrx_word' id='word_1_43' title='bbox 1592 482 1762 538; x_wconf 76' lang='lat' dir='ltr'>quilibet</span> 
     </span>
     <span class='ocr_line' id='line_1_7' title="bbox 135 544 996 605; baseline 0.003 -17"><span class='ocrx_word' id='word_1_44' title='bbox 135 547 316 601; x_wconf 83' lang='lat' dir='ltr'>experiri</span> <span class='ocrx_word' id='word_1_45' title='bbox 353 550 497 601; x_wconf 79' lang='lat' dir='ltr'>potest,</span> <span class='ocrx_word' id='word_1_46' title='bbox 532 544 673 601; x_wconf 76' lang='lat' dir='ltr'>legens</span> <span class='ocrx_word' id='word_1_47' title='bbox 706 549 863 603; x_wconf 74' lang='lat' dir='ltr'>integre</span> <span class='ocrx_word' id='word_1_48' title='bbox 899 551 996 605; x_wconf 86' lang='lat' dir='ltr'>ipsa.</span> 
     </span>
    </p>

    <p class='ocr_par' dir='ltr' id='par_1_4' title="bbox 134 614 1762 817">
     <span class='ocr_line' id='line_1_8' title="bbox 259 614 1762 673; baseline 0.006 -16"><span class='ocrx_word' id='word_1_49' title='bbox 259 614 456 672; x_wconf 70' lang='lat' dir='ltr'>Payellae</span> <span class='ocrx_word' id='word_1_50' title='bbox 487 629 558 657; x_wconf 75' lang='lat' dir='ltr'>seu</span> <span class='ocrx_word' id='word_1_51' title='bbox 585 616 848 673; x_wconf 63' lang='lat' dir='ltr'>Summo-ia,</span> <span class='ocrx_word' id='word_1_52' title='bbox 883 620 999 662; x_wconf 87' lang='lat' dir='ltr'>l&#39;acilc</span> <span class='ocrx_word' id='word_1_53' title='bbox 1035 625 1260 664; x_wconf 85' lang='lat' dir='ltr'>noscuntur</span> <span class='ocrx_word' id='word_1_54' title='bbox 1283 635 1330 664; x_wconf 77' lang='lat' dir='ltr'>ex</span> <span class='ocrx_word' id='word_1_55' title='bbox 1357 623 1597 665; x_wconf 81' lang='lat' dir='ltr'>eorumdem</span> <span class='ocrx_word' id='word_1_56' title='bbox 1634 624 1762 666; x_wconf 91' lang='lat' dir='ltr'>titulo.</span> 
     </span>
     <span class='ocr_line' id='line_1_9' title="bbox 139 684 1761 747; baseline 0.006 -21"><span class='ocrx_word' id='word_1_57' title='bbox 139 686 355 730; x_wconf 71' lang='lat' dir='ltr'>videlicet:</span> <span class='ocrx_word' id='word_1_58' title='bbox 394 684 577 742; x_wconf 74' lang='lat' dir='ltr'>Indulta,</span> <span class='ocrx_word' id='word_1_59' title='bbox 606 686 859 734; x_wconf 69' lang='lat' dir='ltr'>Facultates,</span> <span class='ocrx_word' id='word_1_60' title='bbox 885 689 1167 732; x_wconf 64' lang='lat' dir='ltr'>Sammo-ium</span> <span class='ocrx_word' id='word_1_61' title='bbox 1190 691 1568 747; x_wconf 64' lang='lat' dir='ltr'>lmlulqenlicnwm.</span> <span class='ocrx_word' id='word_1_62' title='bbox 1600 720 1638 723; x_wconf 31' lang='grc' dir='ltr'>π-</span> <span class='ocrx_word' id='word_1_63' title='bbox 1662 697 1761 737; x_wconf 71' lang='lat' dir='ltr'>Sunt</span> 
     </span>
     <span class='ocr_line' id='line_1_10' title="bbox 134 757 1128 817; baseline 0.004 -18"><span class='ocrx_word' id='word_1_64' title='bbox 134 757 409 800; x_wconf 74' lang='lat' dir='ltr'>secundariae</span> <span class='ocrx_word' id='word_1_65' title='bbox 442 757 630 800; x_wconf 77' lang='lat' dir='ltr'>utilitatis</span> <span class='ocrx_word' id='word_1_66' title='bbox 662 762 898 803; x_wconf 80' lang='lat' dir='ltr'>canonistae</span> <span class='ocrx_word' id='word_1_67' title='bbox 932 774 1010 817; x_wconf 89' lang='lat' dir='ltr'>qua</span> <span class='ocrx_word' id='word_1_68' title='bbox 1048 761 1128 804; x_wconf 86' lang='lat' dir='ltr'>tali.</span> 
     </span>
    </p>

    <p class='ocr_par' dir='ltr' id='par_1_5' title="bbox 135 825 1765 1228">
     <span class='ocr_line' id='line_1_11' title="bbox 255 825 1761 891; baseline 0.005 -21"><span class='ocrx_word' id='word_1_69' title='bbox 255 825 559 870; x_wconf 74' lang='lat' dir='ltr'>Instrucliones</span> <span class='ocrx_word' id='word_1_70' title='bbox 595 829 661 872; x_wconf 89' lang='lat' dir='ltr'>tali</span> <span class='ocrx_word' id='word_1_71' title='bbox 691 830 892 873; x_wconf 71' lang='lat' dir='ltr'>vocabulo</span> <span class='ocrx_word' id='word_1_72' title='bbox 925 846 967 874; x_wconf 88' lang='lat' dir='ltr'>se</span> <span class='ocrx_word' id='word_1_73' title='bbox 998 832 1179 887; x_wconf 88' lang='lat' dir='ltr'>pandunt</span> <span class='ocrx_word' id='word_1_74' title='bbox 1204 838 1241 875; x_wconf 89' lang='lat' dir='ltr'>et</span> <span class='ocrx_word' id='word_1_75' title='bbox 1268 833 1328 875; x_wconf 78' lang='lat' dir='ltr'>liis</span> <span class='ocrx_word' id='word_1_76' title='bbox 1361 835 1638 891; x_wconf 71' lang='lat' dir='ltr'>aequipollent</span> <span class='ocrx_word' id='word_1_77' title='bbox 1673 841 1761 878; x_wconf 67' lang='lat' dir='ltr'>aeta</span> 
     </span>
     <span class='ocr_line' id='line_1_12' title="bbox 137 897 1759 955; baseline 0.005 -14"><span class='ocrx_word' id='word_1_78' title='bbox 137 900 333 955; x_wconf 83' lang='lat' dir='ltr'>inscripta</span> <span class='ocrx_word' id='word_1_79' title='bbox 374 897 486 942; x_wconf 82' lang='lat' dir='ltr'>Ordo</span> <span class='ocrx_word' id='word_1_80' title='bbox 510 900 742 943; x_wconf 69' lang='lat' dir='ltr'>servandus</span> <span class='ocrx_word' id='word_1_81' title='bbox 765 915 836 944; x_wconf 83' lang='lat' dir='ltr'>seu</span> <span class='ocrx_word' id='word_1_82' title='bbox 862 901 1054 946; x_wconf 67' lang='lat' dir='ltr'>Xormae.</span> <span class='ocrx_word' id='word_1_83' title='bbox 1084 929 1135 933; x_wconf 90' lang='lat'>——</span> <span class='ocrx_word' id='word_1_84' title='bbox 1161 903 1409 947; x_wconf 88' lang='lat' dir='ltr'>Earumdem</span> <span class='ocrx_word' id='word_1_85' title='bbox 1447 908 1759 949; x_wconf 64' lang='lat' dir='ltr'>instructionum</span> 
     </span>
     <span class='ocr_line' id='line_1_13' title="bbox 137 969 1761 1033; baseline 0.004 -21"><span class='ocrx_word' id='word_1_86' title='bbox 137 972 279 1012; x_wconf 88' lang='lat' dir='ltr'>notitia</span> <span class='ocrx_word' id='word_1_87' title='bbox 308 969 427 1013; x_wconf 67' lang='lat' dir='ltr'>valde</span> <span class='ocrx_word' id='word_1_88' title='bbox 463 970 572 1013; x_wconf 88' lang='lat' dir='ltr'>utilis</span> <span class='ocrx_word' id='word_1_89' title='bbox 605 976 678 1023; x_wconf 69' lang='lat' dir='ltr'>est,</span> <span class='ocrx_word' id='word_1_90' title='bbox 705 973 830 1014; x_wconf 90' lang='lat' dir='ltr'>immo</span> <span class='ocrx_word' id='word_1_91' title='bbox 865 973 1114 1030; x_wconf 87' lang='lat' dir='ltr'>quandoque</span> <span class='ocrx_word' id='word_1_92' title='bbox 1139 977 1392 1019; x_wconf 87' lang='lat' dir='ltr'>necessaria:</span> <span class='ocrx_word' id='word_1_93' title='bbox 1431 981 1567 1032; x_wconf 86' lang='lat' dir='ltr'>utpote</span> <span class='ocrx_word' id='word_1_94' title='bbox 1591 977 1697 1033; x_wconf 90' lang='lat' dir='ltr'>quod</span> <span class='ocrx_word' id='word_1_95' title='bbox 1726 980 1761 1019; x_wconf 89' lang='lat' dir='ltr'>in</span> 
     </span>
     <span class='ocr_line' id='line_1_14' title="bbox 135 1043 1761 1101; baseline 0.004 -17"><span class='ocrx_word' id='word_1_96' title='bbox 135 1043 197 1084; x_wconf 91' lang='lat' dir='ltr'>eis</span> <span class='ocrx_word' id='word_1_97' title='bbox 230 1043 451 1097; x_wconf 75' lang='lat' dir='ltr'>exponitur</span> <span class='ocrx_word' id='word_1_98' title='bbox 486 1044 547 1085; x_wconf 89' lang='lat' dir='ltr'>ius</span> <span class='ocrx_word' id='word_1_99' title='bbox 583 1044 727 1099; x_wconf 72' lang='lat' dir='ltr'>vigens</span> <span class='ocrx_word' id='word_1_100' title='bbox 772 1046 808 1085; x_wconf 92' lang='lat' dir='ltr'>in</span> <span class='ocrx_word' id='word_1_101' title='bbox 844 1058 925 1101; x_wconf 91' lang='lat' dir='ltr'>quo</span> <span class='ocrx_word' id='word_1_102' title='bbox 959 1045 1253 1097; x_wconf 81' lang='lat' dir='ltr'>t&#39;undantur,et</span> <span class='ocrx_word' id='word_1_103' title='bbox 1290 1047 1397 1089; x_wconf 89' lang='lat' dir='ltr'>modi</span> <span class='ocrx_word' id='word_1_104' title='bbox 1442 1047 1660 1089; x_wconf 85' lang='lat' dir='ltr'>traduntur</span> <span class='ocrx_word' id='word_1_105' title='bbox 1692 1062 1761 1091; x_wconf 74' lang='lat' dir='ltr'>seu</span> 
     </span>
     <span class='ocr_line' id='line_1_15' title="bbox 138 1111 1765 1172; baseline 0.004 -19"><span class='ocrx_word' id='word_1_106' title='bbox 138 1111 306 1167; x_wconf 85' lang='lat' dir='ltr'>regulae</span> <span class='ocrx_word' id='word_1_107' title='bbox 332 1111 428 1155; x_wconf 90' lang='lat' dir='ltr'>illud</span> <span class='ocrx_word' id='word_1_108' title='bbox 455 1112 690 1168; x_wconf 82' lang='lat' dir='ltr'>applicandi</span> <span class='ocrx_word' id='word_1_109' title='bbox 715 1113 763 1156; x_wconf 91' lang='lat' dir='ltr'>ad</span> <span class='ocrx_word' id='word_1_110' title='bbox 792 1117 975 1169; x_wconf 77' lang='lat' dir='ltr'>praxim:</span> <span class='ocrx_word' id='word_1_111' title='bbox 1010 1120 1132 1172; x_wconf 85' lang='lat' dir='ltr'>atque</span> <span class='ocrx_word' id='word_1_112' title='bbox 1164 1116 1392 1159; x_wconf 72' lang='lat' dir='ltr'>servandas</span> <span class='ocrx_word' id='word_1_113' title='bbox 1423 1119 1765 1172; x_wconf 70' lang='lat' dir='ltr'>praescriptiones</span> 
     </span>
     <span class='ocr_line' id='line_1_16' title="bbox 138 1185 604 1228; baseline 0.006 -4"><span class='ocrx_word' id='word_1_114' title='bbox 138 1195 216 1225; x_wconf 91' lang='lat' dir='ltr'>non</span> <span class='ocrx_word' id='word_1_115' title='bbox 255 1194 346 1225; x_wconf 90' lang='lat' dir='ltr'>raro</span> <span class='ocrx_word' id='word_1_116' title='bbox 380 1185 604 1228; x_wconf 75' lang='lat' dir='ltr'>cmitinent.</span> 
     </span>
    </p>

    <p class='ocr_par' dir='ltr' id='par_1_6' title="bbox 133 1252 1766 1665">
     <span class='ocr_line' id='line_1_17' title="bbox 257 1252 1765 1313; baseline 0.001 -17"><span class='ocrx_word' id='word_1_117' title='bbox 257 1252 446 1296; x_wconf 76' lang='lat' dir='ltr'>Litterae</span> <span class='ocrx_word' id='word_1_118' title='bbox 468 1257 604 1297; x_wconf 82' lang='lat' dir='ltr'>statim</span> <span class='ocrx_word' id='word_1_119' title='bbox 632 1259 750 1298; x_wconf 83' lang='lat' dir='ltr'>notae</span> <span class='ocrx_word' id='word_1_120' title='bbox 775 1258 875 1298; x_wconf 88' lang='lat' dir='ltr'>liunt</span> <span class='ocrx_word' id='word_1_121' title='bbox 895 1255 947 1299; x_wconf 89' lang='lat' dir='ltr'>ob</span> <span class='ocrx_word' id='word_1_122' title='bbox 965 1257 1209 1300; x_wconf 87' lang='lat' dir='ltr'>earumdem</span> <span class='ocrx_word' id='word_1_123' title='bbox 1234 1259 1408 1300; x_wconf 89' lang='lat' dir='ltr'>initium.</span> <span class='ocrx_word' id='word_1_124' title='bbox 1437 1257 1617 1313; x_wconf 82' lang='lat' dir='ltr'>lpsarum</span> <span class='ocrx_word' id='word_1_125' title='bbox 1646 1259 1765 1301; x_wconf 76' lang='lat' dir='ltr'>lectio</span> 
     </span>
     <span class='ocr_line' id='line_1_18' title="bbox 138 1324 1766 1374; baseline 0.003 -7"><span class='ocrx_word' id='word_1_126' title='bbox 138 1324 313 1368; x_wconf 87' lang='lat' dir='ltr'>utilitate</span> <span class='ocrx_word' id='word_1_127' title='bbox 348 1338 426 1367; x_wconf 88' lang='lat' dir='ltr'>non</span> <span class='ocrx_word' id='word_1_128' title='bbox 462 1326 712 1374; x_wconf 77' lang='lat' dir='ltr'>destituitur,</span> <span class='ocrx_word' id='word_1_129' title='bbox 747 1329 778 1367; x_wconf 85' lang='lat' dir='ltr'>si</span> <span class='ocrx_word' id='word_1_130' title='bbox 814 1340 886 1370; x_wconf 85' lang='lat' dir='ltr'>eae</span> <span class='ocrx_word' id='word_1_131' title='bbox 919 1330 999 1370; x_wconf 79' lang='lat' dir='ltr'>sint</span> <span class='ocrx_word' id='word_1_132' title='bbox 1037 1328 1220 1371; x_wconf 79' lang='lat' dir='ltr'>directae</span> <span class='ocrx_word' id='word_1_133' title='bbox 1254 1329 1302 1371; x_wconf 91' lang='lat' dir='ltr'>ad</span> <span class='ocrx_word' id='word_1_134' title='bbox 1330 1326 1577 1371; x_wconf 64' lang='lat' dir='ltr'>(s)rdinarios</span> <span class='ocrx_word' id='word_1_135' title='bbox 1610 1343 1766 1373; x_wconf 73' lang='lat' dir='ltr'>eunies.</span> 
     </span>
     <span class='ocr_line' id='line_1_19' title="bbox 138 1394 1765 1456; baseline 0.004 -21"><span class='ocrx_word' id='word_1_136' title='bbox 138 1394 202 1439; x_wconf 63' lang='lat' dir='ltr'>vel</span> <span class='ocrx_word' id='word_1_137' title='bbox 239 1395 414 1439; x_wconf 83' lang='lat' dir='ltr'>alicuius</span> <span class='ocrx_word' id='word_1_138' title='bbox 457 1395 601 1440; x_wconf 87' lang='lat' dir='ltr'>saltem</span> <span class='ocrx_word' id='word_1_139' title='bbox 639 1399 833 1453; x_wconf 85' lang='lat' dir='ltr'>regionis.</span> <span class='ocrx_word' id='word_1_140' title='bbox 867 1398 1058 1440; x_wconf 75' lang='lat' dir='ltr'>Attamen</span> <span class='ocrx_word' id='word_1_141' title='bbox 1104 1404 1267 1454; x_wconf 87' lang='lat' dir='ltr'>praeter</span> <span class='ocrx_word' id='word_1_142' title='bbox 1306 1401 1416 1453; x_wconf 80' lang='lat' dir='ltr'>istas,</span> <span class='ocrx_word' id='word_1_143' title='bbox 1449 1412 1555 1456; x_wconf 86' lang='lat' dir='ltr'>quae</span> <span class='ocrx_word' id='word_1_144' title='bbox 1601 1406 1765 1453; x_wconf 79' lang='lat' dir='ltr'>possunt</span> 
     </span>
     <span class='ocr_line' id='line_1_20' title="bbox 137 1468 1766 1523; baseline -0.001 -13"><span class='ocrx_word' id='word_1_145' title='bbox 137 1469 350 1510; x_wconf 80' lang='lat' dir='ltr'>continere</span> <span class='ocrx_word' id='word_1_146' title='bbox 384 1469 505 1521; x_wconf 73' lang='lat' dir='ltr'>iussa,</span> <span class='ocrx_word' id='word_1_147' title='bbox 541 1468 937 1517; x_wconf 61' lang='lat' dir='ltr'>commendationes</span> <span class='ocrx_word' id='word_1_148' title='bbox 974 1471 1278 1523; x_wconf 75' lang='lat' dir='ltr'>instructiones,</span> <span class='ocrx_word' id='word_1_149' title='bbox 1303 1474 1396 1522; x_wconf 60' lang='lat' dir='ltr'>etc„</span> <span class='ocrx_word' id='word_1_150' title='bbox 1429 1469 1532 1512; x_wconf 89' lang='lat' dir='ltr'>aliae</span> <span class='ocrx_word' id='word_1_151' title='bbox 1565 1469 1766 1513; x_wconf 73' lang='lat' dir='ltr'>aledulJio</span> 
     </span>
     <span class='ocr_line' id='line_1_21' title="bbox 139 1537 1766 1596; baseline 0 -16"><span class='ocrx_word' id='word_1_152' title='bbox 139 1539 358 1580; x_wconf 87' lang='lat' dir='ltr'>mittuntur</span> <span class='ocrx_word' id='word_1_153' title='bbox 382 1537 476 1581; x_wconf 78' lang='lat' dir='ltr'>lluic</span> <span class='ocrx_word' id='word_1_154' title='bbox 504 1538 565 1582; x_wconf 73' lang='lat' dir='ltr'>vel</span> <span class='ocrx_word' id='word_1_155' title='bbox 591 1538 708 1582; x_wconf 91' lang='lat' dir='ltr'>alteri</span> <span class='ocrx_word' id='word_1_156' title='bbox 743 1541 952 1595; x_wconf 72' lang='lat' dir='ltr'>Superiori</span> <span class='ocrx_word' id='word_1_157' title='bbox 990 1554 1060 1595; x_wconf 93' lang='lat' dir='ltr'>pro</span> <span class='ocrx_word' id='word_1_158' title='bbox 1097 1542 1382 1583; x_wconf 84' lang='lat' dir='ltr'>intormatione</span> <span class='ocrx_word' id='word_1_159' title='bbox 1416 1546 1452 1583; x_wconf 86' lang='lat' dir='ltr'>et</span> <span class='ocrx_word' id='word_1_160' title='bbox 1482 1545 1574 1583; x_wconf 72' lang='lat' dir='ltr'>roto</span> <span class='ocrx_word' id='word_1_161' title='bbox 1603 1540 1663 1583; x_wconf 61' lang='lat' dir='ltr'>rel</span> <span class='ocrx_word' id='word_1_162' title='bbox 1693 1555 1766 1596; x_wconf 86' lang='lat' dir='ltr'>pro</span> 
     </span>
     <span class='ocr_line' id='line_1_22' title="bbox 133 1607 800 1665; baseline -0.001 -14"><span class='ocrx_word' id='word_1_163' title='bbox 133 1607 378 1651; x_wconf 84' lang='lat' dir='ltr'>eorumdem</span> <span class='ocrx_word' id='word_1_164' title='bbox 416 1611 576 1665; x_wconf 74' lang='lat' dir='ltr'>privata</span> <span class='ocrx_word' id='word_1_165' title='bbox 614 1609 800 1653; x_wconf 89' lang='lat' dir='ltr'>utilitate.</span> 
     </span>
    </p>

    <p class='ocr_par' dir='ltr' id='par_1_7' title="bbox 138 1678 1765 1793">
     <span class='ocr_line' id='line_1_23' title="bbox 255 1678 1765 1736; baseline 0.001 -15"><span class='ocrx_word' id='word_1_166' title='bbox 255 1678 441 1736; x_wconf 83' lang='lat' dir='ltr'>Denique</span> <span class='ocrx_word' id='word_1_167' title='bbox 466 1678 628 1722; x_wconf 71' lang='lat' dir='ltr'>Monita</span> <span class='ocrx_word' id='word_1_168' title='bbox 662 1682 693 1722; x_wconf 88' lang='lat' dir='ltr'>si</span> <span class='ocrx_word' id='word_1_169' title='bbox 721 1683 782 1723; x_wconf 88' lang='lat' dir='ltr'>ius</span> <span class='ocrx_word' id='word_1_170' title='bbox 806 1684 1030 1731; x_wconf 64' lang='lat' dir='ltr'>continent,</span> <span class='ocrx_word' id='word_1_171' title='bbox 1055 1686 1165 1724; x_wconf 84' lang='lat' dir='ltr'>certe</span> <span class='ocrx_word' id='word_1_172' title='bbox 1194 1687 1287 1724; x_wconf 81' lang='lat' dir='ltr'>sunt</span> <span class='ocrx_word' id='word_1_173' title='bbox 1312 1681 1623 1724; x_wconf 87' lang='lat' dir='ltr'>adnumeranda</span> <span class='ocrx_word' id='word_1_174' title='bbox 1662 1683 1765 1723; x_wconf 88' lang='lat' dir='ltr'>inter</span> 
     </span>
     <span class='ocr_line' id='line_1_24' title="bbox 138 1751 624 1793; baseline 0 -1"><span class='ocrx_word' id='word_1_175' title='bbox 138 1751 363 1793; x_wconf 82' lang='lat' dir='ltr'>memoriae</span> <span class='ocrx_word' id='word_1_176' title='bbox 399 1752 624 1793; x_wconf 70' lang='lat' dir='ltr'>iuvanuna.</span> 
     </span>
    </p>

    <p class='ocr_par' dir='ltr' id='par_1_8' title="bbox 134 1821 1804 2219">
     <span class='ocr_line' id='line_1_25' title="bbox 255 1821 1767 1878; baseline 0 -14"><span class='ocrx_word' id='word_1_177' title='bbox 255 1821 433 1876; x_wconf 58' lang='lat' dir='ltr'>Spei-iali</span> <span class='ocrx_word' id='word_1_178' title='bbox 480 1824 687 1865; x_wconf 89' lang='lat' dir='ltr'>mentione</span> <span class='ocrx_word' id='word_1_179' title='bbox 732 1822 881 1878; x_wconf 74' lang='lat' dir='ltr'>dignae</span> <span class='ocrx_word' id='word_1_180' title='bbox 925 1828 1017 1865; x_wconf 85' lang='lat' dir='ltr'>sunt</span> <span class='ocrx_word' id='word_1_181' title='bbox 1051 1824 1088 1865; x_wconf 66' lang='lat'>5.</span> <span class='ocrx_word' id='word_1_182' title='bbox 1127 1822 1334 1866; x_wconf 75' lang='lat' dir='ltr'>Romanae</span> <span class='ocrx_word' id='word_1_183' title='bbox 1368 1822 1494 1865; x_wconf 79' lang='lat' dir='ltr'>Rotae</span> <span class='ocrx_word' id='word_1_184' title='bbox 1527 1825 1767 1865; x_wconf 83' lang='lat' dir='ltr'>sententiae.</span> 
     </span>
     <span class='ocr_line' id='line_1_26' title="bbox 136 1892 1804 1950; baseline 0.001 -18"><span class='ocrx_word' id='word_1_185' title='bbox 136 1904 244 1948; x_wconf 87' lang='lat' dir='ltr'>quae</span> <span class='ocrx_word' id='word_1_186' title='bbox 267 1892 574 1935; x_wconf 75' lang='lat' dir='ltr'>Commentario</span> <span class='ocrx_word' id='word_1_187' title='bbox 600 1895 837 1935; x_wconf 86' lang='lat' dir='ltr'>inseruntur</span> <span class='ocrx_word' id='word_1_188' title='bbox 861 1893 1038 1936; x_wconf 87' lang='lat' dir='ltr'>otiiciali.</span> <span class='ocrx_word' id='word_1_189' title='bbox 1076 1892 1162 1936; x_wconf 88' lang='lat' dir='ltr'>Hac</span> <span class='ocrx_word' id='word_1_190' title='bbox 1195 1893 1400 1950; x_wconf 80' lang='lat' dir='ltr'>siquidem</span> <span class='ocrx_word' id='word_1_191' title='bbox 1438 1892 1653 1935; x_wconf 88' lang='lat' dir='ltr'>iuridicam</span> <span class='ocrx_word' id='word_1_192' title='bbox 1683 1895 1764 1934; x_wconf 66' lang='lat' dir='ltr'>rim</span> <span class='ocrx_word' id='word_1_193' title='bbox 1798 1902 1804 1908; x_wconf 87' lang='lat'><strong>·</strong></span> 
     </span>
     <span class='ocr_line' id='line_1_27' title="bbox 136 1961 1767 2018; baseline -0.001 -12"><span class='ocrx_word' id='word_1_194' title='bbox 136 1961 286 2006; x_wconf 84' lang='lat' dir='ltr'>habent</span> <span class='ocrx_word' id='word_1_195' title='bbox 322 1963 453 2005; x_wconf 84' lang='lat' dir='ltr'>solum</span> <span class='ocrx_word' id='word_1_196' title='bbox 491 1965 527 2005; x_wconf 91' lang='lat' dir='ltr'>in</span> <span class='ocrx_word' id='word_1_197' title='bbox 562 1976 673 2016; x_wconf 87' lang='lat' dir='ltr'>casu,</span> <span class='ocrx_word' id='word_1_198' title='bbox 707 1964 776 2006; x_wconf 87' lang='lat' dir='ltr'>sed</span> <span class='ocrx_word' id='word_1_199' title='bbox 815 1966 1083 2006; x_wconf 85' lang='lat' dir='ltr'>instructione</span> <span class='ocrx_word' id='word_1_200' title='bbox 1118 1965 1316 2007; x_wconf 87' lang='lat' dir='ltr'>canonica</span> <span class='ocrx_word' id='word_1_201' title='bbox 1353 1965 1542 2006; x_wconf 84' lang='lat' dir='ltr'>refertae.</span> <span class='ocrx_word' id='word_1_202' title='bbox 1575 1965 1767 2018; x_wconf 78' lang='lat' dir='ltr'>iurispru-</span> 
     </span>
     <span class='ocr_line' id='line_1_28' title="bbox 134 2033 1767 2081; baseline -0.002 -4"><span class='ocrx_word' id='word_1_203' title='bbox 134 2036 317 2077; x_wconf 85' lang='lat' dir='ltr'>dentiam</span> <span class='ocrx_word' id='word_1_204' title='bbox 353 2035 515 2081; x_wconf 79' lang='lat' dir='ltr'>docent,</span> <span class='ocrx_word' id='word_1_205' title='bbox 540 2039 576 2077; x_wconf 90' lang='lat' dir='ltr'>et</span> <span class='ocrx_word' id='word_1_206' title='bbox 604 2034 801 2077; x_wconf 88' lang='lat' dir='ltr'>inducunt</span> <span class='ocrx_word' id='word_1_207' title='bbox 837 2048 883 2077; x_wconf 77' lang='lat' dir='ltr'>ex</span> <span class='ocrx_word' id='word_1_208' title='bbox 923 2037 1078 2077; x_wconf 88' lang='lat' dir='ltr'>iteratis</span> <span class='ocrx_word' id='word_1_209' title='bbox 1110 2033 1315 2077; x_wconf 81' lang='lat' dir='ltr'>similibus</span> <span class='ocrx_word' id='word_1_210' title='bbox 1348 2035 1561 2077; x_wconf 87' lang='lat' dir='ltr'>sententiis</span> <span class='ocrx_word' id='word_1_211' title='bbox 1596 2034 1767 2076; x_wconf 74' lang='lat' dir='ltr'>iudicia-</span> 
     </span>
     <span class='ocr_line' id='line_1_29' title="bbox 138 2103 1764 2165; baseline 0 -19"><span class='ocrx_word' id='word_1_212' title='bbox 138 2103 244 2148; x_wconf 85' lang='lat' dir='ltr'>libus</span> <span class='ocrx_word' id='word_1_213' title='bbox 277 2105 429 2162; x_wconf 61' lang='lat' dir='ltr'>stylum</span> <span class='ocrx_word' id='word_1_214' title='bbox 465 2105 612 2148; x_wconf 81' lang='lat' dir='ltr'>Curiae</span> <span class='ocrx_word' id='word_1_215' title='bbox 654 2118 857 2165; x_wconf 83' lang='lat' dir='ltr'>usumque</span> <span class='ocrx_word' id='word_1_216' title='bbox 897 2107 1115 2151; x_wconf 76' lang='lat' dir='ltr'>sorensem.</span> <span class='ocrx_word' id='word_1_217' title='bbox 1151 2107 1219 2162; x_wconf 84' lang='lat' dir='ltr'>qui</span> <span class='ocrx_word' id='word_1_218' title='bbox 1258 2107 1339 2147; x_wconf 72' lang='lat' dir='ltr'>vim</span> <span class='ocrx_word' id='word_1_219' title='bbox 1377 2104 1478 2161; x_wconf 79' lang='lat' dir='ltr'>legis</span> <span class='ocrx_word' id='word_1_220' title='bbox 1518 2103 1679 2156; x_wconf 79' lang='lat' dir='ltr'>habeat,</span> <span class='ocrx_word' id='word_1_221' title='bbox 1714 2107 1764 2146; x_wconf 86' lang='lat' dir='ltr'>ita</span> 
     </span>
     <span class='ocr_line' id='line_1_30' title="bbox 141 2176 1274 2219; baseline 0 -1"><span class='ocrx_word' id='word_1_222' title='bbox 141 2180 181 2218; x_wconf 94' lang='lat' dir='ltr'>ut</span> <span class='ocrx_word' id='word_1_223' title='bbox 216 2188 305 2219; x_wconf 87' lang='lat' dir='ltr'>eam</span> <span class='ocrx_word' id='word_1_224' title='bbox 342 2177 559 2219; x_wconf 83' lang='lat' dir='ltr'>inferiores</span> <span class='ocrx_word' id='word_1_225' title='bbox 593 2176 751 2219; x_wconf 84' lang='lat' dir='ltr'>iudices</span> <span class='ocrx_word' id='word_1_226' title='bbox 784 2176 1008 2219; x_wconf 71' lang='lat' dir='ltr'>observare</span> <span class='ocrx_word' id='word_1_227' title='bbox 1044 2181 1274 2219; x_wconf 84' lang='lat' dir='ltr'>teneantur.</span> 
     </span>
    </p>
   </div>
   <div class='ocr_carea' id='block_1_4' title="bbox 160 2352 1726 2526">
    <p class='ocr_par' dir='ltr' id='par_1_9' title="bbox 160 2352 1726 2526">
     <span class='ocr_line' id='line_1_31' title="bbox 918 2352 979 2395; baseline 0 -1"><span class='ocrx_word' id='word_1_228' title='bbox 918 2352 979 2395; x_wconf 67' lang='lat' dir='ltr'>xi.</span> 
     </span>
     <span class='ocr_line' id='line_1_32' title="bbox 160 2459 1726 2526; baseline -0.003 -14"><span class='ocrx_word' id='word_1_229' title='bbox 160 2462 237 2513; x_wconf 82' lang='lat' dir='ltr'>De</span> <span class='ocrx_word' id='word_1_230' title='bbox 281 2461 443 2513; x_wconf 83' lang='lat' dir='ltr'>Bulla</span> <span class='ocrx_word' id='word_1_231' title='bbox 488 2461 968 2526; x_wconf 82' lang='lat' dir='ltr'>promulgationis</span> <span class='ocrx_word' id='word_1_232' title='bbox 1010 2461 1227 2513; x_wconf 88' lang='lat' dir='ltr'>Codicis</span> <span class='ocrx_word' id='word_1_233' title='bbox 1267 2460 1412 2511; x_wconf 81' lang='lat' dir='ltr'>Iuris</span> <span class='ocrx_word' id='word_1_234' title='bbox 1453 2459 1726 2511; x_wconf 81' lang='lat' dir='ltr'>canonici.</span> 
     </span>
    </p>
   </div>
   <div class='ocr_carea' id='block_1_5' title="bbox 137 2600 1771 2927">
    <p class='ocr_par' dir='ltr' id='par_1_10' title="bbox 137 2600 1771 2927">
     <span class='ocr_line' id='line_1_33' title="bbox 261 2600 1768 2651; baseline -0.002 -8"><span class='ocrx_word' id='word_1_235' title='bbox 261 2601 328 2645; x_wconf 77' lang='lat'>37.</span> <span class='ocrx_word' id='word_1_236' title='bbox 365 2603 835 2648; x_wconf 82' lang='lat' dir='ltr'>Animadversiones</span> <span class='ocrx_word' id='word_1_237' title='bbox 859 2603 989 2647; x_wconf 83' lang='lat' dir='ltr'>circa</span> <span class='ocrx_word' id='word_1_238' title='bbox 1019 2602 1207 2646; x_wconf 88' lang='lat' dir='ltr'>Bullam</span> <span class='ocrx_word' id='word_1_239' title='bbox 1244 2600 1267 2621; x_wconf 90' lang='lat'>“</span> <span class='ocrx_word' id='word_1_240' title='bbox 1290 2600 1726 2645; x_wconf 86' lang='lat' dir='ltr'>Providentissima</span> <span class='ocrx_word' id='word_1_241' title='bbox 1746 2631 1768 2651; x_wconf 89' lang='lat'>„</span> 
     </span>
     <span class='ocr_line' id='line_1_34' title="bbox 139 2667 1771 2730; baseline -0.006 -14"><span class='ocrx_word' id='word_1_242' title='bbox 139 2686 220 2730; x_wconf 85' lang='lat' dir='ltr'>qua</span> <span class='ocrx_word' id='word_1_243' title='bbox 254 2671 393 2715; x_wconf 76' lang='lat' dir='ltr'>Codex</span> <span class='ocrx_word' id='word_1_244' title='bbox 430 2672 716 2729; x_wconf 84' lang='lat' dir='ltr'>promulgatus</span> <span class='ocrx_word' id='word_1_245' title='bbox 748 2677 821 2716; x_wconf 89' lang='lat' dir='ltr'>est.</span> <span class='ocrx_word' id='word_1_246' title='bbox 858 2671 971 2715; x_wconf 79' lang='lat' dir='ltr'>luxta</span> <span class='ocrx_word' id='word_1_247' title='bbox 1010 2673 1167 2727; x_wconf 80' lang='lat' dir='ltr'>praxim</span> <span class='ocrx_word' id='word_1_248' title='bbox 1206 2673 1243 2713; x_wconf 89' lang='lat' dir='ltr'>in</span> <span class='ocrx_word' id='word_1_249' title='bbox 1266 2669 1595 2726; x_wconf 83' lang='lat' dir='ltr'>promulgatione</span> <span class='ocrx_word' id='word_1_250' title='bbox 1628 2667 1771 2709; x_wconf 72' lang='lat' dir='ltr'>roller-</span> 
     </span>
     <span class='ocr_line' id='line_1_35' title="bbox 142 2737 1771 2796; baseline -0.004 -11"><span class='ocrx_word' id='word_1_251' title='bbox 142 2745 298 2786; x_wconf 89' lang='lat' dir='ltr'>tionum</span> <span class='ocrx_word' id='word_1_252' title='bbox 334 2744 435 2785; x_wconf 89' lang='lat' dir='ltr'>iuris</span> <span class='ocrx_word' id='word_1_253' title='bbox 477 2745 663 2786; x_wconf 86' lang='lat' dir='ltr'>canonici</span> <span class='ocrx_word' id='word_1_254' title='bbox 708 2742 1039 2786; x_wconf 84' lang='lat' dir='ltr'>authenticarum</span> <span class='ocrx_word' id='word_1_255' title='bbox 1075 2746 1298 2788; x_wconf 72' lang='lat' dir='ltr'>servatam,</span> <span class='ocrx_word' id='word_1_256' title='bbox 1335 2743 1440 2783; x_wconf 90' lang='lat' dir='ltr'>inter</span> <span class='ocrx_word' id='word_1_257' title='bbox 1484 2751 1585 2796; x_wconf 84' lang='lat' dir='ltr'>quas</span> <span class='ocrx_word' id='word_1_258' title='bbox 1619 2737 1771 2787; x_wconf 71' lang='lat' dir='ltr'>(Imlex,</span> 
     </span>
     <span class='ocr_line' id='line_1_36' title="bbox 139 2808 1771 2870; baseline -0.005 -15"><span class='ocrx_word' id='word_1_259' title='bbox 139 2818 182 2856; x_wconf 88' lang='lat' dir='ltr'>ut</span> <span class='ocrx_word' id='word_1_260' title='bbox 216 2813 437 2870; x_wconf 74' lang='lat' dir='ltr'>perfectior</span> <span class='ocrx_word' id='word_1_261' title='bbox 473 2812 765 2870; x_wconf 87' lang='lat' dir='ltr'>undequaque,</span> <span class='ocrx_word' id='word_1_262' title='bbox 799 2818 859 2856; x_wconf 88' lang='lat' dir='ltr'>est</span> <span class='ocrx_word' id='word_1_263' title='bbox 892 2811 1245 2860; x_wconf 83' lang='lat' dir='ltr'>connumeramla,</span> <span class='ocrx_word' id='word_1_264' title='bbox 1284 2810 1394 2853; x_wconf 83' lang='lat' dir='ltr'>Bulla</span> <span class='ocrx_word' id='word_1_265' title='bbox 1430 2808 1771 2865; x_wconf 75' lang='lat' dir='ltr'>promulgationis</span> 
     </span>
     <span class='ocr_line' id='line_1_37' title="bbox 137 2878 1767 2927; baseline -0.005 -1"><span class='ocrx_word' id='word_1_266' title='bbox 137 2884 377 2927; x_wconf 83' lang='lat' dir='ltr'>inscribitur</span> <span class='ocrx_word' id='word_1_267' title='bbox 403 2886 514 2927; x_wconf 85' lang='lat' dir='ltr'>iuxta</span> <span class='ocrx_word' id='word_1_268' title='bbox 552 2897 688 2926; x_wconf 87' lang='lat' dir='ltr'>mores</span> <span class='ocrx_word' id='word_1_269' title='bbox 721 2889 881 2927; x_wconf 85' lang='lat' dir='ltr'>nostros</span> <span class='ocrx_word' id='word_1_270' title='bbox 919 2899 937 2923; x_wconf 85' lang='lat'>«</span> <span class='ocrx_word' id='word_1_271' title='bbox 958 2881 1255 2926; x_wconf 79' lang='lat' dir='ltr'>catholicarum</span> <span class='ocrx_word' id='word_1_272' title='bbox 1291 2881 1521 2923; x_wconf 87' lang='lat' dir='ltr'>studiorum</span> <span class='ocrx_word' id='word_1_273' title='bbox 1560 2878 1767 2922; x_wconf 67' lang='lat' dir='ltr'>[nirersi-</span> 
     </span>
    </p>
   </div>
  </div>
 </body>
</html>
