<?xml version="1.0" encoding="UTF-8"?>
<!DOCTYPE html PUBLIC "-//W3C//DTD XHTML 1.0 Transitional//EN"
    "http://www.w3.org/TR/xhtml1/DTD/xhtml1-transitional.dtd">
<html xmlns="http://www.w3.org/1999/xhtml" xml:lang="en" lang="en">
 <head>
  <title>
</title>
<meta http-equiv="Content-Type" content="text/html;charset=utf-8" />
  <meta name='ocr-system' content='tesseract 3.04.00' />
  <meta name='ocr-capabilities' content='ocr_page ocr_carea ocr_par ocr_line ocrx_word'/>
</head>
<body>
  <div class='ocr_page' id='page_1' title='image "./commentariumtext01blatuoft_0200.png"; bbox 0 0 1950 3313; ppageno 0'>
   <div class='ocr_carea' id='block_1_1' title="bbox 172 154 792 190">
    <p class='ocr_par' dir='ltr' id='par_1_1' title="bbox 172 154 792 190">
     <span class='ocr_line' id='line_1_1' title="bbox 172 154 792 190; baseline -0.003 -1"><span class='ocrx_word' id='word_1_1' title='bbox 172 155 240 190; x_wconf 86' lang='lat'>188</span> <span class='ocrx_word' id='word_1_2' title='bbox 634 154 718 188; x_wconf 75' lang='lat' dir='ltr'>Lm.</span> <span class='ocrx_word' id='word_1_3' title='bbox 747 154 792 188; x_wconf 84' lang='lat' dir='ltr'>V.</span> 
     </span>
    </p>
   </div>
   <div class='ocr_carea' id='block_1_2' title="bbox 823 153 1048 189">
    <p class='ocr_par' dir='ltr' id='par_1_2' title="bbox 823 153 1048 189">
     <span class='ocr_line' id='line_1_2' title="bbox 823 153 1048 189; baseline 0.009 -3"><span class='ocrx_word' id='word_1_4' title='bbox 823 174 834 179; x_wconf 98' lang='lat'>-</span> <span class='ocrx_word' id='word_1_5' title='bbox 862 153 972 188; x_wconf 79' lang='lat' dir='ltr'>PARS</span> <span class='ocrx_word' id='word_1_6' title='bbox 1000 153 1048 189; x_wconf 90' lang='grc' dir='ltr'>ΙΙ.</span> 
     </span>
    </p>
   </div>
   <div class='ocr_carea' id='block_1_3' title="bbox 176 215 950 220">
    <p class='ocr_par' dir='ltr' id='par_1_3' title="bbox 176 215 950 220">
     <span class='ocr_line' id='line_1_3' title="bbox 176 215 950 220; baseline 0 0"><span class='ocrx_word' id='word_1_7' title='bbox 176 215 950 220; x_wconf 95' lang='lat' dir='ltr'> </span> 
     </span>
    </p>
   </div>
   <div class='ocr_carea' id='block_1_4' title="bbox 166 273 946 923">
    <p class='ocr_par' dir='ltr' id='par_1_4' title="bbox 166 273 942 403">
     <span class='ocr_line' id='line_1_4' title="bbox 168 273 942 318; baseline -0.001 -10"><span class='ocrx_word' id='word_1_8' title='bbox 168 274 221 315; x_wconf 82' lang='lat' dir='ltr'>lis,</span> <span class='ocrx_word' id='word_1_9' title='bbox 257 274 282 307; x_wconf 89' lang='lat' dir='ltr'>si</span> <span class='ocrx_word' id='word_1_10' title='bbox 314 273 371 307; x_wconf 51' lang='lat' dir='ltr'>fiat¹</span> <span class='ocrx_word' id='word_1_11' title='bbox 397 286 414 308; x_wconf 91' lang='lat' dir='ltr'>a</span> <span class='ocrx_word' id='word_1_12' title='bbox 443 273 555 308; x_wconf 85' lang='lat' dir='ltr'>iudice</span> <span class='ocrx_word' id='word_1_13' title='bbox 596 284 654 318; x_wconf 91' lang='lat' dir='ltr'>pro</span> <span class='ocrx_word' id='word_1_14' title='bbox 681 273 849 307; x_wconf 81' lang='lat' dir='ltr'>tribunali</span> <span class='ocrx_word' id='word_1_15' title='bbox 890 284 942 307; x_wconf 91' lang='lat' dir='ltr'>se-</span> 
     </span>
     <span class='ocr_line' id='line_1_5' title="bbox 166 319 943 366; baseline -0.001 -11"><span class='ocrx_word' id='word_1_16' title='bbox 166 321 269 356; x_wconf 82' lang='lat' dir='ltr'>dente</span> <span class='ocrx_word' id='word_1_17' title='bbox 305 322 353 355; x_wconf 73' lang='lat' dir='ltr'>vel</span> <span class='ocrx_word' id='word_1_18' title='bbox 393 321 436 354; x_wconf 87' lang='lat' dir='ltr'>ab</span> <span class='ocrx_word' id='word_1_19' title='bbox 464 319 651 355; x_wconf 89' lang='lat' dir='ltr'>Ordiuario</span> <span class='ocrx_word' id='word_1_20' title='bbox 688 325 769 355; x_wconf 88' lang='lat' dir='ltr'>aute</span> <span class='ocrx_word' id='word_1_21' title='bbox 811 331 943 366; x_wconf 87' lang='lat' dir='ltr'>proces-</span> 
     </span>
     <span class='ocr_line' id='line_1_6' title="bbox 166 368 501 403; baseline -0.003 -1"><span class='ocrx_word' id='word_1_22' title='bbox 166 379 243 402; x_wconf 72' lang='lat' dir='ltr'>sum</span> <span class='ocrx_word' id='word_1_23' title='bbox 270 368 501 403; x_wconf 72' lang='lat' dir='ltr'>criminalem.</span> 
     </span>
    </p>

    <p class='ocr_par' dir='ltr' id='par_1_5' title="bbox 168 413 946 555">
     <span class='ocr_line' id='line_1_7' title="bbox 215 413 946 460; baseline 0.001 -12"><span class='ocrx_word' id='word_1_24' title='bbox 215 418 233 460; x_wconf 58' lang='lat'><strong>3</strong></span> <span class='ocrx_word' id='word_1_25' title='bbox 260 413 291 448; x_wconf 92' lang='grc'>4.</span> <span class='ocrx_word' id='word_1_26' title='bbox 315 413 491 460; x_wconf 78' lang='lat' dir='ltr'>Correptio</span> <span class='ocrx_word' id='word_1_27' title='bbox 518 414 692 450; x_wconf 87' lang='lat' dir='ltr'>iudicialis</span> <span class='ocrx_word' id='word_1_28' title='bbox 720 415 771 449; x_wconf 91' lang='lat' dir='ltr'>vet</span> <span class='ocrx_word' id='word_1_29' title='bbox 799 414 946 449; x_wconf 88' lang='lat' dir='ltr'>habetur</span> 
     </span>
     <span class='ocr_line' id='line_1_8' title="bbox 168 457 945 508; baseline 0.001 -12"><span class='ocrx_word' id='word_1_30' title='bbox 168 462 239 497; x_wconf 94' lang='lat' dir='ltr'>loco</span> <span class='ocrx_word' id='word_1_31' title='bbox 268 472 396 507; x_wconf 85' lang='lat' dir='ltr'>poenae</span> <span class='ocrx_word' id='word_1_32' title='bbox 424 462 474 497; x_wconf 58' lang='lat' dir='ltr'>tel</span> <span class='ocrx_word' id='word_1_33' title='bbox 504 461 540 496; x_wconf 86' lang='lat' dir='ltr'>fit</span> <span class='ocrx_word' id='word_1_34' title='bbox 565 462 606 496; x_wconf 82' lang='lat' dir='ltr'>id</span> <span class='ocrx_word' id='word_1_35' title='bbox 634 457 830 506; x_wconf 85' lang='lat' dir='ltr'>augendam</span> <span class='ocrx_word' id='word_1_36' title='bbox 868 473 945 508; x_wconf 88' lang='lat' dir='ltr'>poe-</span> 
     </span>
     <span class='ocr_line' id='line_1_9' title="bbox 169 509 945 555; baseline 0.001 -12"><span class='ocrx_word' id='word_1_37' title='bbox 169 520 263 551; x_wconf 84' lang='lat' dir='ltr'>nam,</span> <span class='ocrx_word' id='word_1_38' title='bbox 294 520 476 555; x_wconf 73' lang='lat' dir='ltr'>praecipue</span> <span class='ocrx_word' id='word_1_39' title='bbox 502 509 529 543; x_wconf 84' lang='lat' dir='ltr'>si</span> <span class='ocrx_word' id='word_1_40' title='bbox 557 514 681 554; x_wconf 81' lang='lat' dir='ltr'>agatur</span> <span class='ocrx_word' id='word_1_41' title='bbox 707 509 749 544; x_wconf 89' lang='lat' dir='ltr'>de</span> <span class='ocrx_word' id='word_1_42' title='bbox 782 510 945 544; x_wconf 57' lang='lat' dir='ltr'>recidito</span> 
     </span>
    </p>

    <p class='ocr_par' dir='ltr' id='par_1_6' title="bbox 167 555 943 734">
     <span class='ocr_line' id='line_1_10' title="bbox 216 555 943 602; baseline 0.004 -13"><span class='ocrx_word' id='word_1_43' title='bbox 216 560 234 597; x_wconf 62' lang='grc' dir='ltr'>ξ</span> <span class='ocrx_word' id='word_1_44' title='bbox 261 555 293 589; x_wconf 78' lang='lat'>5.</span> <span class='ocrx_word' id='word_1_45' title='bbox 330 555 375 591; x_wconf 87' lang='lat' dir='ltr'>De</span> <span class='ocrx_word' id='word_1_46' title='bbox 415 556 605 592; x_wconf 88' lang='lat' dir='ltr'>monitione</span> <span class='ocrx_word' id='word_1_47' title='bbox 643 560 676 592; x_wconf 91' lang='lat' dir='ltr'>et</span> <span class='ocrx_word' id='word_1_48' title='bbox 713 557 943 602; x_wconf 82' lang='lat' dir='ltr'>correptione</span> 
     </span>
     <span class='ocr_line' id='line_1_11' title="bbox 167 603 946 643; baseline 0.001 -5"><span class='ocrx_word' id='word_1_49' title='bbox 167 603 229 638; x_wconf 81' lang='lat' dir='ltr'>etsi</span> <span class='ocrx_word' id='word_1_50' title='bbox 257 608 386 638; x_wconf 83' lang='lat' dir='ltr'>secreto</span> <span class='ocrx_word' id='word_1_51' title='bbox 414 604 522 639; x_wconf 86' lang='lat' dir='ltr'>factae</span> <span class='ocrx_word' id='word_1_52' title='bbox 550 603 689 643; x_wconf 85' lang='lat' dir='ltr'>fuerint,</span> <span class='ocrx_word' id='word_1_53' title='bbox 719 609 878 639; x_wconf 81' lang='lat' dir='ltr'>constare</span> <span class='ocrx_word' id='word_1_54' title='bbox 892 604 946 639; x_wconf 90' lang='lat' dir='ltr'>de</span> 
     </span>
     <span class='ocr_line' id='line_1_12' title="bbox 170 650 946 696; baseline 0.003 -11"><span class='ocrx_word' id='word_1_55' title='bbox 170 651 225 685; x_wconf 90' lang='lat' dir='ltr'>bet</span> <span class='ocrx_word' id='word_1_56' title='bbox 250 661 287 685; x_wconf 78' lang='lat' dir='ltr'>ex</span> <span class='ocrx_word' id='word_1_57' title='bbox 315 650 432 696; x_wconf 88' lang='lat' dir='ltr'>aliquo</span> <span class='ocrx_word' id='word_1_58' title='bbox 458 650 690 686; x_wconf 84' lang='lat' dir='ltr'>documento&#39;</span> <span class='ocrx_word' id='word_1_59' title='bbox 683 661 720 686; x_wconf 84' lang='lat' dir='ltr'>in</span> <span class='ocrx_word' id='word_1_60' title='bbox 746 656 875 687; x_wconf 86' lang='lat' dir='ltr'>secreto</span> <span class='ocrx_word' id='word_1_61' title='bbox 894 663 946 687; x_wconf 87' lang='lat' dir='ltr'>ar-</span> 
     </span>
     <span class='ocr_line' id='line_1_13' title="bbox 168 698 669 734; baseline 0 -2"><span class='ocrx_word' id='word_1_62' title='bbox 168 698 269 732; x_wconf 83' lang='lat' dir='ltr'>cliivo</span> <span class='ocrx_word' id='word_1_63' title='bbox 296 698 420 734; x_wconf 84' lang='lat' dir='ltr'>Curiae</span> <span class='ocrx_word' id='word_1_64' title='bbox 445 699 669 734; x_wconf 71' lang='lat' dir='ltr'>asservando.</span> 
     </span>
    </p>

    <p class='ocr_par' dir='ltr' id='par_1_7' title="bbox 169 744 945 886">
     <span class='ocr_line' id='line_1_14' title="bbox 216 744 945 792; baseline 0.003 -13"><span class='ocrx_word' id='word_1_65' title='bbox 216 749 235 788; x_wconf 66' lang='grc' dir='ltr'>ξ</span> <span class='ocrx_word' id='word_1_66' title='bbox 261 744 293 780; x_wconf 88' lang='grc'>6.</span> <span class='ocrx_word' id='word_1_67' title='bbox 327 745 412 780; x_wconf 88' lang='lat' dir='ltr'>Tam</span> <span class='ocrx_word' id='word_1_68' title='bbox 450 745 619 792; x_wconf 77' lang='lat' dir='ltr'>correptio</span> <span class='ocrx_word' id='word_1_69' title='bbox 657 756 761 791; x_wconf 86' lang='lat' dir='ltr'>quam</span> <span class='ocrx_word' id='word_1_70' title='bbox 798 746 945 781; x_wconf 84' lang='lat' dir='ltr'>monitio</span> 
     </span>
     <span class='ocr_line' id='line_1_15' title="bbox 171 792 945 839; baseline 0.001 -12"><span class='ocrx_word' id='word_1_71' title='bbox 171 792 241 827; x_wconf 85' lang='lat' dir='ltr'>fieri</span> <span class='ocrx_word' id='word_1_72' title='bbox 271 797 380 838; x_wconf 88' lang='lat' dir='ltr'>potest</span> <span class='ocrx_word' id='word_1_73' title='bbox 407 793 512 829; x_wconf 87' lang='lat' dir='ltr'>semel</span> <span class='ocrx_word' id='word_1_74' title='bbox 541 795 590 829; x_wconf 81' lang='lat' dir='ltr'>vel</span> <span class='ocrx_word' id='word_1_75' title='bbox 621 793 761 839; x_wconf 83' lang='lat' dir='ltr'>pluries,</span> <span class='ocrx_word' id='word_1_76' title='bbox 796 804 855 839; x_wconf 93' lang='lat' dir='ltr'>pro</span> <span class='ocrx_word' id='word_1_77' title='bbox 881 792 945 829; x_wconf 87' lang='lat' dir='ltr'>Su-</span> 
     </span>
     <span class='ocr_line' id='line_1_16' title="bbox 169 840 760 886; baseline 0 -12"><span class='ocrx_word' id='word_1_78' title='bbox 169 840 313 886; x_wconf 88' lang='lat' dir='ltr'>perioris</span> <span class='ocrx_word' id='word_1_79' title='bbox 336 840 480 875; x_wconf 85' lang='lat' dir='ltr'>arbitrio</span> <span class='ocrx_word' id='word_1_80' title='bbox 506 846 538 876; x_wconf 90' lang='lat' dir='ltr'>et</span> <span class='ocrx_word' id='word_1_81' title='bbox 566 840 760 886; x_wconf 89' lang='lat' dir='ltr'>prudentia.</span> 
     </span>
    </p>

    <p class='ocr_par' dir='ltr' id='par_1_8' title="bbox 216 886 945 923">
     <span class='ocr_line' id='line_1_17' title="bbox 216 886 945 923; baseline 0 -1"><span class='ocrx_word' id='word_1_82' title='bbox 216 887 300 922; x_wconf 67' lang='lat' dir='ltr'>CAN.</span> <span class='ocrx_word' id='word_1_83' title='bbox 331 886 421 922; x_wconf 74' lang='lat'>2310</span> <span class='ocrx_word' id='word_1_84' title='bbox 467 909 483 913; x_wconf 88' lang='lat'>-</span> <span class='ocrx_word' id='word_1_85' title='bbox 524 887 776 923; x_wconf 87' lang='lat' dir='ltr'>Monitionibus</span> <span class='ocrx_word' id='word_1_86' title='bbox 809 892 843 923; x_wconf 92' lang='lat' dir='ltr'>et</span> <span class='ocrx_word' id='word_1_87' title='bbox 877 898 945 923; x_wconf 88' lang='lat' dir='ltr'>cor-</span> 
     </span>
    </p>
   </div>
   <div class='ocr_carea' id='block_1_5' title="bbox 1078 154 1331 199">
    <p class='ocr_par' dir='ltr' id='par_1_9' title="bbox 1078 154 1331 199">
     <span class='ocr_line' id='line_1_18' title="bbox 1078 154 1331 199; baseline 0.004 -10"><span class='ocrx_word' id='word_1_88' title='bbox 1078 174 1090 179; x_wconf 94' lang='lat'>·</span> <span class='ocrx_word' id='word_1_89' title='bbox 1117 154 1173 189; x_wconf 84' lang='lat' dir='ltr'>De</span> <span class='ocrx_word' id='word_1_90' title='bbox 1193 157 1331 199; x_wconf 69' lang='lat' dir='ltr'>poenis</span> 
     </span>
    </p>
   </div>
   <div class='ocr_carea' id='block_1_6' title="bbox 1190 217 1769 220">
    <p class='ocr_par' dir='ltr' id='par_1_10' title="bbox 1190 217 1769 220">
     <span class='ocr_line' id='line_1_19' title="bbox 1190 217 1769 220; baseline 0 0"><span class='ocrx_word' id='word_1_91' title='bbox 1190 217 1769 220; x_wconf 95' lang='lat' dir='ltr'> </span> 
     </span>
    </p>
   </div>
   <div class='ocr_carea' id='block_1_7' title="bbox 1015 273 1795 924">
    <p class='ocr_par' dir='ltr' id='par_1_11' title="bbox 1015 273 1795 556">
     <span class='ocr_line' id='line_1_20' title="bbox 1016 273 1792 318; baseline 0.005 -11"><span class='ocrx_word' id='word_1_92' title='bbox 1016 273 1232 318; x_wconf 80' lang='lat' dir='ltr'>reptionibus</span> <span class='ocrx_word' id='word_1_93' title='bbox 1260 274 1436 309; x_wconf 85' lang='lat' dir='ltr'>incassum</span> <span class='ocrx_word' id='word_1_94' title='bbox 1476 273 1589 310; x_wconf 83' lang='lat' dir='ltr'>factis</span> <span class='ocrx_word' id='word_1_95' title='bbox 1621 274 1671 310; x_wconf 76' lang='lat' dir='ltr'>vel</span> <span class='ocrx_word' id='word_1_96' title='bbox 1698 275 1724 309; x_wconf 83' lang='lat' dir='ltr'>si</span> <span class='ocrx_word' id='word_1_97' title='bbox 1754 286 1792 311; x_wconf 88' lang='lat' dir='ltr'>ex</span> 
     </span>
     <span class='ocr_line' id='line_1_21' title="bbox 1015 321 1790 366; baseline 0.001 -10"><span class='ocrx_word' id='word_1_98' title='bbox 1015 321 1144 356; x_wconf 87' lang='lat' dir='ltr'>eisdem</span> <span class='ocrx_word' id='word_1_99' title='bbox 1187 321 1345 356; x_wconf 81' lang='lat' dir='ltr'>effectum</span> <span class='ocrx_word' id='word_1_100' title='bbox 1386 332 1524 366; x_wconf 86' lang='lat' dir='ltr'>sperare</span> <span class='ocrx_word' id='word_1_101' title='bbox 1563 333 1632 356; x_wconf 83' lang='lat' dir='ltr'>nou</span> <span class='ocrx_word' id='word_1_102' title='bbox 1677 322 1790 365; x_wconf 73' lang='lat' dir='ltr'>liceat,</span> 
     </span>
     <span class='ocr_line' id='line_1_22' title="bbox 1015 368 1795 416; baseline 0.003 -13"><span class='ocrx_word' id='word_1_103' title='bbox 1015 369 1118 403; x_wconf 88' lang='lat' dir='ltr'>datur</span> <span class='ocrx_word' id='word_1_104' title='bbox 1139 374 1371 414; x_wconf 64' lang='grc' dir='ltr'>ρι’,ειεεθμῐυηῑ</span> <span class='ocrx_word' id='word_1_105' title='bbox 1393 379 1460 413; x_wconf 90' lang='lat' dir='ltr'>quo</span> <span class='ocrx_word' id='word_1_106' title='bbox 1478 368 1561 413; x_wconf 89' lang='lat' dir='ltr'>quid</span> <span class='ocrx_word' id='word_1_107' title='bbox 1579 380 1680 413; x_wconf 79' lang='lat' dir='ltr'>agere</span> <span class='ocrx_word' id='word_1_108' title='bbox 1695 370 1795 416; x_wconf 85' lang='lat' dir='ltr'>quid-</span> 
     </span>
     <span class='ocr_line' id='line_1_23' title="bbox 1018 415 1795 462; baseline 0.006 -13"><span class='ocrx_word' id='word_1_109' title='bbox 1018 427 1057 451; x_wconf 78' lang='lat' dir='ltr'>ve</span> <span class='ocrx_word' id='word_1_110' title='bbox 1081 415 1211 450; x_wconf 90' lang='lat' dir='ltr'>evitare</span> <span class='ocrx_word' id='word_1_111' title='bbox 1238 420 1445 462; x_wconf 83' lang='lat' dir='ltr'>praeventus</span> <span class='ocrx_word' id='word_1_112' title='bbox 1470 416 1606 458; x_wconf 87' lang='lat' dir='ltr'>debeat,</span> <span class='ocrx_word' id='word_1_113' title='bbox 1635 422 1795 454; x_wconf 81' lang='lat' dir='ltr'>accurate</span> 
     </span>
     <span class='ocr_line' id='line_1_24' title="bbox 1018 462 1793 509; baseline 0.004 -13"><span class='ocrx_word' id='word_1_114' title='bbox 1018 462 1203 504; x_wconf 87' lang='lat' dir='ltr'>indicetur</span> <span class='ocrx_word' id='word_1_115' title='bbox 1233 474 1312 498; x_wconf 87' lang='lat' dir='ltr'>cum</span> <span class='ocrx_word' id='word_1_116' title='bbox 1354 474 1483 509; x_wconf 86' lang='lat' dir='ltr'>poenae</span> <span class='ocrx_word' id='word_1_117' title='bbox 1521 465 1793 500; x_wconf 82' lang='lat' dir='ltr'>commiuatione</span> 
     </span>
     <span class='ocr_line' id='line_1_25' title="bbox 1018 510 1493 556; baseline 0 -12"><span class='ocrx_word' id='word_1_118' title='bbox 1018 511 1052 544; x_wconf 90' lang='lat' dir='ltr'>in</span> <span class='ocrx_word' id='word_1_119' title='bbox 1081 521 1163 545; x_wconf 86' lang='lat' dir='ltr'>casu</span> <span class='ocrx_word' id='word_1_120' title='bbox 1193 510 1493 556; x_wconf 82' lang='lat' dir='ltr'>transgressionis.</span> 
     </span>
    </p>

    <p class='ocr_par' dir='ltr' id='par_1_12' title="bbox 1017 556 1795 782">
     <span class='ocr_line' id='line_1_26' title="bbox 1066 556 1795 603; baseline 0.001 -11"><span class='ocrx_word' id='word_1_121' title='bbox 1066 556 1148 592; x_wconf 59' lang='lat' dir='ltr'><strong>CAN.</strong></span> <span class='ocrx_word' id='word_1_122' title='bbox 1175 557 1278 593; x_wconf 66' lang='lat'>2311.</span> <span class='ocrx_word' id='word_1_123' title='bbox 1305 578 1329 583; x_wconf 99' lang='lat'>—</span> <span class='ocrx_word' id='word_1_124' title='bbox 1355 557 1424 603; x_wconf 54' lang='lat' dir='ltr'>§L</span> <span class='ocrx_word' id='word_1_125' title='bbox 1438 556 1489 593; x_wconf 89' lang='lat' dir='ltr'>Si</span> <span class='ocrx_word' id='word_1_126' title='bbox 1517 569 1617 594; x_wconf 83' lang='lat' dir='ltr'>casus</span> <span class='ocrx_word' id='word_1_127' title='bbox 1643 559 1795 603; x_wconf 83' lang='lat' dir='ltr'>gravitas</span> 
     </span>
     <span class='ocr_line' id='line_1_27' title="bbox 1019 605 1792 651; baseline 0.003 -12"><span class='ocrx_word' id='word_1_128' title='bbox 1019 605 1104 640; x_wconf 80' lang='lat' dir='ltr'>ferat</span> <span class='ocrx_word' id='word_1_129' title='bbox 1129 609 1162 640; x_wconf 88' lang='lat' dir='ltr'>et</span> <span class='ocrx_word' id='word_1_130' title='bbox 1190 605 1372 651; x_wconf 82' lang='lat' dir='ltr'>praecipue</span> <span class='ocrx_word' id='word_1_131' title='bbox 1398 605 1424 639; x_wconf 90' lang='lat' dir='ltr'>si</span> <span class='ocrx_word' id='word_1_132' title='bbox 1452 610 1576 649; x_wconf 75' lang='lat' dir='ltr'>agatur</span> <span class='ocrx_word' id='word_1_133' title='bbox 1600 605 1642 641; x_wconf 91' lang='lat' dir='ltr'>de</span> <span class='ocrx_word' id='word_1_134' title='bbox 1672 617 1711 641; x_wconf 89' lang='lat' dir='ltr'>eo</span> <span class='ocrx_word' id='word_1_135' title='bbox 1733 606 1792 651; x_wconf 86' lang='lat' dir='ltr'>qui</span> 
     </span>
     <span class='ocr_line' id='line_1_28' title="bbox 1017 651 1793 698; baseline 0.003 -12"><span class='ocrx_word' id='word_1_136' title='bbox 1017 653 1052 686; x_wconf 87' lang='lat' dir='ltr'>in</span> <span class='ocrx_word' id='word_1_137' title='bbox 1082 651 1232 698; x_wconf 87' lang='lat' dir='ltr'>periculo</span> <span class='ocrx_word' id='word_1_138' title='bbox 1258 657 1416 696; x_wconf 77' lang='lat' dir='ltr'>versatur</span> <span class='ocrx_word' id='word_1_139' title='bbox 1442 653 1646 688; x_wconf 88' lang='lat' dir='ltr'>relabendi</span> <span class='ocrx_word' id='word_1_140' title='bbox 1640 664 1673 688; x_wconf 84' lang='lat' dir='ltr'>in</span> <span class='ocrx_word' id='word_1_141' title='bbox 1704 654 1793 689; x_wconf 92' lang='lat' dir='ltr'>idem</span> 
     </span>
     <span class='ocr_line' id='line_1_29' title="bbox 1017 692 1795 743; baseline -0.001 -8"><span class='ocrx_word' id='word_1_142' title='bbox 1017 699 1163 743; x_wconf 81' lang='lat' dir='ltr'>crimen,</span> <span class='ocrx_word' id='word_1_143' title='bbox 1191 710 1269 734; x_wconf 92' lang='lat' dir='ltr'>eum</span> <span class='ocrx_word' id='word_1_144' title='bbox 1299 692 1508 735; x_wconf 84' lang='lat' dir='ltr'>Ordinarius</span> <span class='ocrx_word' id='word_1_145' title='bbox 1533 700 1714 735; x_wconf 75' lang='lat' dir='ltr'>submittat</span> <span class='ocrx_word' id='word_1_146' title='bbox 1747 701 1795 735; x_wconf 88' lang='lat' dir='ltr'>vi-</span> 
     </span>
     <span class='ocr_line' id='line_1_30' title="bbox 1016 726 1195 791; baseline 0.006 -10.012"><span class='ocrx_word' id='word_1_147' title='bbox 1016 726 1195 791; x_wconf 58' lang='lat' dir='ltr'>gilantia’e.</span> 
     </span>
    </p>

    <p class='ocr_par' dir='ltr' id='par_1_13' title="bbox 1015 793 1795 923">
     <span class='ocr_line' id='line_1_31' title="bbox 1064 793 1794 841; baseline 0.007 -15"><span class='ocrx_word' id='word_1_148' title='bbox 1064 798 1082 836; x_wconf 61' lang='grc' dir='ltr'>ξ</span> <span class='ocrx_word' id='word_1_149' title='bbox 1109 793 1143 827; x_wconf 73' lang='lat'>2.</span> <span class='ocrx_word' id='word_1_150' title='bbox 1173 793 1364 838; x_wconf 73' lang='lat' dir='ltr'>Vigilantia</span> <span class='ocrx_word' id='word_1_151' title='bbox 1392 794 1540 841; x_wconf 84' lang='lat' dir='ltr'>praecipi</span> <span class='ocrx_word' id='word_1_152' title='bbox 1573 805 1711 841; x_wconf 90' lang='lat' dir='ltr'>quoque</span> <span class='ocrx_word' id='word_1_153' title='bbox 1739 806 1794 841; x_wconf 91' lang='lat' dir='ltr'>po-</span> 
     </span>
     <span class='ocr_line' id='line_1_32' title="bbox 1015 821 1795 888; baseline 0.004 -13"><span class='ocrx_word' id='word_1_154' title='bbox 1015 845 1080 876; x_wconf 87' lang='lat' dir='ltr'>test</span> <span class='ocrx_word' id='word_1_155' title='bbox 1108 821 1150 876; x_wconf 86' lang='lat' dir='ltr'>ad</span> <span class='ocrx_word' id='word_1_156' title='bbox 1177 841 1374 885; x_wconf 86' lang='lat' dir='ltr'>augendam</span> <span class='ocrx_word' id='word_1_157' title='bbox 1409 853 1567 888; x_wconf 82' lang='lat' dir='ltr'>poenam</span> <span class='ocrx_word' id='word_1_158' title='bbox 1611 843 1795 888; x_wconf 72' lang='lat' dir='ltr'>praecipue</span> 
     </span>
     <span class='ocr_line' id='line_1_33' title="bbox 1016 888 1258 924; baseline 0.004 -2"><span class='ocrx_word' id='word_1_159' title='bbox 1016 888 1050 922; x_wconf 90' lang='lat' dir='ltr'>iu</span> <span class='ocrx_word' id='word_1_160' title='bbox 1079 888 1258 924; x_wconf 84' lang='lat' dir='ltr'>recidivos.</span> 
     </span>
    </p>
   </div>
   <div class='ocr_carea' id='block_1_8' title="bbox 149 984 1796 2811">
    <p class='ocr_par' dir='ltr' id='par_1_14' title="bbox 149 984 1796 2388">
     <span class='ocr_line' id='line_1_34' title="bbox 292 984 1792 1042; baseline 0.004 -16"><span class='ocrx_word' id='word_1_161' title='bbox 292 984 385 1027; x_wconf 79' lang='lat'>139.</span> <span class='ocrx_word' id='word_1_162' title='bbox 420 987 676 1042; x_wconf 85' lang='lat' dir='ltr'>Inscriptio</span> <span class='ocrx_word' id='word_1_163' title='bbox 698 986 846 1031; x_wconf 84' lang='lat' dir='ltr'>Tituli</span> <span class='ocrx_word' id='word_1_164' title='bbox 879 988 1031 1042; x_wconf 89' lang='lat' dir='ltr'>atque</span> <span class='ocrx_word' id='word_1_165' title='bbox 1055 986 1256 1042; x_wconf 87' lang='lat' dir='ltr'>Capitis,</span> <span class='ocrx_word' id='word_1_166' title='bbox 1280 987 1520 1042; x_wconf 87' lang='lat' dir='ltr'>huiusque</span> <span class='ocrx_word' id='word_1_167' title='bbox 1553 1000 1792 1032; x_wconf 87' lang='lat' dir='ltr'>canonum</span> 
     </span>
     <span class='ocr_line' id='line_1_35' title="bbox 167 1054 1792 1113; baseline -0.001 -11"><span class='ocrx_word' id='word_1_168' title='bbox 167 1058 429 1102; x_wconf 86' lang='lat' dir='ltr'>ordinatio.</span> <span class='ocrx_word' id='word_1_169' title='bbox 470 1055 632 1099; x_wconf 73' lang='lat' dir='ltr'>Titulus</span> <span class='ocrx_word' id='word_1_170' title='bbox 668 1054 705 1098; x_wconf 82' lang='lat' dir='ltr'><em>X</em></span> <span class='ocrx_word' id='word_1_171' title='bbox 726 1058 1036 1111; x_wconf 81' lang='lat' dir='ltr'>inscriptionem</span> <span class='ocrx_word' id='word_1_172' title='bbox 1063 1057 1217 1111; x_wconf 84' lang='lat' dir='ltr'>recepit</span> <span class='ocrx_word' id='word_1_173' title='bbox 1242 1058 1389 1111; x_wconf 81' lang='lat' dir='ltr'>parlin]</span> <span class='ocrx_word' id='word_1_174' title='bbox 1425 1069 1590 1111; x_wconf 85' lang='lat' dir='ltr'>novam,</span> <span class='ocrx_word' id='word_1_175' title='bbox 1615 1070 1792 1113; x_wconf 81' lang='lat' dir='ltr'>nempe:</span> 
     </span>
     <span class='ocr_line' id='line_1_36' title="bbox 170 1125 1791 1184; baseline 0.001 -15"><span class='ocrx_word' id='word_1_176' title='bbox 170 1125 227 1169; x_wconf 84' lang='lat' dir='ltr'>De</span> <span class='ocrx_word' id='word_1_177' title='bbox 258 1126 455 1169; x_wconf 73' lang='lat' dir='ltr'>remediis</span> <span class='ocrx_word' id='word_1_178' title='bbox 484 1125 745 1184; x_wconf 71' lang='lat' dir='ltr'>poenalibus,</span> <span class='ocrx_word' id='word_1_179' title='bbox 779 1139 885 1183; x_wconf 89' lang='lat' dir='ltr'>quae</span> <span class='ocrx_word' id='word_1_180' title='bbox 921 1130 1051 1182; x_wconf 81' lang='lat' dir='ltr'>magis</span> <span class='ocrx_word' id='word_1_181' title='bbox 1083 1131 1178 1169; x_wconf 90' lang='lat' dir='ltr'>sunt</span> <span class='ocrx_word' id='word_1_182' title='bbox 1210 1126 1346 1168; x_wconf 83' lang='lat' dir='ltr'>allinia</span> <span class='ocrx_word' id='word_1_183' title='bbox 1387 1139 1480 1169; x_wconf 90' lang='lat' dir='ltr'>cum</span> <span class='ocrx_word' id='word_1_184' title='bbox 1518 1128 1658 1182; x_wconf 87' lang='lat' dir='ltr'>poenis</span> <span class='ocrx_word' id='word_1_185' title='bbox 1704 1130 1791 1170; x_wconf 88' lang='lat' dir='ltr'>vin-</span> 
     </span>
     <span class='ocr_line' id='line_1_37' title="bbox 166 1198 1796 1255; baseline 0 -14"><span class='ocrx_word' id='word_1_186' title='bbox 166 1198 371 1247; x_wconf 81' lang='lat' dir='ltr'>dicativis,</span> <span class='ocrx_word' id='word_1_187' title='bbox 405 1198 540 1255; x_wconf 88' lang='lat' dir='ltr'>quoad</span> <span class='ocrx_word' id='word_1_188' title='bbox 576 1199 767 1253; x_wconf 87' lang='lat' dir='ltr'>patientis</span> <span class='ocrx_word' id='word_1_189' title='bbox 800 1200 1149 1247; x_wconf 78' lang='lat' dir='ltr'>contrarietatem,</span> <span class='ocrx_word' id='word_1_190' title='bbox 1189 1202 1226 1240; x_wconf 88' lang='lat' dir='ltr'>et</span> <span class='ocrx_word' id='word_1_191' title='bbox 1260 1211 1351 1239; x_wconf 64' lang='lat' dir='ltr'>(rum</span> <span class='ocrx_word' id='word_1_192' title='bbox 1397 1200 1584 1241; x_wconf 78' lang='lat' dir='ltr'>censuris</span> <span class='ocrx_word' id='word_1_193' title='bbox 1627 1203 1796 1255; x_wconf 87' lang='lat' dir='ltr'>propter</span> 
     </span>
     <span class='ocr_line' id='line_1_38' title="bbox 168 1267 1792 1326; baseline 0.001 -15"><span class='ocrx_word' id='word_1_194' title='bbox 168 1268 403 1311; x_wconf 86' lang='lat' dir='ltr'>huiusmodi</span> <span class='ocrx_word' id='word_1_195' title='bbox 429 1268 708 1311; x_wconf 78' lang='lat' dir='ltr'>remediorum</span> <span class='ocrx_word' id='word_1_196' title='bbox 734 1281 918 1324; x_wconf 80' lang='lat' dir='ltr'>scopum,</span> <span class='ocrx_word' id='word_1_197' title='bbox 943 1268 1194 1325; x_wconf 75' lang='lat' dir='ltr'>additurque</span> <span class='ocrx_word' id='word_1_198' title='bbox 1225 1267 1275 1311; x_wconf 74' lang='lat' dir='ltr'>(Ie</span> <span class='ocrx_word' id='word_1_199' title='bbox 1295 1268 1584 1326; x_wconf 71' lang='lat' dir='ltr'>poenitentiis,</span> <span class='ocrx_word' id='word_1_200' title='bbox 1616 1281 1792 1326; x_wconf 88' lang='lat' dir='ltr'>quarum</span> 
     </span>
     <span class='ocr_line' id='line_1_39' title="bbox 168 1338 1794 1395; baseline 0.001 -14"><span class='ocrx_word' id='word_1_201' title='bbox 168 1341 322 1382; x_wconf 88' lang='lat' dir='ltr'>mentio</span> <span class='ocrx_word' id='word_1_202' title='bbox 357 1340 398 1381; x_wconf 87' lang='lat' dir='ltr'>tit</span> <span class='ocrx_word' id='word_1_203' title='bbox 435 1342 471 1382; x_wconf 91' lang='lat' dir='ltr'>in</span> <span class='ocrx_word' id='word_1_204' title='bbox 508 1338 673 1382; x_wconf 89' lang='lat' dir='ltr'>rubrica</span> <span class='ocrx_word' id='word_1_205' title='bbox 702 1339 862 1382; x_wconf 82' lang='lat' dir='ltr'>«Tituli</span> <span class='ocrx_word' id='word_1_206' title='bbox 898 1338 1119 1382; x_wconf 79' lang='lat' dir='ltr'>XXXVlIl.</span> <span class='ocrx_word' id='word_1_207' title='bbox 1148 1338 1203 1382; x_wconf 86' lang='lat' dir='ltr'>De</span> <span class='ocrx_word' id='word_1_208' title='bbox 1229 1341 1490 1395; x_wconf 82' lang='lat' dir='ltr'>poenitentiis</span> <span class='ocrx_word' id='word_1_209' title='bbox 1514 1345 1552 1383; x_wconf 88' lang='lat' dir='ltr'>et</span> <span class='ocrx_word' id='word_1_210' title='bbox 1587 1342 1794 1384; x_wconf 90' lang='lat' dir='ltr'>remissio-</span> 
     </span>
     <span class='ocr_line' id='line_1_40' title="bbox 169 1409 1794 1467; baseline 0.001 -14"><span class='ocrx_word' id='word_1_211' title='bbox 169 1410 332 1454; x_wconf 80' lang='lat' dir='ltr'>nibus»</span> <span class='ocrx_word' id='word_1_212' title='bbox 371 1413 408 1453; x_wconf 92' lang='lat' dir='ltr'>in</span> <span class='ocrx_word' id='word_1_213' title='bbox 445 1409 527 1454; x_wconf 86' lang='lat' dir='ltr'>Lib.</span> <span class='ocrx_word' id='word_1_214' title='bbox 567 1409 609 1452; x_wconf 90' lang='lat' dir='ltr'>V.</span> <span class='ocrx_word' id='word_1_215' title='bbox 659 1410 950 1454; x_wconf 89' lang='lat' dir='ltr'>Decretalium.</span> <span class='ocrx_word' id='word_1_216' title='bbox 984 1409 1141 1453; x_wconf 76' lang='lat' dir='ltr'>Divisio</span> <span class='ocrx_word' id='word_1_217' title='bbox 1185 1409 1307 1454; x_wconf 87' lang='lat' dir='ltr'>Tituli</span> <span class='ocrx_word' id='word_1_218' title='bbox 1342 1413 1378 1453; x_wconf 94' lang='lat' dir='ltr'>in</span> <span class='ocrx_word' id='word_1_219' title='bbox 1429 1410 1571 1467; x_wconf 88' lang='lat' dir='ltr'>Capita</span> <span class='ocrx_word' id='word_1_220' title='bbox 1619 1411 1700 1454; x_wconf 91' lang='lat' dir='ltr'>duo</span> <span class='ocrx_word' id='word_1_221' title='bbox 1733 1416 1794 1454; x_wconf 90' lang='lat' dir='ltr'>est</span> 
     </span>
     <span class='ocr_line' id='line_1_41' title="bbox 169 1480 1793 1539; baseline 0.001 -16"><span class='ocrx_word' id='word_1_222' title='bbox 169 1486 322 1537; x_wconf 72' lang='lat' dir='ltr'>patens,</span> <span class='ocrx_word' id='word_1_223' title='bbox 359 1484 412 1524; x_wconf 89' lang='lat' dir='ltr'>ita</span> <span class='ocrx_word' id='word_1_224' title='bbox 448 1486 491 1524; x_wconf 90' lang='lat' dir='ltr'>ut</span> <span class='ocrx_word' id='word_1_225' title='bbox 529 1480 663 1539; x_wconf 67' lang='grc' dir='ltr'>Ραριιε</span> <span class='ocrx_word' id='word_1_226' title='bbox 694 1480 717 1524; x_wconf 95' lang='lat' dir='ltr'><em>I</em></span> <span class='ocrx_word' id='word_1_227' title='bbox 745 1483 795 1524; x_wconf 89' lang='lat' dir='ltr'>sit</span> <span class='ocrx_word' id='word_1_228' title='bbox 824 1480 881 1524; x_wconf 83' lang='lat' dir='ltr'>De</span> <span class='ocrx_word' id='word_1_229' title='bbox 912 1480 1123 1534; x_wconf 65' lang='lat' dir='ltr'>remediis,</span> <span class='ocrx_word' id='word_1_230' title='bbox 1152 1486 1452 1539; x_wconf 88' lang='lat' dir='ltr'>quatenusper</span> <span class='ocrx_word' id='word_1_231' title='bbox 1486 1481 1587 1525; x_wconf 74' lang='lat' dir='ltr'>llaec</span> <span class='ocrx_word' id='word_1_232' title='bbox 1619 1488 1689 1525; x_wconf 87' lang='lat' dir='ltr'>aut.</span> <span class='ocrx_word' id='word_1_233' title='bbox 1723 1483 1793 1526; x_wconf 92' lang='lat' dir='ltr'>de-</span> 
     </span>
     <span class='ocr_line' id='line_1_42' title="bbox 167 1552 1791 1610; baseline 0.001 -14"><span class='ocrx_word' id='word_1_234' title='bbox 167 1553 308 1597; x_wconf 90' lang='lat' dir='ltr'>lictum</span> <span class='ocrx_word' id='word_1_235' title='bbox 344 1557 632 1609; x_wconf 86' lang='lat' dir='ltr'>praecavetur,</span> <span class='ocrx_word' id='word_1_236' title='bbox 666 1558 736 1596; x_wconf 88' lang='lat' dir='ltr'>aut</span> <span class='ocrx_word' id='word_1_237' title='bbox 767 1552 932 1610; x_wconf 83' lang='lat' dir='ltr'>aliquod</span> <span class='ocrx_word' id='word_1_238' title='bbox 967 1552 1182 1608; x_wconf 84' lang='lat' dir='ltr'>spirituale</span> <span class='ocrx_word' id='word_1_239' title='bbox 1215 1553 1411 1596; x_wconf 89' lang='lat' dir='ltr'>damnum</span> <span class='ocrx_word' id='word_1_240' title='bbox 1452 1553 1700 1607; x_wconf 69' lang='lat' dir='ltr'>excluditur,</span> <span class='ocrx_word' id='word_1_241' title='bbox 1729 1554 1791 1598; x_wconf 89' lang='lat' dir='ltr'>vel</span> 
     </span>
     <span class='ocr_line' id='line_1_43' title="bbox 169 1623 1791 1682; baseline 0.001 -15"><span class='ocrx_word' id='word_1_242' title='bbox 169 1637 323 1681; x_wconf 89' lang='lat' dir='ltr'>poenae</span> <span class='ocrx_word' id='word_1_243' title='bbox 357 1624 618 1667; x_wconf 88' lang='lat' dir='ltr'>delicientiae</span> <span class='ocrx_word' id='word_1_244' title='bbox 654 1624 910 1680; x_wconf 85' lang='lat' dir='ltr'>providetur,</span> <span class='ocrx_word' id='word_1_245' title='bbox 940 1623 1188 1682; x_wconf 72' lang='lat' dir='ltr'>poenalibus</span> <span class='ocrx_word' id='word_1_246' title='bbox 1224 1637 1336 1676; x_wconf 73' lang='lat' dir='ltr'>vero,</span> <span class='ocrx_word' id='word_1_247' title='bbox 1360 1626 1455 1680; x_wconf 86' lang='lat' dir='ltr'>quia</span> <span class='ocrx_word' id='word_1_248' title='bbox 1488 1623 1791 1680; x_wconf 85' lang='lat' dir='ltr'>displicentiam</span> 
     </span>
     <span class='ocr_line' id='line_1_44' title="bbox 166 1693 1791 1752; baseline 0.001 -14"><span class='ocrx_word' id='word_1_249' title='bbox 166 1695 338 1739; x_wconf 86' lang='lat' dir='ltr'>subiecti</span> <span class='ocrx_word' id='word_1_250' title='bbox 373 1708 515 1738; x_wconf 88' lang='lat' dir='ltr'>eorum</span> <span class='ocrx_word' id='word_1_251' title='bbox 559 1708 700 1739; x_wconf 89' lang='lat' dir='ltr'>secum</span> <span class='ocrx_word' id='word_1_252' title='bbox 735 1694 1096 1752; x_wconf 84' lang='lat' dir='ltr'>qualitercumque</span> <span class='ocrx_word' id='word_1_253' title='bbox 1131 1695 1279 1737; x_wconf 86' lang='lat' dir='ltr'>ferunt.</span> <span class='ocrx_word' id='word_1_254' title='bbox 1306 1693 1363 1738; x_wconf 89' lang='lat' dir='ltr'>De</span> <span class='ocrx_word' id='word_1_255' title='bbox 1399 1694 1461 1738; x_wconf 87' lang='lat' dir='ltr'>his</span> <span class='ocrx_word' id='word_1_256' title='bbox 1492 1694 1719 1752; x_wconf 87' lang='lat' dir='ltr'>loquuntur</span> <span class='ocrx_word' id='word_1_257' title='bbox 1754 1698 1791 1739; x_wconf 92' lang='lat' dir='ltr'>in</span> 
     </span>
     <span class='ocr_line' id='line_1_45' title="bbox 166 1763 1791 1822; baseline 0 -13"><span class='ocrx_word' id='word_1_258' title='bbox 166 1779 309 1809; x_wconf 88' lang='lat' dir='ltr'>earum</span> <span class='ocrx_word' id='word_1_259' title='bbox 358 1767 472 1808; x_wconf 86' lang='lat' dir='ltr'>initio</span> <span class='ocrx_word' id='word_1_260' title='bbox 517 1765 812 1809; x_wconf 87' lang='lat' dir='ltr'>Instructiones</span> <span class='ocrx_word' id='word_1_261' title='bbox 861 1770 947 1809; x_wconf 87' lang='lat' dir='ltr'>tum</span> <span class='ocrx_word' id='word_1_262' title='bbox 995 1765 1033 1808; x_wconf 85' lang='lat' dir='ltr'>S.</span> <span class='ocrx_word' id='word_1_263' title='bbox 1068 1763 1234 1822; x_wconf 84' lang='lat' dir='ltr'>Congr.s</span> <span class='ocrx_word' id='word_1_264' title='bbox 1279 1765 1354 1808; x_wconf 88' lang='lat' dir='ltr'>EE.</span> <span class='ocrx_word' id='word_1_265' title='bbox 1400 1773 1440 1808; x_wconf 90' lang='lat' dir='ltr'>et</span> <span class='ocrx_word' id='word_1_266' title='bbox 1487 1764 1569 1809; x_wconf 86' lang='lat' dir='ltr'>RR.</span> <span class='ocrx_word' id='word_1_267' title='bbox 1624 1766 1791 1809; x_wconf 79' lang='lat' dir='ltr'>«Sacra</span> 
     </span>
     <span class='ocr_line' id='line_1_46' title="bbox 149 1835 1793 1893; baseline 0 -13"><span class='ocrx_word' id='word_1_268' title='bbox 149 1837 267 1880; x_wconf 84' lang='lat' dir='ltr'>&#39;haec</span> <span class='ocrx_word' id='word_1_269' title='bbox 292 1853 310 1877; x_wconf 82' lang='grc'>&gt;)</span> <span class='ocrx_word' id='word_1_270' title='bbox 343 1838 369 1892; x_wconf 82' lang='lat'>¹,</span> <span class='ocrx_word' id='word_1_271' title='bbox 407 1842 490 1880; x_wconf 88' lang='lat' dir='ltr'>tum</span> <span class='ocrx_word' id='word_1_272' title='bbox 525 1839 562 1881; x_wconf 69' lang='grc'>8,</span> <span class='ocrx_word' id='word_1_273' title='bbox 583 1837 734 1892; x_wconf 66' lang='lat' dir='ltr'>(jongr.</span> <span class='ocrx_word' id='word_1_274' title='bbox 767 1836 818 1879; x_wconf 90' lang='lat' dir='ltr'>de</span> <span class='ocrx_word' id='word_1_275' title='bbox 845 1836 960 1892; x_wconf 90' lang='lat' dir='ltr'>Prop.</span> <span class='ocrx_word' id='word_1_276' title='bbox 986 1835 1084 1879; x_wconf 90' lang='lat' dir='ltr'>Fide</span> <span class='ocrx_word' id='word_1_277' title='bbox 1115 1851 1135 1876; x_wconf 84' lang='lat'>«</span> <span class='ocrx_word' id='word_1_278' title='bbox 1159 1837 1260 1879; x_wconf 71' lang='lat' dir='ltr'>(jum</span> <span class='ocrx_word' id='word_1_279' title='bbox 1287 1849 1539 1893; x_wconf 83' lang='lat' dir='ltr'>magnopere</span> <span class='ocrx_word' id='word_1_280' title='bbox 1562 1852 1582 1877; x_wconf 73' lang='grc' dir='ltr'>ι)</span> <span class='ocrx_word' id='word_1_281' title='bbox 1608 1838 1635 1891; x_wconf 75' lang='lat'>²,</span> <span class='ocrx_word' id='word_1_282' title='bbox 1663 1842 1793 1880; x_wconf 87' lang='lat' dir='ltr'>utrae-</span> 
     </span>
     <span class='ocr_line' id='line_1_47' title="bbox 165 1907 1794 1965; baseline 0.001 -16"><span class='ocrx_word' id='word_1_283' title='bbox 165 1921 244 1965; x_wconf 87' lang='lat' dir='ltr'>que</span> <span class='ocrx_word' id='word_1_284' title='bbox 283 1923 303 1948; x_wconf 79' lang='lat'>«</span> <span class='ocrx_word' id='word_1_285' title='bbox 329 1907 384 1950; x_wconf 91' lang='lat' dir='ltr'>De</span> <span class='ocrx_word' id='word_1_286' title='bbox 420 1907 540 1951; x_wconf 88' lang='lat' dir='ltr'>modo</span> <span class='ocrx_word' id='word_1_287' title='bbox 573 1907 779 1950; x_wconf 73' lang='lat' dir='ltr'>servando</span> <span class='ocrx_word' id='word_1_288' title='bbox 812 1909 850 1950; x_wconf 90' lang='lat' dir='ltr'>in</span> <span class='ocrx_word' id='word_1_289' title='bbox 875 1907 1176 1963; x_wconf 82' lang='lat' dir='ltr'>cognoscendis</span> <span class='ocrx_word' id='word_1_290' title='bbox 1209 1915 1248 1950; x_wconf 81' lang='lat' dir='ltr'>et</span> <span class='ocrx_word' id='word_1_291' title='bbox 1270 1907 1518 1950; x_wconf 80' lang='lat' dir='ltr'>deliniendis</span> <span class='ocrx_word' id='word_1_292' title='bbox 1549 1910 1685 1951; x_wconf 86' lang='lat' dir='ltr'>causis</span> <span class='ocrx_word' id='word_1_293' title='bbox 1717 1909 1794 1951; x_wconf 91' lang='lat' dir='ltr'>cri-</span> 
     </span>
     <span class='ocr_line' id='line_1_48' title="bbox 166 1977 1790 2034; baseline 0 -13"><span class='ocrx_word' id='word_1_294' title='bbox 166 1978 387 2022; x_wconf 81' lang='lat' dir='ltr'>minalibus</span> <span class='ocrx_word' id='word_1_295' title='bbox 435 1983 473 2022; x_wconf 89' lang='lat' dir='ltr'>et</span> <span class='ocrx_word' id='word_1_296' title='bbox 517 1977 853 2034; x_wconf 86' lang='lat' dir='ltr'>disciplinaribus</span> <span class='ocrx_word' id='word_1_297' title='bbox 895 1977 1205 2022; x_wconf 86' lang='lat' dir='ltr'>clericorum».</span> <span class='ocrx_word' id='word_1_298' title='bbox 1249 1978 1468 2034; x_wconf 86' lang='lat' dir='ltr'>Postquam</span> <span class='ocrx_word' id='word_1_299' title='bbox 1516 1980 1626 2021; x_wconf 89' lang='lat' dir='ltr'>enim</span> <span class='ocrx_word' id='word_1_300' title='bbox 1659 1990 1790 2022; x_wconf 87' lang='lat' dir='ltr'>canon</span> 
     </span>
     <span class='ocr_line' id='line_1_49' title="bbox 166 2047 1792 2106; baseline -0.001 -14"><span class='ocrx_word' id='word_1_301' title='bbox 166 2049 293 2102; x_wconf 70' lang='lat'>2306,</span> <span class='ocrx_word' id='word_1_302' title='bbox 328 2049 393 2092; x_wconf 86' lang='lat' dir='ltr'>illa</span> <span class='ocrx_word' id='word_1_303' title='bbox 428 2049 613 2093; x_wconf 89' lang='lat' dir='ltr'>remedia</span> <span class='ocrx_word' id='word_1_304' title='bbox 647 2053 877 2103; x_wconf 75' lang='lat' dir='ltr'>enumerat,</span> <span class='ocrx_word' id='word_1_305' title='bbox 910 2048 1118 2106; x_wconf 87' lang='lat' dir='ltr'>quodnam</span> <span class='ocrx_word' id='word_1_306' title='bbox 1154 2062 1296 2092; x_wconf 90' lang='lat' dir='ltr'>eorum</span> <span class='ocrx_word' id='word_1_307' title='bbox 1331 2048 1381 2092; x_wconf 88' lang='lat' dir='ltr'>ad</span> <span class='ocrx_word' id='word_1_308' title='bbox 1416 2047 1613 2092; x_wconf 90' lang='lat' dir='ltr'>delictum</span> <span class='ocrx_word' id='word_1_309' title='bbox 1648 2048 1792 2092; x_wconf 87' lang='lat' dir='ltr'>exclu-</span> 
     </span>
     <span class='ocr_line' id='line_1_50' title="bbox 166 2118 1791 2177; baseline 0 -15"><span class='ocrx_word' id='word_1_310' title='bbox 166 2120 346 2163; x_wconf 87' lang='lat' dir='ltr'>dendum</span> <span class='ocrx_word' id='word_1_311' title='bbox 392 2120 614 2174; x_wconf 76' lang='lat' dir='ltr'>deserviat,</span> <span class='ocrx_word' id='word_1_312' title='bbox 657 2120 782 2163; x_wconf 91' lang='lat' dir='ltr'>edicit</span> <span class='ocrx_word' id='word_1_313' title='bbox 815 2132 904 2163; x_wconf 90' lang='lat' dir='ltr'>can.</span> <span class='ocrx_word' id='word_1_314' title='bbox 946 2120 1073 2170; x_wconf 65' lang='lat'>2307,</span> <span class='ocrx_word' id='word_1_315' title='bbox 1105 2120 1314 2177; x_wconf 89' lang='lat' dir='ltr'>quodnam</span> <span class='ocrx_word' id='word_1_316' title='bbox 1354 2132 1450 2169; x_wconf 82' lang='lat' dir='ltr'>vero</span> <span class='ocrx_word' id='word_1_317' title='bbox 1483 2118 1605 2162; x_wconf 89' lang='lat' dir='ltr'>alicui</span> <span class='ocrx_word' id='word_1_318' title='bbox 1637 2119 1791 2162; x_wconf 88' lang='lat' dir='ltr'>damno</span> 
     </span>
     <span class='ocr_line' id='line_1_51' title="bbox 165 2189 1792 2247; baseline -0.001 -13"><span class='ocrx_word' id='word_1_319' title='bbox 165 2191 392 2234; x_wconf 86' lang='lat' dir='ltr'>auferendo</span> <span class='ocrx_word' id='word_1_320' title='bbox 425 2193 475 2234; x_wconf 90' lang='lat' dir='ltr'>sit</span> <span class='ocrx_word' id='word_1_321' title='bbox 499 2191 734 2233; x_wconf 86' lang='lat' dir='ltr'>ordinatum</span> <span class='ocrx_word' id='word_1_322' title='bbox 770 2195 809 2233; x_wconf 92' lang='lat' dir='ltr'>et</span> <span class='ocrx_word' id='word_1_323' title='bbox 841 2190 1068 2247; x_wconf 83' lang='lat' dir='ltr'>quotuplici</span> <span class='ocrx_word' id='word_1_324' title='bbox 1096 2190 1216 2233; x_wconf 87' lang='lat' dir='ltr'>modo</span> <span class='ocrx_word' id='word_1_325' title='bbox 1248 2189 1545 2243; x_wconf 85' lang='lat' dir='ltr'>adhibendum,</span> <span class='ocrx_word' id='word_1_326' title='bbox 1579 2195 1792 2246; x_wconf 86' lang='lat' dir='ltr'>exponunt</span> 
     </span>
     <span class='ocr_line' id='line_1_52' title="bbox 166 2260 1792 2318; baseline -0.001 -13"><span class='ocrx_word' id='word_1_327' title='bbox 166 2274 255 2305; x_wconf 88' lang='lat' dir='ltr'>can.</span> <span class='ocrx_word' id='word_1_328' title='bbox 292 2261 418 2313; x_wconf 70' lang='lat'>2308,</span> <span class='ocrx_word' id='word_1_329' title='bbox 454 2261 580 2314; x_wconf 66' lang='lat'>2309,</span> <span class='ocrx_word' id='word_1_330' title='bbox 616 2261 666 2304; x_wconf 90' lang='lat' dir='ltr'>de</span> <span class='ocrx_word' id='word_1_331' title='bbox 700 2265 921 2317; x_wconf 81' lang='lat' dir='ltr'>praecepto</span> <span class='ocrx_word' id='word_1_332' title='bbox 953 2274 1042 2304; x_wconf 87' lang='lat' dir='ltr'>can.</span> <span class='ocrx_word' id='word_1_333' title='bbox 1079 2260 1191 2303; x_wconf 68' lang='lat'>2310</span> <span class='ocrx_word' id='word_1_334' title='bbox 1226 2260 1419 2318; x_wconf 85' lang='lat' dir='ltr'>loquitur,</span> <span class='ocrx_word' id='word_1_335' title='bbox 1459 2264 1581 2317; x_wconf 89' lang='lat' dir='ltr'>atque</span> <span class='ocrx_word' id='word_1_336' title='bbox 1618 2260 1792 2317; x_wconf 75' lang='lat' dir='ltr'>vigilan-</span> 
     </span>
     <span class='ocr_line' id='line_1_53' title="bbox 167 2331 801 2388; baseline -0.003 -13"><span class='ocrx_word' id='word_1_337' title='bbox 167 2334 263 2375; x_wconf 88' lang='lat' dir='ltr'>tiam</span> <span class='ocrx_word' id='word_1_338' title='bbox 300 2332 517 2388; x_wconf 86' lang='lat' dir='ltr'>perpendit</span> <span class='ocrx_word' id='word_1_339' title='bbox 548 2344 637 2375; x_wconf 89' lang='lat' dir='ltr'>can.</span> <span class='ocrx_word' id='word_1_340' title='bbox 674 2331 801 2375; x_wconf 64' lang='lat'>2311.</span> 
     </span>
    </p>

    <p class='ocr_par' dir='ltr' id='par_1_15' title="bbox 161 2401 1789 2811">
     <span class='ocr_line' id='line_1_54' title="bbox 287 2401 1789 2459; baseline 0 -14"><span class='ocrx_word' id='word_1_341' title='bbox 287 2403 379 2446; x_wconf 82' lang='grc'>140.</span> <span class='ocrx_word' id='word_1_342' title='bbox 417 2404 729 2449; x_wconf 85' lang='lat' dir='ltr'>Enumeratio</span> <span class='ocrx_word' id='word_1_343' title='bbox 778 2404 1104 2448; x_wconf 86' lang='lat' dir='ltr'>remediorum</span> <span class='ocrx_word' id='word_1_344' title='bbox 1138 2403 1429 2459; x_wconf 86' lang='lat' dir='ltr'>poenalium.</span> <span class='ocrx_word' id='word_1_345' title='bbox 1464 2401 1522 2444; x_wconf 77' lang='lat' dir='ltr'>Ex</span> <span class='ocrx_word' id='word_1_346' title='bbox 1557 2404 1691 2445; x_wconf 82' lang='lat' dir='ltr'>citatis</span> <span class='ocrx_word' id='word_1_347' title='bbox 1724 2401 1789 2445; x_wconf 90' lang='lat' dir='ltr'>ln·</span> 
     </span>
     <span class='ocr_line' id='line_1_55' title="bbox 161 2469 1789 2529; baseline -0.001 -13"><span class='ocrx_word' id='word_1_348' title='bbox 161 2477 321 2516; x_wconf 81' lang='lat' dir='ltr'>st1·uct.⁸</span> <span class='ocrx_word' id='word_1_349' title='bbox 342 2473 571 2529; x_wconf 86' lang='lat' dir='ltr'>seligimus,</span> <span class='ocrx_word' id='word_1_350' title='bbox 603 2485 709 2528; x_wconf 83' lang='lat' dir='ltr'>quae</span> <span class='ocrx_word' id='word_1_351' title='bbox 739 2472 856 2516; x_wconf 89' lang='lat' dir='ltr'>nobis</span> <span class='ocrx_word' id='word_1_352' title='bbox 879 2475 1035 2528; x_wconf 87' lang='lat' dir='ltr'>aptiora</span> <span class='ocrx_word' id='word_1_353' title='bbox 1075 2473 1268 2515; x_wconf 84' lang='lat' dir='ltr'>videntur</span> <span class='ocrx_word' id='word_1_354' title='bbox 1304 2471 1443 2516; x_wconf 82' lang='lat' dir='ltr'>verba.</span> <span class='ocrx_word' id='word_1_355' title='bbox 1472 2488 1494 2513; x_wconf 85' lang='lat'>«</span> <span class='ocrx_word' id='word_1_356' title='bbox 1513 2472 1539 2515; x_wconf 87' lang='lat' dir='ltr'>l.</span> <span class='ocrx_word' id='word_1_357' title='bbox 1564 2469 1789 2517; x_wconf 87' lang='lat' dir='ltr'>Ordinario</span> 
     </span>
     <span class='ocr_line' id='line_1_56' title="bbox 162 2542 1788 2600; baseline -0.001 -13"><span class='ocrx_word' id='word_1_358' title='bbox 162 2543 366 2600; x_wconf 88' lang='lat' dir='ltr'>pastorale</span> <span class='ocrx_word' id='word_1_359' title='bbox 400 2557 503 2587; x_wconf 88' lang='lat' dir='ltr'>onus</span> <span class='ocrx_word' id='word_1_360' title='bbox 536 2542 738 2587; x_wconf 88' lang='lat' dir='ltr'>incumbit</span> <span class='ocrx_word' id='word_1_361' title='bbox 771 2543 1031 2600; x_wconf 84' lang='lat' dir='ltr'>disciplinam</span> <span class='ocrx_word' id='word_1_362' title='bbox 1066 2546 1451 2599; x_wconf 85' lang='lat' dir='ltr'>correctionemque</span> <span class='ocrx_word' id='word_1_363' title='bbox 1485 2542 1732 2586; x_wconf 84' lang='lat' dir='ltr'>clericorum</span> <span class='ocrx_word' id='word_1_364' title='bbox 1765 2555 1788 2587; x_wconf 89' lang='lat' dir='ltr'>a</span> 
     </span>
     <span class='ocr_line' id='line_1_57' title="bbox 161 2613 1788 2671; baseline -0.001 -14"><span class='ocrx_word' id='word_1_365' title='bbox 161 2627 204 2658; x_wconf 91' lang='lat' dir='ltr'>se</span> <span class='ocrx_word' id='word_1_366' title='bbox 235 2614 558 2671; x_wconf 89' lang='lat' dir='ltr'>dependentium</span> <span class='ocrx_word' id='word_1_367' title='bbox 584 2613 771 2666; x_wconf 86' lang='lat' dir='ltr'>curandi,</span> <span class='ocrx_word' id='word_1_368' title='bbox 794 2627 919 2670; x_wconf 91' lang='lat' dir='ltr'>super</span> <span class='ocrx_word' id='word_1_369' title='bbox 945 2613 1186 2657; x_wconf 89' lang='lat' dir='ltr'>eorumdem</span> <span class='ocrx_word' id='word_1_370' title='bbox 1224 2616 1330 2657; x_wconf 82' lang='lat' dir='ltr'>vitae</span> <span class='ocrx_word' id='word_1_371' title='bbox 1356 2616 1555 2656; x_wconf 85' lang='lat' dir='ltr'>rationem</span> <span class='ocrx_word' id='word_1_372' title='bbox 1578 2613 1788 2670; x_wconf 86' lang='lat' dir='ltr'>vigilando</span> 
     </span>
     <span class='ocr_line' id='line_1_58' title="bbox 164 2677 1787 2742; baseline -0.002 -14"><span class='ocrx_word' id='word_1_373' title='bbox 164 2684 444 2742; x_wconf 87' lang='lat' dir='ltr'>remediisque</span> <span class='ocrx_word' id='word_1_374' title='bbox 479 2684 631 2727; x_wconf 91' lang='lat' dir='ltr'>utendo</span> <span class='ocrx_word' id='word_1_375' title='bbox 665 2686 874 2727; x_wconf 84' lang='lat' dir='ltr'>canonicis</span> <span class='ocrx_word' id='word_1_376' title='bbox 902 2677 956 2727; x_wconf 71' lang='lat' dir='ltr'>&#39;ad</span> <span class='ocrx_word' id='word_1_377' title='bbox 983 2683 1295 2740; x_wconf 83' lang='lat' dir='ltr'>praecavendas</span> <span class='ocrx_word' id='word_1_378' title='bbox 1329 2685 1368 2726; x_wconf 92' lang='lat' dir='ltr'>in</span> <span class='ocrx_word' id='word_1_379' title='bbox 1393 2683 1547 2727; x_wconf 88' lang='lat' dir='ltr'>eisdem</span> <span class='ocrx_word' id='word_1_380' title='bbox 1583 2688 1622 2726; x_wconf 91' lang='lat' dir='ltr'>et</span> <span class='ocrx_word' id='word_1_381' title='bbox 1654 2683 1787 2726; x_wconf 91' lang='lat' dir='ltr'>elimi-</span> 
     </span>
     <span class='ocr_line' id='line_1_59' title="bbox 165 2753 1787 2811; baseline -0.001 -13"><span class='ocrx_word' id='word_1_382' title='bbox 165 2756 322 2799; x_wconf 85' lang='lat' dir='ltr'>nandas</span> <span class='ocrx_word' id='word_1_383' title='bbox 342 2755 497 2798; x_wconf 90' lang='lat' dir='ltr'>ordinis</span> <span class='ocrx_word' id='word_1_384' title='bbox 512 2754 854 2811; x_wconf 71' lang='lat' dir='ltr'>perturbationes</span> <span class='ocrx_word' id='word_1_385' title='bbox 872 2754 915 2797; x_wconf 89' lang='lat' dir='ltr'>ll.</span> <span class='ocrx_word' id='word_1_386' title='bbox 930 2753 990 2797; x_wconf 84' lang='lat' dir='ltr'>Ex</span> <span class='ocrx_word' id='word_1_387' title='bbox 1013 2753 1074 2797; x_wconf 82' lang='lat' dir='ltr'>his</span> <span class='ocrx_word' id='word_1_388' title='bbox 1094 2754 1288 2797; x_wconf 88' lang='lat' dir='ltr'>remediis</span> <span class='ocrx_word' id='word_1_389' title='bbox 1306 2753 1383 2797; x_wconf 87' lang='lat' dir='ltr'>alia</span> <span class='ocrx_word' id='word_1_390' title='bbox 1404 2755 1691 2810; x_wconf 72' lang='lat' dir='ltr'>praeveniunt,</span> <span class='ocrx_word' id='word_1_391' title='bbox 1709 2753 1787 2796; x_wconf 84' lang='lat' dir='ltr'>alia</span> 
     </span>
    </p>
   </div>
   <div class='ocr_carea' id='block_1_9' title="bbox 286 2904 1787 2951">
    <p class='ocr_par' dir='ltr' id='par_1_16' title="bbox 286 2904 1787 2951">
     <span class='ocr_line' id='line_1_60' title="bbox 286 2904 1787 2951; baseline -0.002 -9"><span class='ocrx_word' id='word_1_392' title='bbox 286 2909 297 2930; x_wconf 82' lang='lat'>¹</span> <span class='ocrx_word' id='word_1_393' title='bbox 328 2910 367 2942; x_wconf 82' lang='lat'>11</span> <span class='ocrx_word' id='word_1_394' title='bbox 395 2907 502 2941; x_wconf 84' lang='lat' dir='ltr'>Iunii</span> <span class='ocrx_word' id='word_1_395' title='bbox 531 2907 634 2941; x_wconf 83' lang='lat'>1880.</span> <span class='ocrx_word' id='word_1_396' title='bbox 652 2926 694 2933; x_wconf 84' lang='lat'><em>-</em></span> <span class='ocrx_word' id='word_1_397' title='bbox 709 2907 722 2929; x_wconf 73' lang='lat'>‘2</span> <span class='ocrx_word' id='word_1_398' title='bbox 741 2908 816 2940; x_wconf 91' lang='lat' dir='ltr'>An.</span> <span class='ocrx_word' id='word_1_399' title='bbox 840 2906 942 2941; x_wconf 84' lang='lat'>1883.</span> <span class='ocrx_word' id='word_1_400' title='bbox 961 2906 1210 2940; x_wconf 86' lang='lat' dir='ltr'>Collectanea</span> <span class='ocrx_word' id='word_1_401' title='bbox 1225 2905 1261 2939; x_wconf 89' lang='lat' dir='ltr'>S.</span> <span class='ocrx_word' id='word_1_402' title='bbox 1277 2904 1417 2951; x_wconf 85' lang='lat' dir='ltr'>Congr.</span> <span class='ocrx_word' id='word_1_403' title='bbox 1438 2905 1485 2939; x_wconf 88' lang='lat' dir='ltr'>de</span> <span class='ocrx_word' id='word_1_404' title='bbox 1504 2905 1546 2939; x_wconf 91' lang='lat' dir='ltr'>P.</span> <span class='ocrx_word' id='word_1_405' title='bbox 1569 2905 1610 2939; x_wconf 82' lang='lat' dir='ltr'>F.</span> <span class='ocrx_word' id='word_1_406' title='bbox 1629 2917 1667 2940; x_wconf 85' lang='lat' dir='ltr'>n.</span> <span class='ocrx_word' id='word_1_407' title='bbox 1686 2905 1787 2940; x_wconf 85' lang='grc'><strong>1586.</strong></span> 
     </span>
    </p>
   </div>
   <div class='ocr_carea' id='block_1_10' title="bbox 1895 0 1950 2302">
    <p class='ocr_par' dir='ltr' id='par_1_17' title="bbox 1895 0 1950 2302">
     <span class='ocr_line' id='line_1_61' title="bbox 1895 0 1950 2302; baseline 0 0"><span class='ocrx_word' id='word_1_408' title='bbox 1895 0 1950 2302; x_wconf 95' lang='lat' dir='ltr'> </span> 
     </span>
    </p>
   </div>
   <div class='ocr_carea' id='block_1_11' title="bbox 1943 2579 1950 2814">
    <p class='ocr_par' dir='ltr' id='par_1_18' title="bbox 1943 2579 1950 2814">
     <span class='ocr_line' id='line_1_62' title="bbox 1943 2579 1950 2814; textangle 90"><span class='ocrx_word' id='word_1_409' title='bbox 1943 2664 1950 2814; x_wconf 49' lang='grc' dir='ltr'>...ω-,Μ</span> <span class='ocrx_word' id='word_1_410' title='bbox 1944 2579 1950 2657; x_wconf 44' lang='grc' dir='ltr'>μμ*-</span> 
     </span>
    </p>
   </div>
  </div>
 </body>
</html>
