1950 3313
107 180 201 217 Gan.
228 182 320 217 2341

482 182 565 217 ΤιΤ.
593 183 701 217 XIII.
731 204 742 209 -
771 183 827 219 De
851 185 1002 220 delictis
1020 190 1155 221 contra
1178 199 1366 233 personas
1670 192 1741 224 233

103 299 312 345 gnitatibus,
335 299 562 346 pensionibus
580 305 614 335 et
632 300 786 346 quolibet
814 314 888 338 mu—

105 358 200 388 nere,
229 347 255 381 si
284 347 375 393 quod
403 347 438 382 in
467 345 619 382 Ecclesia
645 348 783 384 babeat.

152 398 171 437 ἓ
198 393 230 429 3.
261 392 329 438 Qui
361 394 396 429 in
438 405 622 440 personam
652 395 886 437 patriarchae,

104 441 378 488 Archiepiscopi,
407 440 565 488 Episcopi
593 442 697 478 etiam
738 443 888 478 titularis

104 493 255 531 tantum,
271 489 418 524 incurrit
436 489 471 523 in
487 490 886 527 excommunicationem

106 536 196 572 latae
232 536 428 572 sententiae
453 534 533 572 Sedi
562 536 780 583 Apostolicae
817 550 886 584 spe-

105 583 183 619 ciali
213 584 314 619 modo
340 588 565 619 reservatam.

154 635 173 673 g
200 628 233 666 4.
263 629 330 675 Qui
351 631 386 666 in
406 641 591 678 personam
617 631 766 666 aliorum
794 632 890 667 cleri-

105 689 226 713 corum
244 678 297 713 vel
317 678 498 724 utriusque
516 689 617 714 sexus
637 679 888 723 religiosorum.

106 725 284 761 subiaceat
309 725 385 772 ipso
413 725 501 761 facto
534 726 887 762 excommunicationi

107 771 296 808 Ordinario
322 773 460 819 proprio
486 778 691 814 reservatae,
712 774 770 820 qui
794 785 889 820 prae-

108 825 201 855 tcrea
225 819 303 855 aliis
331 819 462 866 poenis,
488 820 514 854 si
543 831 598 856 res
626 821 723 863 ferat,
743 832 802 867 pro
828 833 890 857 suo

110 867 270 914 prudenti
297 867 442 903 arbitrio
468 878 547 903 eum
577 868 711 914 puniat.

156 913 239 950 CAN.
266 912 370 950 2344.
402 936 419 940 -
447 913 515 958 Qui
545 914 741 951 Romanum
778 916 889 952 Ponti-

109 961 221 1004 ficem,
247 960 284 998 S.
318 961 356 998 R.
392 961 429 998 E.
459 961 695 1004 Cardinalem,
722 962 888 1008 Legatum

963 303 1107 339 Romani
1139 304 1327 349 pontificis,
1349 306 1472 342 Sacras
1499 306 1742 352 Congregatio-

963 362 1023 386 nes
1063 351 1248 393 Romanas,
1276 352 1481 388 Tribunalia
1520 354 1619 389 Sedis
1654 355 1740 400 Apo-

961 398 1100 434 stolicae
1138 410 1327 445 eorumque
1365 400 1538 435 Olliciales
1578 401 1736 437 maiores,

963 446 1141 491 proprium
1180 445 1408 482 Ordinarium
1453 448 1600 493 publicis
1641 450 1740 494 eplie-

963 493 1164 535 merhlibus,
1183 494 1422 535 concionibus,
1448 495 1573 529 libeliis
1598 496 1669 530 sive
1695 497 1742 530 di-

963 544 1052 575 reete
1090 540 1162 575 sive
1197 541 1375 581 indirecte.
1410 542 1546 576 iniuriis
1571 543 1736 586 affecerit,

962 591 1020 621 aut
1048 587 1243 622 simultates
1271 589 1321 623 vel
1348 589 1426 624 odia
1464 594 1583 624 contra
1620 601 1740 625 coruu-

962 634 1039 669 dem
1075 639 1164 674 acta,
1200 635 1347 677 decreta,
1377 636 1580 677 decisiones,
1607 642 1741 672 sentcn-

962 681 1028 716 tias
1062 681 1270 722 excitaverit,
1298 683 1341 717 ab
1368 681 1555 718 Ordinario
1594 695 1662 719 non
1691 696 1741 718 so-

963 728 1034 763 lum
1062 728 1104 763 ad
1129 728 1334 764 instantiam
1364 731 1483 775 partis,
1500 731 1557 765 sed
1576 731 1678 766 etiam
1700 743 1738 766 ex

962 775 1072 810 ossieio
1089 775 1260 821 adigatur,
1279 787 1336 822 per
1355 788 1518 812 censuras
1533 789 1680 823 quoque.
1698 779 1738 814 ad

962 823 1235 859 satisfactionem
1289 825 1545 870 praestandam,
1592 825 1741 871 aliisque

962 870 1126 915 congruis
1167 870 1284 916 poenis
1323 871 1373 906 vel
1415 872 1646 917 poenitentiis,
1684 884 1742 917 pro

960 917 1130 962 gravitate
1147 918 1269 964 culpae
1287 923 1320 953 et
1338 919 1491 953 scandali
1512 920 1742 965 reparatione,

964 965 1140 1010 puniatur.

229 1081 325 1124 182.
362 1083 546 1128 Contra
588 1084 683 1129 fori
723 1085 1051 1140 privilegium.
1082 1109 1138 1114 —
1172 1083 1234 1127 Ad
1269 1083 1466 1127 tuendum
1503 1085 1577 1126 tori
1614 1087 1739 1141 prixi-

111 1151 278 1208 lcgium,
312 1151 363 1195 de
405 1164 487 1208 quo
533 1155 571 1195 in
615 1165 705 1196 can.
744 1153 843 1207 120,
878 1153 1008 1197 tendit
1040 1167 1218 1211 sequens
1260 1168 1350 1197 ean.
1385 1156 1517 1198 3341.
1553 1154 1598 1196 Si
1637 1155 1744 1212 (suile,

110 1222 220 1266 nulla
265 1223 530 1267 distinctione
573 1224 833 1268 considerata
880 1226 1004 1268 etiam
1043 1224 1298 1281 Episcopalis
1341 1226 1565 1282 dignitatis,
1600 1232 1743 1268 eontra

106 1293 420 1352 praescriptum
454 1309 544 1337 cau.
570 1297 657 1338 120
689 1294 871 1339 scilicet:
905 1295 939 1338 10
968 1311 987 1336 «
1011 1298 1099 1339 sine
1134 1298 1254 1339 venia
1287 1296 1404 1340 Sedis
1436 1295 1695 1352 Apostolicac
1720 1312 1740 1335 ›>

109 1365 244 1422 quoad
281 1366 367 1409 fere
401 1379 545 1409 omnes
579 1380 709 1409 ausus
742 1364 893 1424 fuerit,
915 1367 1010 1410 hine
1035 1382 1054 1408 «
1079 1366 1286 1424 quaelibet
1322 1366 1651 1423 imputabilitatis
1677 1369 1746 1408 iui-

112 1437 285 1479 minutio
317 1438 408 1480 sive
440 1449 489 1480 ex
526 1441 643 1494 parte
678 1436 911 1481 intellectus
934 1438 1126 1494 (excepta
1162 1439 1392 1494 ignorantia
1426 1436 1633 1493 affectata)
1657 1440 1745 1479 sive

110 1520 160 1550 ex
197 1511 312 1564 parte
349 1507 573 1551 voluntatis
592 1510 700 1563 (can.
738 1508 867 1562 2229,
899 1508 927 1567 ξ
961 1508 1004 1565 ⁶2)
1029 1510 1217 1552 eximit»
1255 1521 1277 1552 a
1313 1521 1439 1564 poena
1473 1510 1659 1565 sequenti
1694 1507 1745 1551 ob

110 1577 332 1622 delictum:
369 1577 425 1622 ad
457 1578 638 1622 iudicem
672 1578 829 1622 laicum
853 1592 1162 1637 quemeumque
1190 1578 1326 1622 civilis
1348 1581 1555 1622 societatis
1580 1577 1747 1620 trahere

114 1648 239 1692 veluti
274 1648 414 1705 legum
452 1649 646 1693 violentia
681 1650 866 1708 aliquem
898 1653 938 1703 a)
969 1664 1021 1694 esc
1054 1650 1095 1693 S.
1121 1649 1168 1695 R.
1192 1649 1240 1693 E.
1280 1648 1578 1693 Cardimtlibus
1612 1649 1651 1703 b)
1687 1648 1747 1691 rel

112 1718 283 1777 Leyalis
303 1719 423 1764 Sedis
441 1720 724 1778 Apostolicae,
749 1724 818 1779 qui
843 1722 1157 1778 distinguuntur
1181 1724 1218 1764 in
1244 1734 1336 1778 cap.
1361 1719 1405 1775 V,
1431 1723 1490 1764 tit.
1514 1719 1591 1774 vlt,
1612 1720 1696 1763 Lib.
1721 1720 1746 1774 Ι,

111 1797 148 1845 c)
180 1790 244 1834 vel
276 1789 533 1849 officialibus
567 1791 813 1843 maioribus
834 1792 1015 1836 seilicet:
1053 1797 1216 1849 praeter
1238 1793 1277 1836 S.
1302 1792 1347 1836 R.
1372 1791 1418 1835 R.
1448 1791 1682 1837 Auditores,
1709 1793 1745 1833 in

111 1862 514 1918 Congregationibus
539 1863 802 1915 Adsessores,
825 1864 1061 1915 Secretarii,
1085 1863 1401 1907 Subsecretarii.
1426 1867 1463 1905 et
1496 1862 1562 1905 alii
1597 1874 1747 1918 coguo-

110 1933 252 1976 scendi
297 1946 347 1977 ex
387 1948 406 1974 «
432 1933 646 1977 Annuario
681 1934 896 1977 Pontilieio
920 1950 961 1989 n,
995 1933 1211 1977 Romanae
1248 1932 1414 1985 Cufiae,
1447 1933 1517 1976 sed
1564 1932 1625 1975 liis
1668 1946 1746 1988 qua

114 2003 276 2059 talibus,
296 2017 470 2061 nempe:
496 2004 761 2048 solummodo
796 2004 842 2047 ob
866 2005 1036 2062 ueyotz'a
1060 2003 1116 2047 ad
1138 2018 1280 2047 eorum
1302 2017 1453 2046 memus
1473 2003 1746 2061 pertinenlia,

112 2075 156 2132 (l)
190 2075 254 2118 vel
291 2074 572 2118 Ordiuarium
603 2075 827 2133 proprium
859 2077 949 2119 sive
982 2075 1074 2129 loci,
1108 2075 1157 2119 ad
1193 2087 1380 2118 normam
1422 2087 1511 2117 ean.
1547 2074 1615 2128 94,
1650 2074 1747 2127 111,

116 2145 180 2189 vel
215 2145 283 2190 ubi
319 2146 467 2190 domus
502 2145 694 2203 religiosa
725 2148 910 2200 sitaest,
943 2148 1032 2189 sive
1068 2159 1140 2202 pro
1174 2145 1352 2189 alumnis
1386 2144 1596 2200 religionis
1628 2144 1747 2188 cleri-

113 2217 213 2260 calis
255 2221 476 2274 exemptae
520 2230 663 2260 eorum
709 2217 954 2273 Superiores
1000 2218 1177 2259 maiores
1211 2215 1318 2273 (can.
1354 2216 1470 2272 198),
1505 2214 1748 2272 delinquens

115 2293 157 2331 ut
191 2289 422 2345 praefertur
445 2287 661 2331 contrahit
695 2287 786 2345 ipso
820 2288 936 2346 facto
969 2287 1439 2331 eoecommum'eatiouem
1464 2285 1749 2343 SecliApo.s*l0-

55 2387 58 2390 »
115 2358 222 2401 cicae
263 2358 442 2416 speciali
484 2359 605 2402 modo
648 2364 921 2401 reservatam.
957 2384 1008 2389 —
1046 2358 1312 2415 Prosequitur
1354 2370 1483 2400 canon
1519 2357 1570 2399 de
1602 2356 1746 2399 eodem

113 2442 161 2473 ac
194 2442 319 2487 supra
353 2430 511 2474 dictum
547 2435 608 2474 est
641 2428 924 2487 delinquente,
949 2429 1022 2473 sed
1048 2429 1097 2471 ΙΙ0
1121 2431 1209 2472 sine
1242 2428 1407 2471 diversa
1443 2427 1604 2470 licentia
1640 2426 1746 2483 (can.

115 2489 219 2554 1⁶20,
244 2500 273 2558 ἓ
306 2500 349 2558 2)
382 2501 478 2544 Sedi
512 2501 682 2558 Apleae.
722 2500 783 2544 vel
819 2498 1032 2544 Ordinarii
1073 2498 1125 2543 ob
1163 2499 1351 2543 diversas
1400 2510 1596 2554 personas
1642 2510 1747 2552 (pune

115 2570 348 2626 trabuntur,
383 2571 421 2614 si
453 2570 601 2626 alium,
636 2576 800 2629 praeter
834 2573 1063 2628 proprium,
1088 2574 1125 2624 a)
1155 2568 1410 2627 Episcopum
1445 2567 1745 2611 residentialcm

117 2641 209 2699 (etsi
234 2642 418 2686 nondum
444 2642 753 2700 consecratum)
780 2644 938 2685 ratione
963 2641 1127 2685 habitae
1151 2654 1197 2684 ac
1223 2652 1431 2696 possessae
1456 2638 1748 2681 iurisdictionis

114 2713 363 2768 ordinariae,
391 2713 454 2756 vel
491 2715 652 2758 ratione
687 2713 942 2757 characteris
973 2714 1069 2769 quia
1103 2711 1315 2754 subditur:
1352 2710 1477 2752 eriam
1513 2720 1620 2750 mere
1654 2708 1746 2749 litu-

115 2782 261 2838 larem,
287 2783 331 2841 b)
356 2788 431 2826 aut
453 2782 651 2826 Abbatem
673 2783 736 2826 cel
756 2782 1001 2826 Praelalum
1035 2781 1209 2837 nullius,
1228 2794 1330 2838 quos
1364 2780 1503 2822 delinit
1539 2790 1625 2820 ean.
1648 2778 1743 2830 311»,

115 2853 155 2911 c)
190 2853 254 2897 vel
286 2853 483 2911 aliquem,
522 2856 592 2911 qui
626 2867 706 2897 non
742 2856 793 2897 sit
827 2855 1019 2910 proprius
1051 2849 1317 2903 Ordinarius,
1351 2862 1442 2892 nam
1478 2848 1527 2891 (le
1563 2847 1637 2889 boc
1670 2852 1745 2889 sta-

117 2925 246 2967 tuitur
263 2925 392 2979 prius,
410 2937 462 2966 eoe
485 2923 710 2981 supremis,
735 2924 804 2980 qui
833 2925 871 2965 in
896 2934 942 2965 ea
967 2921 1168 2977 religione
1191 2920 1453 2975 Superiorem
1481 2929 1557 2959 non
1579 2915 1742 2964 babent,
