1950 3313
774 142 945 177 Normae
973 145 1172 188 yenerales
1739 146 1785 180 69

162 273 182 299 ((
205 263 330 316 atque
354 258 446 303 ideo
469 272 518 302 ex
546 261 723 315 receptis
746 261 854 316 apud
882 260 1075 317 probatos
1098 267 1288 306 auctores
1315 263 1720 320 interpretationibus
1744 281 1783 317 ³),

154 331 261 373 sicut
293 328 547 386 explicatum
581 334 664 374 est:
698 344 779 387 qim
812 329 1067 389 (lisrrepant,
1094 345 1172 375 non
1197 333 1245 375 ad
1274 333 1572 390 praecedentes
1594 339 1784 378 auctores

155 402 425 457 quantumvis
458 399 602 443 doctos
635 405 692 443 est
728 402 1044 455 recurrendum,
1077 403 1148 446 sed
1188 416 1413 447 «canones
1449 409 1585 447 sunt»
1623 419 1674 446 ar
1705 419 1781 447 sua

154 471 341 529 ipsorum
374 470 584 513 sententia
617 470 885 514 diimlieamli'
919 473 1052 529 quoad
1092 473 1314 517 verborum
1351 487 1397 518 ac
1421 477 1647 518 sententiae
1684 477 1783 529 tim,

152 555 225 586 seu
259 543 309 586 ad
346 554 533 585 normam
567 554 658 585 can.
696 542 747 585 18
782 547 819 585 ct
861 543 924 596 to,
950 556 1027 586 non
1058 544 1253 600 despecto
1288 545 1422 601 quoad
1459 545 1532 588 hos
1564 550 1779 589 auctorum

151 613 391 656 adiumento
411 611 695 669 probatorum,
709 627 851 656 eorum
873 617 1091 670 prasertim
1111 617 1180 672 qui
1197 624 1284 671 post
1299 614 1492 659 (judicem
1512 619 1779 672 seripserunt.

269 683 316 725 40
351 681 397 725 In
431 681 568 731 (lubio,
604 683 712 741 quod
750 684 867 728 facile
891 685 1081 728 accidere
1108 690 1251 742 potest,
1276 698 1323 729 ac
1353 685 1456 729 bene
1492 687 1659 729 t'undato
1685 701 1778 729 num

150 752 325 811 aliquod
357 767 564 796 canonum
597 754 854 810 singulorum
891 758 963 798 etsi
1002 755 1173 810 partiale
1204 757 1512 814 praescriptum
1545 757 1688 800 iubens
1711 762 1779 800 aut

153 828 296 868 vetans
329 838 420 867 cum,
456 824 585 867 ceteri
629 825 721 867 iure
765 827 801 868 in
852 839 964 870 num.
1002 826 1043 868 2⁰
1079 826 1288 870 declarato
1333 826 1553 885 discrepet,
1588 842 1612 869 a
1654 828 1781 870 reteri

149 894 244 938 iure
277 908 357 938 non
391 901 451 938 est
484 894 774 950 recedendum,
795 899 905 940 iuxta
928 897 1050 940 illud:
1091 914 1109 937 ((
1130 897 1181 941 ab
1204 911 1252 941 eo
1276 898 1382 954 quod
1409 910 1429 941 a
1452 898 1572 954 longo
1596 903 1780 955 tempore

149 979 328 1024 aequum
365 969 500 1010 visum
535 972 610 1021 est,
646 980 724 1010 non
758 973 817 1010 est
853 972 1008 1011 temere
1049 969 1368 1012 recedendum»
1408 969 1433 1011 ¹.

268 1037 324 1081 De
358 1037 577 1094 disciplina
603 1040 640 1080 in
665 1036 817 1082 Codice
851 1041 1000 1082 omissa
1026 1044 1117 1082 sunt
1147 1040 1229 1082 duo
1253 1045 1356 1096 seq!
1378 1040 1518 1084 nuniff.
1547 1041 1779 1096 incipiendo

150 1108 201 1153 ab
234 1123 282 1152 eo
315 1109 424 1167 quod
460 1114 519 1152 est
559 1109 795 1165 generalius
838 1114 1060 1152 statutum:

267 1181 315 1224 50
354 1179 475 1233 Quod
528 1179 584 1222 ad
631 1194 790 1238 poenas
845 1180 1011 1226 (illinet,
1068 1180 1355 1237 «disciplinae
1383 1198 1400 1221 »
1456 1183 1611 1224 normis
1665 1183 1778 1223 initio

149 1254 318 1295 canonis
362 1251 584 1295 declaratis
629 1254 817 1302 insertas,
851 1266 1026 1309 quarum
1080 1252 1119 1294 in
1175 1250 1323 1295 Fodiee
1372 1251 1488 1294 nullu
1524 1253 1566 1307 sil
1613 1252 1778 1303 mentio,

152 1323 260 1366 unde
305 1336 379 1366 nec
419 1322 510 1366 aliis
555 1322 693 1366 verbis
736 1336 959 1379 expressae
1005 1324 1169 1366 fuerunt
1218 1323 1360 1366 saltem
1418 1322 1596 1365 breviori
1643 1323 1776 1372 niodo,

149 1399 272 1452 atque
306 1393 462 1451 absque
512 1393 592 1437 ulla
644 1394 888 1437 limitatione
922 1399 990 1437 aut
1034 1394 1300 1447 discretione,
1335 1394 1486 1437 dicitur
1520 1396 1649 1437 enini:
1699 1394 1778 1450 spi·-

148 1465 329 1508 re'tuales
377 1465 462 1508 sint
506 1464 568 1508 vel
618 1464 868 1523 temporales
918 1467 1028 1508 iuxta
1066 1465 1217 1508 bonum
1264 1479 1345 1522 quo
1386 1467 1563 1521 privant„
1610 1463 1776 1507 inedies-

148 1535 265 1579 miles
297 1537 347 1579 ad
383 1536 718 1580 emendationem
767 1535 839 1587 rel,
876 1542 919 1578 etl
965 1541 1125 1587 coeant,
1163 1535 1444 1578 nimlieaiz'z·‹1e
1483 1536 1608 1586 i‹lest;
1643 1536 1777 1577 editae

150 1609 371 1664 praecipue
396 1609 434 1649 in
462 1610 719 1663 punitionem
746 1607 898 1654 delicti,
925 1607 1039 1650 latae
1069 1606 1128 1649 rel
1160 1606 1362 1664 ferendae
1384 1607 1618 1649 sententiae
1640 1606 1774 1663 quoad

147 1678 316 1721 modum
352 1690 421 1721 eas
459 1678 717 1729 incurrendi,
748 1692 821 1720 eae
853 1681 1028 1721 omissae
1064 1683 1103 1720 ut
1138 1690 1277 1734 supra,
1312 1683 1508 1734 {anquam
1550 1676 1777 1732 abrossalae

149 1747 384 1791 habeantur
419 1761 468 1791 ex
505 1747 627 1791 huius
660 1751 829 1791 canonis
862 1748 997 1791 edicto
1032 1749 1081 1791 de
1119 1748 1330 1791 voluntate
1364 1747 1590 1803 digerentis
1613 1761 1658 1789 at·
1685 1761 1775 1802 pro-

146 1819 368 1876 mulgantis
405 1819 614 1863 (jodicem.
655 1820 731 1862 Sed
779 1822 889 1862 iuxta
935 1819 1252 1875 explicationem
1299 1821 1413 1861 initio
1457 1818 1593 1861 datam
1639 1817 1771 1874 quoad

146 1890 321 1934 verbum
364 1906 383 1931 (c
407 1891 668 1947 disciplinam
695 1907 714 1931 ))
743 1892 944 1947 sequitur,
969 1890 1322 1947 quemadmodum
1351 1889 1577 1932 declaraxit
1607 1889 1698 1931 l'ius
1722 1887 1769 1930 tx

144 1963 194 2005 de
229 1964 417 2005 censuris
452 1961 555 2005 latae
590 1964 819 2005 sententiae
856 1975 927 2018 per
960 1966 1088 2004 const.
1129 1977 1147 2001 «
1173 1961 1344 2016 Aplcae.
1380 1960 1540 2004 Sedis»
1570 1959 1597 2007 ²,
1625 1973 1775 2016 poenas

145 2032 377 2088 praedictas
409 2032 598 2076 decretas
631 2034 755 2075 etiam
789 2044 983 2088 suprema
1019 2031 1228 2075 Ecclesiae
1263 2033 1508 2075 auctoritate
1547 2046 1565 2070 ((
1590 2033 1678 2073 sixt»
1703 2043 1774 2086 pro

142 2105 303 2146 interno
349 2105 553 2160 regimine
595 2116 958 2160 quorumcumque
1002 2102 1193 2145 ordinum
1230 2107 1267 2145 et
1304 2104 1582 2145 institutorum
1619 2100 1774 2156 regula-

142 2177 264 2226 rium,
290 2188 448 2218 necnon
474 2187 838 2231 quorumcumque
862 2173 1146 2229 collegiorum,
1174 2174 1558 2229 congregationum,
1579 2177 1771 2215 coetuum

141 2245 412 2303 locorumque
439 2248 599 2302 piorum
625 2247 927 2302 cuiuscumque
953 2246 1129 2287 nominis
1147 2248 1216 2286 aut
1241 2245 1407 2300 generis
1425 2246 1518 2295 sint,
1539 2256 1607 2286 ens
1631 2256 1773 2285 omnes

142 2317 281 2359 firmas
315 2330 418 2367 esse,
452 2322 488 2359 et
525 2318 562 2358 in
598 2329 670 2359 suo
707 2315 852 2358 robore
889 2328 1133 2371 permanere
1159 2330 1198 2358 )).

258 2386 306 2429 (50
341 2387 387 2430 Si
419 2401 500 2444 qua
535 2401 586 2429 ex
619 2386 768 2429 celeris
804 2386 892 2444 (seu
943 2400 1021 2428 non
1073 2398 1152 2443 qua
1204 2385 1462 2441 poenalibus„
1505 2398 1577 2428 ne(-
1621 2384 1771 2441 quibus

139 2458 285 2501 saltem
320 2457 448 2501 dubio
481 2463 711 2514 congruant
746 2456 944 2514 canones)
978 2456 1341 2514 [lisei'pli'ii(zribiae,
1374 2461 1576 2513 quatenus
1619 2455 1670 2498 ab
1711 2455 1771 2497 liis

137 2541 259 2584 supra
294 2528 515 2572 declaratis
550 2542 663 2572 mere
699 2528 888 2583 morales,
909 2540 1014 2585 quae
1048 2533 1165 2571 actus
1199 2530 1382 2570 internos
1405 2527 1600 2582 dirigunt.
1629 2526 1770 2567 distin-

138 2604 338 2656 guuntur,
372 2599 546 2656 leqe'betS,
581 2602 735 2657 scripto
769 2600 876 2643 datis
910 2602 947 2642 in
984 2604 1242 2656 perpetuum,
1278 2612 1298 2641 a
1333 2610 1524 2653 suprema
1562 2596 1768 2639 Ecclesiae

139 2675 339 2727 potestate
375 2673 457 2713 vim
491 2671 805 2726 accipientibus,
841 2676 878 2713 et
914 2683 991 2712 non
1030 2683 1142 2713 mere
1177 2667 1515 2725 particularibus:
1552 2669 1765 2709 nonenim

139 2741 215 2785 hae
235 2743 272 2783 in
294 2740 370 2784 hoc
389 2740 522 2785 nums‘
541 2743 845 2797 exprimuntur,
866 2754 940 2784 nec
961 2741 1010 2783 de
1032 2740 1092 2783 his
1111 2753 1208 2783 cura
1231 2741 1302 2782 run
1329 2739 1532 2795 digerenti
1558 2738 1767 2786 (Iudicem,

260 2894 267 2915 ¹
297 2893 322 2926 1.
354 2895 375 2925 ι)
402 2892 449 2926 D.
480 2893 540 2926 tit.
568 2892 636 2935 IV,
664 2892 708 2926 L.
737 2892 768 2927 1.
799 2914 838 2917 -
868 2892 881 2914 2
906 2894 944 2926 12
973 2892 1057 2926 oet.
1093 2892 1192 2925 [soe.
