1950 3313
105 129 200 165 Can.
227 129 319 164 2367
482 128 567 162 Tl'r.
596 127 702 162 XVI.
733 148 743 153 -
772 129 828 163 Dc
845 130 996 164 delictis
1016 132 1057 164 in
1075 130 1226 164 admin.
1249 133 1355 165 Smer.
1666 132 1732 165 281

106 262 214 292 nunc
248 248 510 306 explicando,
543 250 614 305 qui
650 260 829 291 canones
857 265 878 289 «
904 249 995 292 ideo
1020 263 1067 292 ex
1097 252 1273 306 receptis
1306 250 1412 306 apud
1450 250 1641 306 probatos
1664 264 1734 293 au-

105 324 240 363 ctores
275 318 699 375 interpretationibus.
724 323 818 362 sunt
842 320 1085 363 aestimandi
1113 336 1132 360 »
1162 320 1269 377 (can.
1296 322 1334 374 6,
1361 320 1436 376 2¹³),
1463 323 1499 363 in
1526 334 1572 364 ca
1597 323 1739 378 utique

106 395 254 434 const.0
277 390 427 433 Bened.
456 387 545 432 xiv
571 390 721 432 inssixit
745 393 1235 444 excommunicationcm,
1259 404 1381 448 quam
1419 391 1497 434 hue
1534 392 1739 434 transtulit

107 460 245 505 Codex
280 460 402 504 simul
437 472 485 504 ac
519 459 823 503 declarationes
855 460 1165 518 subsequentes,

226 532 293 576 Sic
328 533 471 588 incipit
505 530 794 587 paragraphus
830 531 938 574 illius
971 536 1116 574 const.³
1149 532 1198 574 ad
1236 546 1319 575 rem
1358 535 1577 588 pertinens.
1618 549 1639 573 «
1664 533 1738 575 Ηυ-

110 615 222 645 mum
249 614 501 658 magnopere
524 604 740 657 cupientes
762 614 782 644 a
814 601 1084 645 sacerdotalis
1120 602 1277 655 ludicii,
1301 608 1337 645 et
1363 604 1474 645 Sacri
1508 603 1742 646 'l'rihunalis

108 674 326 716 sanctitate
359 685 524 715 omnem
560 672 831 728 turpitudinis
865 674 1139 725 occasionem,
1174 678 1210 715 et
1250 674 1610 716 §aeramentorum
1645 688 1740 717 con-

111 748 327 800 temptum,
360 747 400 786 et
434 742 644 786 Ecclesiae
684 745 875 786 iniuriam
924 743 1043 799 longe
1086 743 1351 797 submovere,
1385 749 1420 786 ct
1457 750 1535 786 tam
1571 747 1740 787 exitiosa

112 813 348 858 huiusmodi
385 813 490 857 mala
526 813 865 870 (sollicitationis)
903 828 1070 870 prorsus
1113 813 1342 863 eliminare,
1388 820 1427 857 et
1471 820 1666 870 «plantum
1705 818 1741 857 in

114 885 287 928 Domino
336 898 569 942 possumus,
618 887 850 928 animarum
904 884 1098 941 periculis
1146 898 1382 939 occurrere,
1415 898 1517 942 quas
1554 886 1742 938 sacrilegi

113 956 296 1014 quidam,
333 954 556 999 Daemonis
591 957 738 1012 potius,
773 968 897 1012 quam
935 955 1004 998 Dei
1052 957 1243 1008 ministri,
1278 955 1365 999 loco
1400 969 1468 998 eas
1504 970 1573 1012 per
1606 957 1745 999 Sacra-

115 1031 297 1070 mentum
332 1025 516 1071 Creatori
551 1040 640 1080 suo,
686 1039 733 1070 ac
779 1031 917 1069 nostro
954 1026 1264 1080 reconciliandi,
1301 1029 1444 1069 maiori
1483 1032 1742 1082 peccatorum

115 1098 221 1142 mole
245 1102 476 1153 onerantes,
504 1100 541 1141 iu
570 1098 819 1155 profundum
847 1100 1074 1155 iniquitatis
1109 1096 1348 1140 barathrum
1385 1099 1540 1141 nelarie
1563 1097 1747 1141 submer—

114 1174 216 1226 gunt
237 1185 277 1223 n,
313 1171 350 1212 in
388 1170 467 1212 tine
503 1168 769 1226 paragraphi,
806 1173 1022 1226 postquam
1058 1168 1354 1211 iurisdictionis
1389 1168 1671 1211 limitationem
1711 1171 1746 1210 in

114 1253 203 1283 can.
240 1240 322 1283 884
369 1242 564 1283 insertam
611 1242 765 1289 statuit,
806 1255 827 1281 «
851 1239 1163 1282 nihilominus»
1204 1240 1281 1281 t'ert
1313 1243 1552 1295 sequentem
1589 1251 1750 1281 excom-

118 1313 453 1365 municationem,
488 1313 595 1354 sicut
629 1325 720 1353 can.
754 1312 894 1353 2367.

232 1381 261 1441 ξ
293 1385 328 1425 1.
368 1382 629 1435 «Sacerdos,
665 1386 746 1424 tam
783 1381 1010 1425 saecularis
1043 1394 1166 1439 quam
1204 1381 1406 1437 regularis
1429 1380 1518 1436 (seu
1554 1379 1653 1423 cleri
1690 1394 1748 1421 re-

117 1453 250 1509 ligiosi
300 1455 413 1496 iuxta
462 1452 820 1496 nomenclaturam
866 1451 1049 1509 Codicis)
1083 1454 1384 1508 cuiuscumque
1422 1448 1593 1495 Ordinis
1626 1463 1750 1501 inimc

119 1523 349 1581 religionis)
374 1537 422 1567 ac
449 1523 682 1580 Dignitatis,
709 1525 872 1566 tametsi
897 1523 1078 1580 alioquin
1109 1523 1159 1566 ad
1184 1524 1462 1566 confessiones
1485 1521 1752 1577 excipiendas

118 1593 383 1651 approbatus,
420 1599 459 1637 et
493 1596 643 1651 quovis
680 1593 917 1650 l'rivilegio,
952 1598 991 1637 et
1025 1593 1199 1648 indulto,
1225 1595 1347 1636 etiam
1382 1591 1550 1647 speciali
1584 1604 1752 1647 expres-

118 1667 247 1718 sione,
280 1669 319 1707 et
352 1664 651 1720 specialissima
687 1669 796 1717 nota,
830 1668 868 1707 et
915 1666 1122 1707 mentione
1167 1664 1293 1719 (ligno
1336 1662 1528 1705 suii'ullus
1552 1677 1589 1706 )),
1624 1661 1753 1716 (salvo

120 1749 229 1779 nunc
248 1735 369 1779 can.¹⁸
390 1735 516 1783 2227,
534 1735 626 1793 ξ2)
647 1736 921 1791 praescripto:
951 1737 1060 1777 «nisi
1081 1748 1277 1790 expresse
1299 1736 1575 1780 nominentur,
1595 1733 1634 1776 S.
1649 1731 1693 1775 R.
1712 1731 1753 1774 Ε.

120 1806 363 1850 Cardinales
385 1805 462 1849 sub
486 1805 577 1862 lege
603 1805 762 1862 poenali
788 1818 867 1848 non
893 1805 1305 1861 comprehenduntur
1322 1804 1381 1860 n),
1416 1802 1654 1853 Absolvens,
1677 1804 1752 1845 sci-

123 1877 239 1921 licet:
275 1876 504 1921 deliberate
537 1876 833 1920 absolutoriam
870 1877 1082 1932 proferens
1126 1875 1344 1918 formulam
1379 1875 1626 1917 sacramenti
1663 1873 1757 1916 Poe-

124 1950 320 1992 nitentiae
343 1960 607 2005 quacumque
633 1949 871 2000 intentione,
897 1951 967 1990 aut
993 1960 1090 1990 vere
1113 1945 1356 1990 absolvendi
1381 1950 1451 1988 aut
1475 1945 1567 1987 ficte
1590 1944 1753 2000 agendi,

125 2022 207 2062 imo
240 2018 304 2061 ‘vel
336 2018 495 2076 finycns
530 2017 755 2073 absolvere,
794 2017 1009 2061 videlicet:
1044 2017 1210 2075 quando
1254 2016 1355 2060 alias
1390 2029 1533 2071 preces
1565 2017 1654 2058 sive
1690 2014 1753 2057 lli-

126 2089 259 2144 malis,
292 2091 383 2133 sive
416 2089 583 2133 aliunde
619 2091 765 2145 petitas
798 2090 1003 2143 recitaret,
1037 2093 1107 2131 aut
1138 2088 1301 2131 silentio
1333 2089 1496 2130 sisteret
1532 2085 1657 2129 veluti
1691 2084 1757 2128 ab·

124 2160 292 2204 solvens
314 2162 354 2203 iu
379 2160 536 2204 iudicio
563 2161 840 2216 poenitentem
878 2161 1068 2215 ignarum
1094 2159 1145 2202 de
1174 2160 1325 2201 omissa
1358 2156 1641 2206 absolutione;
1677 2168 1755 2198 non

126 2235 264 2275 autem
297 2232 332 2275 si
365 2232 669 2276 confessionem
694 2230 871 2285 audiret,
896 2229 1282 2286 absolutionemque
1316 2241 1393 2271 non
1429 2228 1560 2279 daret,
1585 2239 1659 2270 nec
1684 2228 1756 2268 tin-

126 2308 244 2359 geret
275 2302 509 2358 absolvere,
557 2304 654 2360 quia
705 2303 893 2345 recitatio
942 2314 1113 2358 precum
1165 2299 1227 2343 vel
1271 2299 1478 2342 silentium
1516 2298 1757 2354 praelatum,

127 2374 293 2416 conscio
327 2375 574 2429 poenitente,
608 2373 658 2416 ad
697 2372 907 2416 vitandam
943 2372 1301 2415 circumstantium
1341 2369 1656 2413 admirationem
1696 2367 1757 2410 rel

127 2446 407 2500 suspicionem
440 2444 747 2495 ordinarentur,
773 2442 1013 2501 complicem
1038 2441 1080 2484 in
1101 2447 1270 2499 peccalo
1296 2440 1424 2497 turpi,
1447 2452 1553 2496 quae
1576 2438 1758 2482 clausula

131 2516 206 2558 fuit
239 2514 359 2572 plene
391 2514 601 2559 declarata
635 2514 712 2558 sub
745 2527 835 2558 can.
873 2513 969 2568 884,
1005 2513 1189 2556 incurrit
1222 2512 1312 2569 ipso
1344 2512 1459 2569 lucto
1493 2509 1760 2553 absolutionis

134 2585 196 2630 vel
231 2586 422 2641 fictionis,
456 2588 530 2629 etsi
565 2586 843 2630 contessarius
879 2598 975 2628 vere
1008 2597 1087 2627 non
1122 2584 1260 2637 fuerit,
1284 2595 1430 2625 carens
1452 2582 1561 2624 omni
1598 2579 1759 2622 iurisdi-

130 2658 266 2700 ctione
299 2657 338 2699 in
375 2658 667 2713 poenitentem,
701 2656 747 2699 in
781 2653 1364 2704 eoecommunicationem,non
1391 2654 1468 2695 iam
1499 2649 1707 2706 «speciali
1735 2665 1754 2687 n

131 2729 239 2771 sicut
271 2728 310 2770 in
344 2731 473 2770 const.
513 2742 534 2768 «
556 2726 821 2783 Apostolicae
853 2725 1015 2770 Sedis»
1056 2724 1111 2767 Pii
1147 2723 1215 2778 lx,
1248 2723 1317 2767 sed
1355 2727 1473 2779 prout
1521 2723 1558 2762 in
1611 2718 1759 2775 praec.i

134 2800 223 2841 iure
254 2797 476 2855 pollentem
502 2797 704 2854 singulari
730 2798 1037 2854 praerogativa,
1061 2808 1169 2838 nunc
1193 2792 1497 2851 specialissimo
1524 2789 1639 2833 modo
1664 2788 1761 2831 Sedi

134 2867 403 2927 Apostolicae
434 2873 720 2920 reservntam;
751 2867 803 2911 de
834 2880 914 2925 qua
949 2866 1381 2910 excommunicatione
1410 2865 1447 2905 in
1474 2861 1579 2905 Litt.⁵
1601 2858 1759 2915 encicl.
