1950 3313
106 173 172 206 106
568 169 652 202 Lm.
683 169 728 202 V.
757 188 771 193 -
797 168 907 202 PARS
932 167 984 202 II.
1014 188 1026 194 -
1051 169 1109 203 De
1127 171 1267 213 poenis
1517 168 1610 204 Gan.
1636 168 1731 203 2248

105 290 378 346 pendendam,
394 288 546 331 nullam
571 300 738 342 prorsus
751 300 771 328 a
786 288 988 346 censuris,
1002 291 1041 330 et
1059 289 1200 343 poenis
1217 287 1522 340 ecclesiasticis,
1537 290 1730 342 scienter,

107 361 168 403 vel
206 363 442 416 ignoranter
477 359 667 411 incursis,
699 356 999 400 absolutionem
1025 358 1212 412 concedi,
1245 371 1379 415 neque
1412 357 1463 401 ab
1498 357 1577 400 illis
1609 356 1726 401 abso-

102 430 202 474 lutio
238 433 450 485 praetextu
476 428 777 472 benedictionis
799 427 1036 471 huiusmodi
1059 434 1277 485 susceptae
1305 429 1518 485 praetendi
1546 430 1728 484 possit».

101 500 187 543 Non
221 504 282 543 est
304 499 593 543 contundenda
617 498 814 542 etim-hac
840 499 998 555 Papalis
1038 498 1285 556 benedictii),
1325 500 1376 542 de
1400 512 1478 556 qua
1505 499 1730 556 loquuntur

99 584 188 614 can.
224 570 320 619 914,
340 571 423 613 915
447 583 542 613 cum
561 569 820 613 absolutione
838 569 1036 625 generali,
1056 574 1141 612 tuin
1161 583 1267 627 quae
1292 573 1456 626 incipit:
1486 586 1508 611 «
1526 569 1585 613 Ne
1603 571 1726 613 remi-

99 643 325 695 piscaris»,
367 645 451 684 tum
485 640 562 684 sub
608 640 698 683 aliis
731 640 933 691 formulis,
972 652 1079 697 quae
1113 643 1323 683 continent
1366 640 1668 684 absolutionem
1703 651 1725 682 a

98 713 285 755 censuris
317 711 368 755 ad
402 711 621 755 cautelam.

215 782 319 837 Quia
354 795 555 826 censurae
578 786 672 825 sunt
696 794 851 838 poenae
876 781 1144 824 medicinales
1177 781 1226 824 ad
1252 781 1522 838 frangendam
1560 793 1724 824 reorum

96 856 416 908 contumaciam,
450 855 719 911 consequitur
752 866 800 896 ex
834 852 862 910 ς’
887 852 930 895 1⁰
963 852 1072 909 quod
1099 852 1343 908 praescribit
1375 852 1402 909 ξ
1432 854 1475 896 2.
1508 851 1724 895 Absolulio

96 938 336 969 «censurae
374 925 597 979 legitima»
635 922 838 980 deneyari
861 923 969 966 licite
993 922 1136 980 nequit
1152 922 1414 980 delinquenti
1438 935 1529 966 eam
1555 924 1724 978 petenti,

93 998 205 1039 iuxta
254 995 352 1038 illud
406 995 542 1038 lnuoc.
579 993 623 1037 lV
663 996 700 1037 in
749 993 873 1038 Conc.
909 993 1200 1050 Lugiluiien:¹
1247 993 1397 1037 «Solet
1442 1006 1463 1036 a
1514 992 1721 1035 nonnullis

94 1069 130 1109 in
166 1066 338 1110 dubium
375 1067 577 1120 revocari,
618 1078 667 1108 an
703 1078 798 1108 cum
837 1065 988 1122 aliquis
1032 1078 1103 1120 per
1146 1064 1411 1120 Superiorem
1446 1062 1607 1107 absolvi
1653 1076 1722 1119 po·

91 1137 214 1181 stulat
248 1137 296 1180 ad
332 1136 554 1191 cautelam,
586 1136 684 1180 dum
720 1137 758 1178 in
793 1149 836 1179 se
860 1135 982 1178 latam
1008 1137 1453 1178 excommunicatiouis
1475 1137 1721 1178 sententiam

91 1210 237 1251 asserit
270 1220 359 1250 esse
393 1206 562 1262 nullam,
597 1209 684 1249 sine
717 1206 1059 1250 contradictionis
1091 1205 1304 1249 obstaculo
1329 1219 1479 1248 munus
1512 1208 1546 1248 ei
1573 1205 1722 1249 debeat

89 1278 360 1323 absolutionis
394 1278 652 1334 impendit„
687 1277 728 1320 ln
765 1280 896 1333 prima
941 1279 1066 1333 igitur
1109 1276 1367 1319 dubitatione
1399 1278 1458 1320 sic
1501 1279 1721 1320 statuimus

89 1349 415 1405 observandum,
450 1354 491 1393 ut
536 1351 688 1406 petenti
727 1348 931 1392 absolutio
976 1362 1054 1391 non
1101 1352 1286 1404 negetur,
1332 1349 1525 1405 quamvis
1560 1350 1596 1390 in
1642 1347 1720 1391 hoc

88 1423 487 1473 excommunicator,
524 1419 585 1463 vel
620 1420 889 1463 adversarius
911 1433 954 1462 se
988 1424 1225 1475 opponat».
1250 1418 1442 1461 Attamen
1467 1431 1598 1461 canon
1622 1432 1717 1474 sup-

89 1494 201 1548 ponit
233 1504 452 1535 censuram
485 1504 575 1534 esse
599 1495 870 1542 contractam,
896 1495 1062 1546 propter
1086 1491 1193 1546 quod
1225 1489 1388 1532 subdit:
1423 1503 1511 1531 cum
1533 1489 1719 1546 primum

87 1562 333 1619 deliuquens
356 1575 404 1605 ac
437 1566 682 1605 censuratus
715 1575 740 1603 a
774 1560 1038 1604 eommnaez'a
1060 1560 1282 1602 recesserit
1307 1561 1440 1616 prouti
1477 1559 1554 1603 hoc
1587 1560 1717 1616 expli-

86 1638 223 1676 catum
260 1640 320 1676 est
352 1631 408 1675 ad
440 1646 629 1675 normam
664 1646 753 1674 can.
778 1634 919 1683 2242,
952 1632 979 1688 ᾗ
1010 1632 1054 1685 3,
1089 1644 1181 1673 nam
1207 1631 1434 1674 secuudum
1463 1644 1547 1687 reg.
1574 1633 1673 1674 iuris
1693 1632 1715 1674 5

87 1706 125 1746 in
162 1704 230 1748 60:
271 1719 289 1744 «
313 1704 471 1747 l'eccati
510 1705 627 1746 venia
665 1716 743 1745 non
788 1703 910 1745 datur
955 1705 1028 1745 nisi
1063 1707 1310 1753 correcto»,
1344 1707 1383 1744 et
1417 1704 1528 1744 iuxta
1570 1716 1654 1758 reg.
1690 1702 1713 1745 4

88 1777 187 1818 iuris
221 1777 258 1817 in
295 1775 363 1817 60:
403 1774 662 1817 «Peccatum
700 1787 778 1816 non
813 1775 1048 1825 dimittitur,
1084 1775 1157 1815 nisi
1195 1775 1434 1815 restituatur
1471 1771 1712 1816 ablatum».

205 1846 470 1903 Prosequitur
504 1845 736 1901 legislator:
771 1859 796 1887 a
820 1858 998 1887 censura
1022 1849 1160 1886 anilem
1184 1843 1369 1901 qualibet
1392 1843 1606 1886 absolvens
1629 1847 1716 1901 qui-

83 1930 262 1974 cumque
291 1921 429 1974 polest
466 1919 502 1958 vi
549 1917 671 1959 liuius
714 1918 897 1968 canonis,
935 1915 973 1958 si
1004 1929 1072 1957 res
1114 1914 1228 1972 serat
1261 1915 1489 1958 secundum
1535 1918 1713 1958 circum-

82 1990 265 2042 stantias,
282 2000 360 2044 pro
391 1992 564 2044 patrato
598 1986 750 2029 delicto
783 1986 835 2029 ob
857 1986 966 2043 quod
1001 1998 1174 2030 censura
1201 1985 1302 2028 haec
1331 1986 1463 2028 fuerat
1487 1991 1712 2040 contracta,

82 2071 309 2114 conqmam
343 2058 476 2100 eidem
512 2057 662 2100 delicto
696 2056 995 2111 vimlieqiivam
1026 2070 1217 2113 poenam,
1237 2056 1403 2112 quando
1427 2058 1513 2111 ipse
1545 2056 1712 2099 aliunde

82 2127 231 2171 habeat
270 2133 511 2184 potestatem
565 2130 813 2180 coactivam,
859 2126 920 2170 vel
957 2127 1264 2184 poenitentiam
1306 2140 1471 2182 semper
1502 2126 1712 2183 insliyere,

82 2211 204 2256 quam
240 2199 453 2242 absolutus
484 2211 655 2241 servare
688 2198 823 2241 debet.

202 2268 386 2326 Denique
418 2270 560 2311 statuit
592 2267 621 2326 ἓ
652 2270 693 2312 3.
738 2267 926 2310 Censura
958 2267 1114 2322 absque
1147 2280 1290 2310 earum
1323 2267 1600 2321 distinctione,
1632 2282 1710 2325 per

81 2338 384 2382 absolutionem
415 2342 539 2382 etiam
573 2340 623 2386 ad
661 2351 846 2381 normam
872 2351 963 2382 can.
984 2339 1111 2388 2247,
1129 2340 1154 2392 ξ
1179 2338 1201 2380 3
1240 2338 1301 2380 vel
1326 2338 1500 2380 aliorum
1526 2338 1707 2393 sublata,

83 2412 137 2452 uti
174 2410 314 2466 regula
350 2410 569 2466 generalis,
604 2411 749 2453 eadem
784 2424 866 2453 non
890 2409 1102 2451 reviviscit
1135 2408 1321 2466 quolibet
1344 2423 1392 2451 ex
1430 2412 1598 2463 motivo,
1623 2410 1709 2452 nisi

80 2481 124 2523 t'n
156 2495 256 2523 casu
289 2494 367 2538 qao
401 2495 504 2523 0⁴21ch
538 2494 558 2524 a
595 2483 683 2524 iure
711 2480 771 2524 vel
807 2480 858 2524 ab
881 2480 1123 2524 absolvente
1146 2480 1389 2536 impositum
1421 2483 1608 2536 graviter
1634 2480 1707 2523 sub

77 2564 213 2607 poe-na
246 2550 554 2593 rems-idemne
586 2551 711 2608 (quae
746 2551 1071 2606 subintelligitur
1095 2553 1131 2592 in
1166 2550 1340 2593 eandem
1366 2550 1604 2607 censuram)
1629 2550 1705 2593 im-

76 2620 233 2678 pletum
269 2636 348 2663 non
383 2621 516 2679 suerit
549 2622 743 2679 equidem
777 2621 1052 2677 culpabiliter,
1077 2622 1269 2677 quamvis
1292 2620 1506 2664 subeunda
1531 2634 1705 2664 censura

80 2705 156 2735 non
192 2692 472 2748 distinguatur
504 2692 555 2736 ab
588 2706 648 2743 ea,
681 2705 788 2750 quae
823 2694 897 2735 fuit
929 2691 1130 2746 absoluta,
1170 2691 1294 2734 veluti
1318 2694 1349 2733 si
1385 2691 1587 2734 absolutio
1611 2692 1704 2735 data

78 2764 202 2805 fuerit
233 2763 309 2806 sub
343 2763 411 2806 illa
444 2763 681 2806 conditione
717 2766 843 2819 ipsius
878 2762 1113 2806 resolutiva.

193 2916 203 2937 ¹
232 2915 322 2960 Cap.
353 2917 374 2948 2
407 2931 420 2945 ‹
437 2914 482 2949 de
509 2915 713 2949 sententia
739 2914 1208 2950 excommunicationis...
1225 2927 1243 2946 »
1274 2916 1335 2958 (V,
1364 2916 1423 2956 11)
1450 2914 1489 2947 in
1516 2914 1566 2948 60.
