1950 3313
124 161 129 173 ·
156 158 222 191 104
672 154 755 188 Lm.
782 154 813 187 Ι.
845 174 855 179 -
882 154 1053 188 Nor-mae
1074 155 1272 198 generales

154 276 371 319 obiiciatur
404 274 638 317 huiusmodi
675 273 785 328 leges
818 273 942 315 fuisse
974 271 1207 329 abrogatas,
1231 287 1339 330 ergo
1372 278 1670 332 praescriptum
1706 290 1773 321 ea-

154 361 243 390 rum
268 346 446 389 alienum
481 358 569 388 esse
602 356 624 387 a
658 343 903 400 legislatoris
939 343 1163 387 voluntate.
1196 343 1252 387 lta
1287 350 1360 397 est,
1379 346 1449 388 sed
1476 347 1656 391 fortassis
1690 354 1771 392 tan-

152 416 378 468 tummodo,
413 417 507 472 quia
540 427 660 458 casus
693 416 730 456 in
765 426 812 456 ea
851 414 1098 457 considerati
1142 420 1364 458 evaserunt
1407 417 1698 474 infrequentes,
1734 425 1777 463 et

157 503 178 528 ((
200 500 248 530 ex
285 486 346 529 liis
378 497 482 542 quae
516 485 619 527 forte
654 497 734 526 uno
752 483 890 540 aliquo
924 496 1020 527 casu
1054 485 1244 528 accidere
1263 490 1445 541 possunt,
1466 489 1551 530 iura
1578 501 1656 531 non
1680 503 1774 533 con-

150 560 374 601 stituuntur
398 571 416 596 ))
448 556 475 608 1,
512 567 586 598 nec
620 556 658 596 in
691 553 842 598 Codice
874 559 1188 598 conservantur.
1225 581 1278 587 —
1311 557 1506 614 Sequitur
1543 571 1672 602 canon
1709 574 1771 604 re-

150 641 321 672 censens
363 628 463 669 iuris
494 625 709 681 supplendi
755 626 898 678 fontes,
936 638 1007 681 per
1042 625 1194 669 verba:
1231 626 1273 683 b)
1307 641 1332 669 a
1361 628 1630 685 yeneralz'bus
1663 631 1774 674 iuris

142 697 385 756 principiis,
416 699 474 739 sic
506 696 639 749 dictis,
673 698 770 753 quia
802 701 896 739 sunt
941 699 1238 752 propositiones
1281 699 1551 753 universales,
1589 713 1766 758 quarum

148 768 353 812 obiectum
389 771 448 810 est
481 767 589 810 idem
622 779 670 810 ac
702 780 754 810 ss,
788 779 1008 823 canonum,
1027 772 1066 810 et
1094 779 1198 824 quae
1232 769 1559 814 fundamentales
1594 775 1772 816 rationes

150 837 336 896 pluribus
369 850 513 881 eorum
537 850 779 880 communes
812 839 1063 893 exprimunt,
1097 851 1187 879 cum
1221 838 1435 895 aequitate
1467 841 1669 884 canoniea
1686 856 1773 885 ser·

149 909 268 955 valis,
298 908 365 951 ubi
392 910 493 950 ratio
517 909 736 963 aequitatis
759 910 980 964 opponitur
1001 907 1119 950 alteri
1144 910 1273 952 stricti
1299 911 1412 958 iuris,
1436 922 1482 953 ac
1503 916 1560 954 est
1583 925 1591 953 :
1622 927 1642 953 (c
1662 915 1773 956 iusti-

148 982 200 1022 tia
225 979 394 1022 dulcore
419 977 728 1020 misericordiae
747 982 974 1034 temperata
998 993 1038 1029 »,
1076 977 1138 1021 vel
1179 994 1199 1019 ((
1222 979 1425 1035 quaedam
1446 981 1647 1025 factorum
1672 996 1766 1026 con-

150 1051 368 1103 venientia,
401 1053 439 1090 et
474 1047 678 1091 rectitudo
712 1048 852 1091 iudicii
877 1048 1107 1091 naturalem
1132 1062 1309 1106 sequens
1334 1052 1533 1093 rationem
1559 1067 1598 1105 1),
1630 1066 1701 1096 seu
1728 1058 1770 1096 ut

147 1121 297 1164 dicitur
329 1118 462 1161 ludici
490 1118 525 1161 ²:
567 1134 585 1159 «
612 1121 648 1161 in
685 1118 746 1161 his
783 1132 881 1161 vero
913 1132 1039 1174 super
1072 1118 1223 1175 quibus
1256 1122 1318 1163 ius
1352 1133 1430 1163 non
1467 1123 1679 1166 invenitur
1703 1137 1770 1167 ex-

147 1204 346 1247 pressum,
382 1189 581 1245 procedas
614 1189 839 1246 (aequitate
881 1188 1064 1246 servata)
1100 1192 1138 1232 in
1174 1189 1460 1234 humaniorem
1508 1198 1664 1248 partem
1699 1195 1767 1238 de-

145 1262 336 1306 clinando
359 1276 397 1303 )).
433 1260 548 1314 Quae
580 1261 677 1303 dum
715 1262 751 1302 in
796 1273 953 1304 canone
996 1265 1166 1304 vocatur
1204 1277 1223 1301 <‹
1247 1264 1444 1305 canonica
1468 1278 1488 1303 »
1528 1264 1771 1321 indigitatur

146 1333 423 1389 intelligenda,
458 1345 562 1390 quae
595 1334 647 1375 sit
678 1345 729 1374 ss.
765 1331 992 1374 canonibus
1017 1332 1232 1375 informata
1256 1346 1326 1376 seu
1352 1334 1508 1377 eisdem
1535 1337 1686 1381 innixa.
1711 1362 1769 1368 —

143 1404 340 1448 Subditur
374 1407 411 1447 in
446 1416 602 1447 canone
637 1402 676 1459 c)
711 1416 735 1444 a
767 1401 876 1459 stylo
909 1407 948 1444 et
977 1402 1108 1460 praoez'
1151 1401 1305 1446 Cariae
1347 1402 1571 1460 Ηοηιαηαθ,
1608 1411 1689 1450 tam
1726 1410 1764 1450 in

143 1474 418 1518 tribunalibus
451 1487 573 1531 quam
611 1476 646 1515 in
682 1473 749 1517 SS.
783 1471 1197 1529 Congregatiouibus,
1242 1485 1334 1516 nam
1378 1488 1426 1517 ex
1474 1474 1637 1518 illorum
1676 1491 1768 1521 sen—

143 1547 279 1588 tentiis
311 1547 419 1589 circa
455 1545 643 1588 eamdem
679 1557 764 1586 rem
800 1545 966 1599 exurgit
1004 1545 1273 1587 «auctoritas
1308 1558 1444 1587 rerum
1484 1546 1674 1590 similiter
1708 1550 1765 1591 iu-

143 1616 438 1670 dicatarum»,
469 1620 591 1673 atque
625 1628 673 1658 ex
709 1627 853 1657 earum
887 1614 1166 1659 decisionibus
1200 1618 1385 1673 repetitis
1420 1619 1456 1659 in
1491 1617 1655 1662 casibus
1680 1632 1768 1675 pro-

144 1689 255 1730 venit
290 1687 627 1742 iurispriulentia,
669 1698 775 1743 quae
817 1698 962 1729 sanum
998 1688 1209 1729 criterium
1244 1688 1404 1730 confert
1439 1690 1476 1731 in
1510 1689 1768 1745 applicandis

141 1770 192 1800 ss.
227 1756 453 1800 canonibus
485 1757 535 1800 ad
571 1769 690 1800 casus
724 1757 891 1799 forsitan
917 1756 1076 1800 dubios,
1104 1783 1156 1788 —
1182 1757 1303 1801 Aliud
1329 1759 1510 1816 denique
1533 1759 1765 1803 subsidium

143 1827 356 1870 derivatur
379 1828 420 1870 (11
439 1841 464 1869 a
482 1827 688 1870 communi
708 1832 875 1883 propter
893 1841 1131 1881 numerum,
1154 1831 1227 1871 etsi
1251 1828 1388 1885 plures
1406 1829 1474 1872 alii
1508 1830 1766 1886 dissentiant,

142 1898 431 1955 constantique
448 1903 637 1954 respectu
657 1903 906 1953 temporum,
926 1900 1035 1942 circa
1063 1899 1173 1942 illam
1196 1913 1279 1942 rem
1300 1900 1510 1943 sententia
1533 1900 1763 1955 doctorum,

141 1980 246 2024 quae
270 1981 318 2010 ex
344 1981 486 2010 eorum
510 1970 674 2024 scriptIS
702 1968 762 2011 vel
790 1968 1035 2012 lectionibus
1058 1969 1332 2025 dignoscitur,
1357 1972 1469 2014 iuxta
1494 1971 1616 2015 illud:
1657 1987 1677 2012 «
1696 1985 1767 2028 pe-

142 2040 229 2081 ritis
262 2040 299 2080 in
334 2043 420 2081 arte
454 2039 708 2082 credendum
744 2044 804 2082 est
832 2059 866 2092 n„
900 2053 947 2082 eo
980 2040 1087 2097 quod
1127 2040 1323 2096 praedicti
1363 2041 1558 2085 Doctores
1587 2047 1683 2086 tunc
1707 2057 1768 2086 re-

143 2109 309 2164 putandi
344 2114 437 2152 sunt
471 2112 508 2151 in
545 2109 653 2153 illam
689 2112 933 2153 sententiam
968 2110 1171 2154 coaluisse
1194 2110 1245 2154 ob
1273 2112 1577 2167 praedictorum
1614 2115 1653 2156 in
1687 2113 1764 2157 hoc

140 2191 297 2221 canone
330 2180 661 2235 applicationem.
682 2180 765 2222 lino
789 2193 933 2223 eorum
966 2183 1136 2224 scientia
1162 2182 1334 2225 iuridica
1360 2182 1533 2238 impellit
1556 2196 1765 2241 quemque

142 2249 384 2305 prudentem
419 2250 469 2293 ab
503 2264 645 2293 eorum
686 2254 939 2294 «communi
973 2254 1260 2310 constantique
1293 2256 1538 2296 sententia»
1577 2257 1688 2298 circa
1709 2257 1763 2297 in-

142 2323 475 2375 terpretationem
520 2323 618 2364 iuris
664 2324 814 2365 veteris
856 2322 906 2365 ad
941 2335 1127 2366 normam
1162 2336 1250 2368 can.
1287 2325 1325 2377 6,
1362 2323 1404 2366 20
1439 2324 1494 2380 3⁰,
1534 2338 1760 2382 numquam

140 2391 350 2445 recedere,
384 2404 456 2434 nec
490 2391 541 2434 ab
574 2405 716 2434 eorum
751 2395 977 2444 communi,
1010 2394 1175 2451 quando
1201 2394 1301 2438 llaec
1324 2395 1430 2437 adsit
1453 2397 1563 2438 circa
1598 2398 1660 2439 ius
1685 2395 1759 2440 Co-

139 2460 242 2504 dicis
277 2462 643 2517 interpretandum‚
679 2465 753 2505 nisi
791 2466 892 2506 ratio
926 2477 1078 2520 cogens
1112 2469 1272 2521 urgeat.

260 2532 325 2574 78.
361 2534 623 2578 Generalia
669 2536 787 2580 iuris
819 2537 1059 2592 principia
1101 2538 1339 2592 exprimunt
1380 2537 1564 2579 divinam
1601 2537 1761 2581 revela-

139 2603 292 2644 tionem
329 2601 391 2645 vel
427 2605 596 2646 rationis
631 2603 781 2648 lumen.
818 2604 1087 2648 inveniuntur
1111 2594 1426 2649 inauthenticis
1449 2607 1763 2651 collectionibus

138 2685 279 2728 sparsa
314 2686 385 2728 per
418 2673 686 2730 quamplures
725 2673 958 2718 Decretales
992 2679 1046 2719 uti
1084 2679 1262 2719 rationes
1305 2677 1545 2720 earumdem
1590 2678 1761 2721 decisio-

139 2755 252 2797 num,
289 2743 351 2786 vel
386 2743 557 2787 collecta
589 2744 666 2787 sub
699 2744 831 2788 Titulo
865 2746 914 2788 de
949 2747 1101 2803 regulis
1135 2750 1234 2790 iuris
1268 2753 1354 2792 tum
1380 2750 1418 2790 in
1445 2748 1534 2791 lure
1558 2747 1760 2792 Caesareo

139 2895 192 2929 t't
230 2849 267 2930 7¹
292 2849 346 2929 lDb
379 2849 445 2929 lIib.
482 2848 512 2889 I,
543 2849 605 2885 tit.
633 2850 701 2889 ΙΙΙ,
731 2850 756 2883 l.
777 2851 810 2883 4.
835 2870 874 2876 —
895 2852 908 2872 2
927 2851 1019 2896 Cap.
1041 2853 1114 2886 ult.
1137 2867 1154 2885 ‹<
1170 2852 1215 2886 de
1239 2853 1496 2887 translatione
1515 2853 1699 2896 Episconi
1719 2867 1755 2893 »,

160 2907 170 2928 1
195 2923 203 2931 .
256 2923 262 2939 ,
310 2907 320 2929 1
352 2923 358 2929 .
409 2923 415 2929 .
