1950 3313
164 148 257 184 Gan.
285 149 378 184 :3368
546 150 629 184 Tl‘r.
660 151 765 184 XVI.
795 173 806 177 -
834 152 890 188 De
908 155 1058 189 delictis
1078 158 1115 189 in
1138 157 1289 190 culmin.
1311 158 1417 191 Sucr.
1721 161 1790 193 ‘285

170 285 192 310 «
214 271 484 326 suspensione
507 281 528 312 a
552 269 832 314 celebratione
857 271 1002 317 Missae
1027 274 1071 330 »)
1096 277 1133 317 in
1160 275 1270 318 dec.0
1297 275 1443 319 Bened.
1467 276 1553 319 xlv
1575 278 1642 321 die
1667 279 1689 319 ὅ
1714 278 1793 321 Αυ-

166 342 274 396 gusti
296 353 361 385 an.
388 340 500 383 1745
526 344 838 397 praescriptam,
863 356 951 386 esse
977 349 1134 388 tantum
1159 344 1364 402 ferendae
1387 347 1631 390 sententiae.
1658 347 1791 392 Absti-

168 411 348 455 nendum
385 415 519 454 tamen
545 413 621 454 erit
646 411 697 454 ab
722 414 943 469 inlligenda
969 415 1267 470 degradatione
1301 421 1337 459 et
1373 418 1591 461 traditione
1625 418 1794 462 bracliio

166 482 383 527 saeculari.
420 481 460 525 ld
495 484 691 525 nimirum
727 495 747 526 a
782 483 903 540 (ireg.
941 484 1012 527 XV
1046 490 1242 529 statutum
1279 488 1374 531 l'uit:
1409 492 1595 533 celerum
1630 489 1679 532 ad
1716 495 1793 533 ter-

169 566 304 597 rorem
340 555 474 609 potius
508 555 744 609 impositum
782 553 922 598 baberi
958 555 1093 600 debet.
1128 570 1250 614 quani
1289 564 1329 600 ut
1362 562 1595 602 executioni
1632 561 1796 603 mande-

169 629 297 667 tur».
326 623 424 667 Puto
458 623 495 667 id
533 637 641 667 nunc
676 625 990 681 intelligendum
1027 640 1117 670 esse
1143 632 1183 670 ut
1210 628 1449 684 plurimum,
1473 643 1543 673 seu
1574 634 1798 687 «exceptis

167 695 332 739 casibus
365 697 676 752 gravioribus»
713 696 764 739 ad
800 710 987 740 normam
1023 701 1207 741 canonis.

286 765 771 810 Excommunicationem
805 768 980 811 eandem
1015 768 1091 812 sub
1126 769 1184 812 n.0
1219 768 1268 812 lV
1304 772 1409 813 inter
1442 779 1619 814 excom.³
1645 775 1795 816 nemini

169 843 404 882 reservatas
438 839 686 881 recensitam
733 840 771 880 in
815 843 943 882 const.
983 855 1005 880 α
1029 839 1291 896 Apostolicae
1323 841 1484 884 Sedis»
1525 842 1579 884 l¹ii
1617 842 1667 885 lX
1702 857 1796 886 con-

167 913 307 953 servat
339 908 430 951 aliis
462 907 659 952 adhibitis
695 908 832 952 verbis
865 909 1064 953 claritatis
1100 923 1223 954 causa
1257 913 1279 965 ξ
1312 911 1349 953 ⁶2.
1393 910 1551 955 Fidelis
1586 927 1692 966 cero,
1726 914 1797 970 qui

168 979 363 1031 scienter,
387 980 496 1038 quod
525 979 697 1023 verbum
728 980 931 1037 «plenam
957 984 1236 1038 cognitionem
1271 995 1319 1026 ac
1352 982 1694 1026 deliberationem
1718 986 1799 1027 exi-

169 1053 226 1107 git
250 1067 272 1092 »
301 1051 409 1108 (can.
436 1050 564 1107 2229,
585 1051 614 1109 ξ
639 1051 696 1108 2),
720 1064 893 1108 nempe:
928 1056 1013 1095 tum
1048 1052 1099 1096 de
1133 1052 1385 1109 obligatione
1419 1054 1687 1097 denuntiandi
1713 1059 1797 1097 turn

169 1123 221 1166 de
255 1123 409 1166 inflicta
443 1134 634 1177 censura,
667 1127 707 1166 et
749 1125 807 1166 sic
850 1123 1040 1166 omiserit
1084 1137 1190 1175 eam,
1226 1123 1442 1168 videlicet:
1483 1125 1799 1173 «sacerdotem,

172 1207 286 1237 reum
332 1193 471 1237 delicti
515 1193 817 1237 sollicitationis
861 1196 898 1237 in
943 1195 1214 1249 consessione,
1248 1195 1298 1238 ad
1335 1208 1523 1238 normam
1556 1198 1622 1239 cit.
1658 1202 1802 1238 const.³

172 1265 382 1309 Benedict.
418 1263 506 1307 xlv
531 1280 571 1319 n,
606 1279 630 1307 a
664 1279 743 1322 qao
776 1264 1034 1308 sollicitatas
1067 1265 1202 1322 faerit
1226 1279 1306 1309 uno
1339 1279 1390 1309 ex
1426 1266 1557 1309 modis
1592 1269 1802 1310 recensitis

172 1339 211 1379 in
245 1337 402 1380 eadem.
425 1338 732 1394 constitutione,
767 1336 885 1379 intra
908 1350 1086 1379 mensem
1110 1339 1300 1393 cognitae
1324 1336 1587 1393 obligationis
1609 1337 1685 1380 sub
1708 1351 1799 1381 cen-

171 1420 280 1463 sura,
314 1407 623 1464 supputandum
663 1407 759 1451 «de
795 1413 1002 1451 momento
1036 1408 1085 1451 ad
1124 1413 1378 1451 momentum
1406 1424 1446 1460 )),
1470 1414 1592 1465 atque
1626 1408 1674 1451 ad
1712 1421 1801 1451 nor-

174 1491 281 1521 mam
316 1491 405 1522 can.
442 1478 511 1533 34,
543 1478 572 1537 ἓ
605 1479 629 1522 2
663 1478 740 1522 sub
773 1479 1052 1532 distinctione,
1085 1481 1182 1537 quia
1227 1494 1247 1519 «
1271 1483 1433 1535 teinpus
1476 1479 1573 1522 utile
1597 1495 1616 1520 >³
1656 1479 1803 1522 intelli-

173 1552 296 1607 gitur,
330 1549 597 1605 denantiare,
622 1555 745 1607 atque
770 1549 1020 1593 iudicialiter
1043 1550 1228 1608 quidem,
1251 1549 1312 1593 vel
1347 1550 1492 1593 saltem
1526 1551 1805 1594 denunciatio-

174 1635 268 1665 nem
301 1636 321 1664 a
356 1635 399 1664 se
433 1621 665 1666 faciendam
701 1622 912 1678 Superiori
953 1626 1091 1664 notam
1132 1622 1282 1675 facere,
1317 1627 1465 1664 contra
1496 1621 1805 1679 praescriptum

174 1706 265 1737 can.
300 1694 395 1735 904
429 1691 482 1736 ibi
517 1692 787 1749 explicatum,
821 1693 1004 1735 incurrit
1036 1695 1174 1736 statim
1209 1705 1257 1735 ac
1290 1692 1524 1735 declaratus
1559 1694 1709 1735 mensis
1736 1706 1805 1735 ex-

177 1763 303 1820 plicit,
338 1763 378 1805 ia
413 1763 884 1806 eoecommaiiicationem
919 1763 1034 1806 latae
1066 1763 1301 1806 sententiae
1337 1765 1372 1804 vi
1410 1762 1531 1805 liuius
1558 1765 1726 1806 canonis
1759 1776 1805 1806 ac

177 1840 331 1891 praec.3
363 1836 465 1878 iuris
498 1834 657 1877 nemini
688 1840 967 1887 reservatam,
1002 1834 1096 1877 liinc
1130 1833 1182 1877 ab
1214 1846 1258 1877 ea
1300 1850 1321 1875 «
1346 1838 1475 1890 potest
1514 1833 1733 1877 absolvere
1767 1835 1804 1876 in

176 1907 265 1948 foro
312 1905 604 1949 sacramentali
653 1905 825 1963 quilibet
877 1907 1198 1949 confessarius»
1239 1905 1347 1962 (can.
1383 1904 1508 1959 2253,
1551 1918 1587 1948 n.
1625 1904 1709 1961 10):
1742 1904 1806 1947 liic

178 1982 313 2020 tamen
349 1979 649 2033 praescriptum
684 1990 862 2033 sequens
894 1975 1119 2020 observare
1153 1976 1299 2020 debet:
1334 1989 1413 2018 von
1439 1974 1710 2018 absolvendas
1740 1974 1806 2018 ille

180 2065 204 2089 ((
228 2047 361 2092 tidelis
384 2063 405 2088 »
444 2047 495 2091 de
528 2060 608 2105 quo
644 2050 681 2090 in
715 2048 774 2105 ξ),
822 2047 908 2090 nisi
949 2052 1171 2105 postquam
1209 2047 1248 2097 a)
1281 2047 1517 2103 praedictae
1560 2045 1809 2103 obliqatiom'

176 2118 437 2178 satisfecerit
462 2121 610 2175 reipsa,
637 2118 678 2175 b)
702 2124 775 2160 aut
809 2133 852 2161 se
884 2117 1210 2175 satisfacturum
1243 2117 1354 2160 serio
1390 2119 1502 2160 iuxta
1536 2118 1806 2160 circumstan-

178 2192 255 2234 tias
285 2189 545 2248 promiserit,
579 2189 655 2233 sul)
689 2202 768 2246 qua
801 2191 1073 2246 promissione
1111 2203 1132 2230 «
1154 2190 1262 2231 serio
1287 2204 1306 2229 ))
1346 2187 1439 2231 data
1463 2187 1588 2230 semel
1614 2199 1662 2230 ac
1684 2189 1806 2230 etiam

180 2263 328 2304 iterum
363 2259 522 2304 absolvi
559 2265 709 2316 posset,
742 2273 852 2313 nain,
888 2265 927 2303 ut
965 2258 1210 2316 praescribit
1243 2271 1333 2302 can.
1359 2257 1486 2306 2248,
1519 2258 1547 2316 ξ
1581 2257 1617 2310 ⁶2,
1648 2273 1669 2298 «
1691 2256 1807 2301 abso-

180 2332 280 2375 lutio
313 2331 511 2388 denegari
548 2334 690 2389 nequit
722 2345 814 2375 cum
854 2333 1032 2386 primum
1068 2330 1314 2387 delinquens
1336 2342 1356 2372 a
1382 2331 1641 2372 contumacia
1678 2342 1807 2372 reces-

178 2405 280 2446 serit
311 2403 362 2446 ad
398 2416 583 2446 normam
620 2415 710 2447 can.
746 2402 874 2456 9242,
905 2402 933 2459 ξ
967 2402 990 2444 3
1013 2417 1054 2446 ».
1090 2427 1142 2432 —
1180 2400 1352 2443 Domum
1391 2401 1609 2442 memorari
1650 2403 1808 2455 oportet

184 2472 514 2518 Declarationem
548 2474 586 2518 S.
611 2475 653 2518 (2.
677 2474 716 2517 S.
741 2471 877 2518 Officii
904 2473 931 2514 ¹.
972 2489 991 2514 ε(
1016 2472 1069 2516 Le
1092 2472 1355 2516 Costituzioni
1382 2470 1590 2527 pontilicie
1623 2475 1810 2512 emanate

181 2549 329 2587 contra
361 2543 643 2588 sollicitantes
666 2544 978 2601 comprendono
1002 2548 1104 2587 tutte
1128 2542 1165 2586 le
1189 2544 1362 2595 nazioni,
1386 2541 1434 2584 ed
1468 2543 1504 2583 in
1530 2552 1809 2596 conseguenza

181 2613 268 2659 cosi
301 2614 524 2672 obbligano
559 2618 567 2658 i
601 2618 714 2672 greci
749 2629 867 2660 come
899 2615 954 2672 gli
989 2615 1210 2658 armeni».

302 2686 398 2730 ⁶211.
436 2688 626 2734 Delicta
659 2689 707 2732 in
740 2689 956 2744 sigillum
990 2685 1368 2732 sacramentale.
1414 2709 1465 2713 -
1509 2681 1624 2724 Nox-a
1659 2685 1715 2723 est
1750 2693 1810 2722 se-

183 2770 314 2814 quens
337 2756 444 2800 latae
466 2759 696 2801 sententiae
722 2769 866 2814 poena,
887 2758 959 2799 etsi
980 2757 1196 2812 graviores
1215 2753 1408 2796 terendae
1427 2753 1653 2795 sententiae
1677 2750 1812 2793 adliuc

303 2911 313 2932 1
345 2910 387 2944 13
413 2910 502 2944 Iun.
535 2909 637 2944 1710.
667 2909 830 2944 Collect.
861 2909 897 2943 S.
929 2908 1074 2953 Congr.
1104 2906 1149 2941 de
1177 2906 1290 2950 Prop.
1320 2904 1379 2946 R,
1410 2915 1446 2937 n.
1475 2902 1557 2937 279.
