<?xml version="1.0" encoding="UTF-8"?>
<!DOCTYPE html PUBLIC "-//W3C//DTD XHTML 1.0 Transitional//EN"
    "http://www.w3.org/TR/xhtml1/DTD/xhtml1-transitional.dtd">
<html xmlns="http://www.w3.org/1999/xhtml" xml:lang="en" lang="en">
 <head>
  <title>
</title>
<meta http-equiv="Content-Type" content="text/html;charset=utf-8" />
  <meta name='ocr-system' content='tesseract 3.04.00' />
  <meta name='ocr-capabilities' content='ocr_page ocr_carea ocr_par ocr_line ocrx_word'/>
</head>
<body>
  <div class='ocr_page' id='page_1' title='image "./commentariumtext01blatuoft_0441.png"; bbox 0 0 1950 3313; ppageno 0'>
   <div class='ocr_carea' id='block_1_1' title="bbox 664 137 1766 181">
    <p class='ocr_par' dir='ltr' id='par_1_1' title="bbox 664 137 1766 181">
     <span class='ocr_line' id='line_1_1' title="bbox 664 137 1766 181; baseline 0 -10"><span class='ocrx_word' id='word_1_1' title='bbox 664 137 748 171; x_wconf 79' lang='grc' dir='ltr'>Τιτ.</span> <span class='ocrx_word' id='word_1_2' title='bbox 778 138 808 171; x_wconf 86' lang='grc' dir='ltr'><strong>Ι.</strong></span> <span class='ocrx_word' id='word_1_3' title='bbox 837 158 848 163; x_wconf 85' lang='grc'>-</span> <span class='ocrx_word' id='word_1_4' title='bbox 875 138 931 172; x_wconf 82' lang='lat' dir='ltr'><strong>De</strong></span> <span class='ocrx_word' id='word_1_5' title='bbox 957 139 1101 181; x_wconf 65' lang='lat' dir='ltr'><strong>lembus</strong></span> <span class='ocrx_word' id='word_1_6' title='bbox 1126 139 1251 174; x_wconf 80' lang='lat' dir='ltr'><strong>eccles.</strong></span> <span class='ocrx_word' id='word_1_7' title='bbox 1722 138 1766 172; x_wconf 76' lang='lat'><strong>81</strong></span> 
     </span>
    </p>
   </div>
   <div class='ocr_carea' id='block_1_2' title="bbox 146 254 1784 2859">
    <p class='ocr_par' dir='ltr' id='par_1_2' title="bbox 146 254 1780 2153">
     <span class='ocr_line' id='line_1_2' title="bbox 147 254 1764 314; baseline -0.001 -13"><span class='ocrx_word' id='word_1_8' title='bbox 147 260 239 301; x_wconf 89' lang='lat' dir='ltr'><strong>eius</strong></span> <span class='ocrx_word' id='word_1_9' title='bbox 270 256 611 314; x_wconf 81' lang='lat' dir='ltr'><strong>Congregationis</strong></span> <span class='ocrx_word' id='word_1_10' title='bbox 647 256 708 298; x_wconf 74' lang='lat' dir='ltr'><strong>vel</strong></span> <span class='ocrx_word' id='word_1_11' title='bbox 743 254 893 311; x_wconf 83' lang='lat' dir='ltr'><strong>Oilicii,</strong></span> <span class='ocrx_word' id='word_1_12' title='bbox 927 269 949 299; x_wconf 89' lang='lat' dir='ltr'><strong>a</strong></span> <span class='ocrx_word' id='word_1_13' title='bbox 987 270 1067 313; x_wconf 81' lang='lat' dir='ltr'><strong>quo</strong></span> <span class='ocrx_word' id='word_1_14' title='bbox 1107 256 1171 299; x_wconf 88' lang='lat' dir='ltr'><strong>illa</strong></span> <span class='ocrx_word' id='word_1_15' title='bbox 1211 257 1436 301; x_wconf 85' lang='lat' dir='ltr'><strong>dimanent.</strong></span> <span class='ocrx_word' id='word_1_16' title='bbox 1471 259 1619 300; x_wconf 85' lang='lat' dir='ltr'><strong>inserta</strong></span> <span class='ocrx_word' id='word_1_17' title='bbox 1655 262 1692 300; x_wconf 90' lang='lat' dir='ltr'><strong>et</strong></span> <span class='ocrx_word' id='word_1_18' title='bbox 1728 259 1764 299; x_wconf 93' lang='lat' dir='ltr'><strong>in</strong></span> 
     </span>
     <span class='ocr_line' id='line_1_3' title="bbox 151 326 1768 385; baseline -0.001 -16"><span class='ocrx_word' id='word_1_19' title='bbox 151 329 300 385; x_wconf 84' lang='lat' dir='ltr'><strong>vulgus</strong></span> <span class='ocrx_word' id='word_1_20' title='bbox 333 327 486 371; x_wconf 85' lang='lat' dir='ltr'><strong>edita»</strong></span> <span class='ocrx_word' id='word_1_21' title='bbox 525 326 565 369; x_wconf 58' lang='grc' dir='ltr'><strong>εἴη</strong></span> <span class='ocrx_word' id='word_1_22' title='bbox 600 327 794 369; x_wconf 73' lang='lat' dir='ltr'><strong>Actorum</strong></span> <span class='ocrx_word' id='word_1_23' title='bbox 839 329 961 369; x_wconf 84' lang='lat' dir='ltr'><strong>etiam</strong></span> <span class='ocrx_word' id='word_1_24' title='bbox 1002 340 1150 384; x_wconf 79' lang='lat' dir='ltr'><strong>«quae</strong></span> <span class='ocrx_word' id='word_1_25' title='bbox 1184 328 1232 370; x_wconf 92' lang='lat' dir='ltr'><strong>ad</strong></span> <span class='ocrx_word' id='word_1_26' title='bbox 1268 341 1529 371; x_wconf 69' lang='lat' dir='ltr'><strong>communem</strong></span> <span class='ocrx_word' id='word_1_27' title='bbox 1570 329 1768 383; x_wconf 78' lang='lat' dir='ltr'><strong>cognitio-</strong></span> 
     </span>
     <span class='ocr_line' id='line_1_4' title="bbox 153 396 1767 455; baseline -0.004 -12"><span class='ocrx_word' id='word_1_28' title='bbox 153 413 247 443; x_wconf 89' lang='lat' dir='ltr'><strong>nem</strong></span> <span class='ocrx_word' id='word_1_29' title='bbox 283 399 504 442; x_wconf 86' lang='lat' dir='ltr'><strong>videantur</strong></span> <span class='ocrx_word' id='word_1_30' title='bbox 536 396 665 451; x_wconf 74' lang='lat' dir='ltr'><strong>utilia,</strong></span> <span class='ocrx_word' id='word_1_31' title='bbox 699 402 896 453; x_wconf 79' lang='lat' dir='ltr'><strong>quantum</strong></span> <span class='ocrx_word' id='word_1_32' title='bbox 932 402 1043 440; x_wconf 88' lang='lat' dir='ltr'><strong>certe</strong></span> <span class='ocrx_word' id='word_1_33' title='bbox 1068 400 1247 454; x_wconf 90' lang='lat' dir='ltr'><strong>ipsorum</strong></span> <span class='ocrx_word' id='word_1_34' title='bbox 1275 403 1417 441; x_wconf 90' lang='lat' dir='ltr'><strong>natura</strong></span> <span class='ocrx_word' id='word_1_35' title='bbox 1452 401 1600 441; x_wconf 87' lang='lat' dir='ltr'><strong>sinat»</strong></span> <span class='ocrx_word' id='word_1_36' title='bbox 1640 399 1767 455; x_wconf 64' lang='lat' dir='ltr'><strong>Apos-</strong></span> 
     </span>
     <span class='ocr_line' id='line_1_5' title="bbox 150 467 1767 525; baseline -0.001 -13"><span class='ocrx_word' id='word_1_37' title='bbox 150 469 303 513; x_wconf 64' lang='lat' dir='ltr'><strong>tolieae</strong></span> <span class='ocrx_word' id='word_1_38' title='bbox 325 467 444 512; x_wconf 75' lang='lat' dir='ltr'><strong>Sedis</strong></span> <span class='ocrx_word' id='word_1_39' title='bbox 476 467 526 511; x_wconf 85' lang='lat' dir='ltr'><strong>ad</strong></span> <span class='ocrx_word' id='word_1_40' title='bbox 553 480 739 510; x_wconf 89' lang='lat' dir='ltr'><strong>normam</strong></span> <span class='ocrx_word' id='word_1_41' title='bbox 774 480 863 511; x_wconf 73' lang='lat' dir='ltr'><strong>can.</strong></span> <span class='ocrx_word' id='word_1_42' title='bbox 888 468 910 509; x_wconf 73' lang='lat'>7</span> <span class='ocrx_word' id='word_1_43' title='bbox 937 467 1234 510; x_wconf 72' lang='lat' dir='ltr'><strong>eonimetmm&#39;o</strong></span> <span class='ocrx_word' id='word_1_44' title='bbox 1257 467 1442 524; x_wconf 67' lang='lat' dir='ltr'><strong>officiali,</strong></span> <span class='ocrx_word' id='word_1_45' title='bbox 1468 468 1629 525; x_wconf 78' lang='lat' dir='ltr'><strong>qualem</strong></span> <span class='ocrx_word' id='word_1_46' title='bbox 1653 481 1767 523; x_wconf 83' lang='lat' dir='ltr'><strong>prae-</strong></span> 
     </span>
     <span class='ocr_line' id='line_1_6' title="bbox 146 537 1765 595; baseline -0.002 -11"><span class='ocrx_word' id='word_1_47' title='bbox 146 542 271 584; x_wconf 79' lang='lat' dir='ltr'><strong>sefert</strong></span> <span class='ocrx_word' id='word_1_48' title='bbox 306 538 484 591; x_wconf 65' lang='lat' dir='ltr'><strong>titulum,</strong></span> <span class='ocrx_word' id='word_1_49' title='bbox 518 537 604 580; x_wconf 68' lang='lat' dir='ltr'><strong>wisi</strong></span> <span class='ocrx_word' id='word_1_50' title='bbox 652 538 692 580; x_wconf 73' lang='lat' dir='ltr'><strong>in</strong></span> <span class='ocrx_word' id='word_1_51' title='bbox 743 538 905 579; x_wconf 62' lang='lat' dir='ltr'><strong>vasibus</strong></span> <span class='ocrx_word' id='word_1_52' title='bbox 951 537 1284 595; x_wconf 66' lang='lat' dir='ltr'><strong>par!iculurilms</strong></span> <span class='ocrx_word' id='word_1_53' title='bbox 1325 538 1594 593; x_wconf 67' lang='lat' dir='ltr'><strong>singularium</strong></span> <span class='ocrx_word' id='word_1_54' title='bbox 1632 538 1765 594; x_wconf 87' lang='lat' dir='ltr'><strong>legum</strong></span> 
     </span>
     <span class='ocr_line' id='line_1_7' title="bbox 150 607 1768 668; baseline -0.003 -14"><span class='ocrx_word' id='word_1_55' title='bbox 150 611 264 654; x_wconf 72' lang='lat' dir='ltr'><strong>alius</strong></span> <span class='ocrx_word' id='word_1_56' title='bbox 291 607 597 668; x_wconf 71' lang='lat' dir='ltr'><strong>promulyavdi&#39;</strong></span> <span class='ocrx_word' id='word_1_57' title='bbox 631 608 774 651; x_wconf 73' lang='lat' dir='ltr'><strong>modas</strong></span> <span class='ocrx_word' id='word_1_58' title='bbox 807 608 998 665; x_wconf 77' lang='lat' dir='ltr'><strong>equidem</strong></span> <span class='ocrx_word' id='word_1_59' title='bbox 1039 626 1055 645; x_wconf 92' lang='lat'><strong><em>«</em></strong></span> <span class='ocrx_word' id='word_1_60' title='bbox 1083 622 1102 651; x_wconf 89' lang='lat' dir='ltr'><strong>a</strong></span> <span class='ocrx_word' id='word_1_61' title='bbox 1128 610 1273 651; x_wconf 69' lang='grc'><strong>533313</strong></span> <span class='ocrx_word' id='word_1_62' title='bbox 1298 609 1402 651; x_wconf 75' lang='lat' dir='ltr'><strong>Sede</strong></span> <span class='ocrx_word' id='word_1_63' title='bbox 1430 626 1446 648; x_wconf 61' lang='lat'><strong>&gt;³</strong></span> <span class='ocrx_word' id='word_1_64' title='bbox 1484 608 1615 665; x_wconf 70' lang='lat' dir='ltr'><strong>sueri!</strong></span> <span class='ocrx_word' id='word_1_65' title='bbox 1646 623 1768 666; x_wconf 55' lang='lat' dir='ltr'><strong>praru</strong></span> 
     </span>
     <span class='ocr_line' id='line_1_8' title="bbox 146 679 1770 737; baseline -0.001 -13"><span class='ocrx_word' id='word_1_66' title='bbox 146 682 345 737; x_wconf 53' lang='lat' dir='ltr'><strong>scfflptus,</strong></span> <span class='ocrx_word' id='word_1_67' title='bbox 380 683 417 723; x_wconf 93' lang='lat' dir='ltr'><strong>in</strong></span> <span class='ocrx_word' id='word_1_68' title='bbox 455 679 606 737; x_wconf 83' lang='lat' dir='ltr'><strong>quibus</strong></span> <span class='ocrx_word' id='word_1_69' title='bbox 643 679 893 723; x_wconf 77' lang='lat' dir='ltr'><strong>«casibus»</strong></span> <span class='ocrx_word' id='word_1_70' title='bbox 933 679 1153 722; x_wconf 84' lang='lat' dir='ltr'><strong>baberetur</strong></span> <span class='ocrx_word' id='word_1_71' title='bbox 1186 682 1373 735; x_wconf 79' lang='lat' dir='ltr'><strong>exceptio</strong></span> <span class='ocrx_word' id='word_1_72' title='bbox 1409 682 1445 721; x_wconf 94' lang='lat' dir='ltr'><strong>in</strong></span> <span class='ocrx_word' id='word_1_73' title='bbox 1474 681 1770 722; x_wconf 67' lang='lat' dir='ltr'><strong>Constitutione</strong></span> 
     </span>
     <span class='ocr_line' id='line_1_9' title="bbox 154 750 1767 807; baseline -0.001 -14"><span class='ocrx_word' id='word_1_74' title='bbox 154 751 517 807; x_wconf 74' lang='lat' dir='ltr'><strong>«promulgandi»</strong></span> <span class='ocrx_word' id='word_1_75' title='bbox 546 763 755 807; x_wconf 87' lang='lat' dir='ltr'><strong>expressa.</strong></span> <span class='ocrx_word' id='word_1_76' title='bbox 777 777 831 780; x_wconf 97' lang='lat'><strong>—</strong></span> <span class='ocrx_word' id='word_1_77' title='bbox 850 750 1010 792; x_wconf 73' lang='lat' dir='ltr'><strong>Novum</strong></span> <span class='ocrx_word' id='word_1_78' title='bbox 1031 752 1218 806; x_wconf 78' lang='lat' dir='ltr'><strong>sequitur</strong></span> <span class='ocrx_word' id='word_1_79' title='bbox 1238 752 1274 791; x_wconf 94' lang='lat' dir='ltr'><strong>in</strong></span> <span class='ocrx_word' id='word_1_80' title='bbox 1295 763 1450 793; x_wconf 74' lang='lat' dir='ltr'><strong>canone</strong></span> <span class='ocrx_word' id='word_1_81' title='bbox 1471 753 1767 805; x_wconf 65' lang='lat' dir='ltr'><strong>praescriptum</strong></span> 
     </span>
     <span class='ocr_line' id='line_1_10' title="bbox 147 820 1770 880; baseline -0.002 -14"><span class='ocrx_word' id='word_1_82' title='bbox 147 823 199 867; x_wconf 91' lang='lat' dir='ltr'><strong>ad</strong></span> <span class='ocrx_word' id='word_1_83' title='bbox 233 824 517 880; x_wconf 82' lang='lat' dir='ltr'><strong>quaestionem</strong></span> <span class='ocrx_word' id='word_1_84' title='bbox 566 821 785 864; x_wconf 76' lang='lat' dir='ltr'>Doctorum</span> <span class='ocrx_word' id='word_1_85' title='bbox 821 821 1109 865; x_wconf 86' lang='lat' dir='ltr'><strong>decidendam.</strong></span> <span class='ocrx_word' id='word_1_86' title='bbox 1144 826 1180 863; x_wconf 86' lang='lat' dir='ltr'><strong>et</strong></span> <span class='ocrx_word' id='word_1_87' title='bbox 1218 823 1253 862; x_wconf 93' lang='lat' dir='ltr'><strong>in</strong></span> <span class='ocrx_word' id='word_1_88' title='bbox 1298 821 1663 863; x_wconf 85' lang='lat' dir='ltr'><strong>administrationis</strong></span> <span class='ocrx_word' id='word_1_89' title='bbox 1699 820 1770 863; x_wconf 74' lang='lat' dir='ltr'><strong>Ec-</strong></span> 
     </span>
     <span class='ocr_line' id='line_1_11' title="bbox 147 891 1769 949; baseline -0.003 -12"><span class='ocrx_word' id='word_1_90' title='bbox 147 894 299 938; x_wconf 80' lang='lat' dir='ltr'><strong>elesiae</strong></span> <span class='ocrx_word' id='word_1_91' title='bbox 325 895 576 949; x_wconf 75' lang='lat' dir='ltr'><strong>profectum;</strong></span> <span class='ocrx_word' id='word_1_92' title='bbox 612 906 782 948; x_wconf 91' lang='lat' dir='ltr'><strong>nempe:</strong></span> <span class='ocrx_word' id='word_1_93' title='bbox 819 898 855 933; x_wconf 84' lang='lat' dir='ltr'><strong>e!</strong></span> <span class='ocrx_word' id='word_1_94' title='bbox 890 891 1002 947; x_wconf 89' lang='lat' dir='ltr'><strong>leges</strong></span> <span class='ocrx_word' id='word_1_95' title='bbox 1031 894 1140 934; x_wconf 88' lang='lat' dir='ltr'><strong>iuxta</strong></span> <span class='ocrx_word' id='word_1_96' title='bbox 1167 905 1350 934; x_wconf 90' lang='lat' dir='ltr'><strong>normam</strong></span> <span class='ocrx_word' id='word_1_97' title='bbox 1378 891 1660 947; x_wconf 84' lang='lat' dir='ltr'><strong>promulgatae</strong></span> <span class='ocrx_word' id='word_1_98' title='bbox 1695 891 1769 932; x_wconf 66' lang='lat' dir='ltr'><strong>vim</strong></span> 
     </span>
     <span class='ocr_line' id='line_1_12' title="bbox 150 961 1770 1019; baseline -0.004 -11"><span class='ocrx_word' id='word_1_99' title='bbox 150 979 268 1008; x_wconf 75' lang='lat' dir='ltr'><strong>suam</strong></span> <span class='ocrx_word' id='word_1_100' title='bbox 305 964 517 1019; x_wconf 85' lang='lat' dir='ltr'><strong>obligandi</strong></span> <span class='ocrx_word' id='word_1_101' title='bbox 545 963 875 1019; x_wconf 74' lang='lat' dir='ltr'><strong>promulgatione</strong></span> <span class='ocrx_word' id='word_1_102' title='bbox 909 963 1116 1005; x_wconf 82' lang='lat' dir='ltr'><strong>obtentam</strong></span> <span class='ocrx_word' id='word_1_103' title='bbox 1152 968 1349 1003; x_wconf 66' lang='lat' dir='ltr'><strong>arserunt</strong></span> <span class='ocrx_word' id='word_1_104' title='bbox 1382 962 1430 1004; x_wconf 91' lang='lat' dir='ltr'><strong>ad</strong></span> <span class='ocrx_word' id='word_1_105' title='bbox 1457 962 1641 1004; x_wconf 81' lang='lat' dir='ltr'><strong>subditos</strong></span> <span class='ocrx_word' id='word_1_106' title='bbox 1664 961 1770 1017; x_wconf 78' lang='lat' dir='ltr'><strong>‹piod</strong></span> 
     </span>
     <span class='ocr_line' id='line_1_13' title="bbox 149 1032 1772 1093; baseline -0.004 -13"><span class='ocrx_word' id='word_1_107' title='bbox 149 1041 320 1093; x_wconf 82' lang='lat' dir='ltr'><strong>Spectat.</strong></span> <span class='ocrx_word' id='word_1_108' title='bbox 356 1041 518 1078; x_wconf 70' lang='grc'><strong>[331373</strong></span> <span class='ocrx_word' id='word_1_109' title='bbox 542 1034 720 1091; x_wconf 65' lang='lat' dir='ltr'><strong>arpletis</strong></span> <span class='ocrx_word' id='word_1_110' title='bbox 745 1034 876 1076; x_wconf 59' lang='lat' dir='ltr'><strong>minis</strong></span> <span class='ocrx_word' id='word_1_111' title='bbox 902 1032 1122 1087; x_wconf 71' lang='lat' dir='ltr'><strong>mensibus,</strong></span> <span class='ocrx_word' id='word_1_112' title='bbox 1145 1036 1212 1089; x_wconf 80' lang='lat' dir='ltr'><strong>qui</strong></span> <span class='ocrx_word' id='word_1_113' title='bbox 1244 1049 1262 1073; x_wconf 88' lang='lat'>«</span> <span class='ocrx_word' id='word_1_114' title='bbox 1281 1037 1497 1075; x_wconf 88' lang='lat' dir='ltr'><strong>sumantur</strong></span> <span class='ocrx_word' id='word_1_115' title='bbox 1532 1038 1647 1087; x_wconf 88' lang='lat' dir='ltr'><strong>prout</strong></span> <span class='ocrx_word' id='word_1_116' title='bbox 1682 1037 1772 1074; x_wconf 85' lang='lat' dir='ltr'><strong>sunt</strong></span> 
     </span>
     <span class='ocr_line' id='line_1_14' title="bbox 153 1103 1774 1162; baseline -0.004 -12"><span class='ocrx_word' id='word_1_117' title='bbox 153 1109 191 1150; x_wconf 87' lang='lat' dir='ltr'><strong>in</strong></span> <span class='ocrx_word' id='word_1_118' title='bbox 225 1106 506 1150; x_wconf 81' lang='lat' dir='ltr'><strong>calendario»</strong></span> <span class='ocrx_word' id='word_1_119' title='bbox 546 1105 654 1162; x_wconf 81' lang='lat' dir='ltr'><strong>(ean.</strong></span> <span class='ocrx_word' id='word_1_120' title='bbox 681 1105 747 1152; x_wconf 71' lang='lat'><strong>34,</strong></span> <span class='ocrx_word' id='word_1_121' title='bbox 782 1106 809 1161; x_wconf 51' lang='grc' dir='ltr'>ᾗ</span> <span class='ocrx_word' id='word_1_122' title='bbox 844 1104 880 1146; x_wconf 98' lang='grc'><strong>3</strong></span> <span class='ocrx_word' id='word_1_123' title='bbox 922 1103 979 1159; x_wconf 75' lang='grc'><strong>10)</strong></span> <span class='ocrx_word' id='word_1_124' title='bbox 1015 1118 1038 1145; x_wconf 80' lang='lat' dir='ltr'><strong>a</strong></span> <span class='ocrx_word' id='word_1_125' title='bbox 1073 1103 1140 1146; x_wconf 70' lang='lat' dir='ltr'><strong>(lie</strong></span> <span class='ocrx_word' id='word_1_126' title='bbox 1178 1119 1197 1143; x_wconf 85' lang='grc'><strong>((</strong></span> <span class='ocrx_word' id='word_1_127' title='bbox 1221 1104 1269 1146; x_wconf 88' lang='lat' dir='ltr'><strong>ad</strong></span> <span class='ocrx_word' id='word_1_128' title='bbox 1305 1103 1550 1158; x_wconf 75' lang='lat' dir='ltr'><strong>explendam</strong></span> <span class='ocrx_word' id='word_1_129' title='bbox 1587 1115 1774 1145; x_wconf 86' lang='lat' dir='ltr'><strong>numera-</strong></span> 
     </span>
     <span class='ocr_line' id='line_1_15' title="bbox 156 1174 1776 1232; baseline -0.004 -12"><span class='ocrx_word' id='word_1_130' title='bbox 156 1179 308 1220; x_wconf 85' lang='lat' dir='ltr'><strong>tionem</strong></span> <span class='ocrx_word' id='word_1_131' title='bbox 342 1176 667 1232; x_wconf 83' lang='lat' dir='ltr'><strong>computando»</strong></span> <span class='ocrx_word' id='word_1_132' title='bbox 707 1174 779 1231; x_wconf 92' lang='lat' dir='ltr'><strong>(ib.</strong></span> <span class='ocrx_word' id='word_1_133' title='bbox 817 1174 879 1219; x_wconf 70' lang='lat'><strong>20)</strong></span> <span class='ocrx_word' id='word_1_134' title='bbox 928 1174 998 1231; x_wconf 73' lang='lat' dir='ltr'><strong>qui</strong></span> <span class='ocrx_word' id='word_1_135' title='bbox 1041 1174 1237 1216; x_wconf 68' lang='lat' dir='ltr'><strong>Actorum</strong></span> <span class='ocrx_word' id='word_1_136' title='bbox 1274 1187 1443 1222; x_wconf 67' lang='lat' dir='ltr'><strong>numero</strong></span> <span class='ocrx_word' id='word_1_137' title='bbox 1488 1175 1524 1215; x_wconf 91' lang='lat' dir='ltr'><strong>in</strong></span> <span class='ocrx_word' id='word_1_138' title='bbox 1566 1178 1678 1228; x_wconf 88' lang='lat' dir='ltr'><strong>parte</strong></span> <span class='ocrx_word' id='word_1_139' title='bbox 1712 1186 1776 1215; x_wconf 86' lang='lat' dir='ltr'><strong>su-</strong></span> 
     </span>
     <span class='ocr_line' id='line_1_16' title="bbox 156 1242 1775 1305; baseline -0.004 -14"><span class='ocrx_word' id='word_1_140' title='bbox 156 1249 306 1305; x_wconf 89' lang='lat' dir='ltr'><strong>periori</strong></span> <span class='ocrx_word' id='word_1_141' title='bbox 343 1249 501 1304; x_wconf 77' lang='lat' dir='ltr'><strong>primae</strong></span> <span class='ocrx_word' id='word_1_142' title='bbox 536 1252 663 1303; x_wconf 62' lang='lat' dir='ltr'><strong>pagae.</strong></span> <span class='ocrx_word' id='word_1_143' title='bbox 699 1245 917 1303; x_wconf 73' lang='lat' dir='ltr'><strong>apposilus</strong></span> <span class='ocrx_word' id='word_1_144' title='bbox 946 1250 1020 1299; x_wconf 67' lang='lat' dir='ltr'><strong>est,</strong></span> <span class='ocrx_word' id='word_1_145' title='bbox 1041 1258 1118 1287; x_wconf 93' lang='lat' dir='ltr'><strong>non</strong></span> <span class='ocrx_word' id='word_1_146' title='bbox 1153 1257 1174 1287; x_wconf 92' lang='grc'><strong>3</strong></span> <span class='ocrx_word' id='word_1_147' title='bbox 1200 1243 1442 1287; x_wconf 79' lang='lat' dir='ltr'><strong>Documenti</strong></span> <span class='ocrx_word' id='word_1_148' title='bbox 1477 1243 1584 1285; x_wconf 87' lang='lat' dir='ltr'><strong>data.</strong></span> <span class='ocrx_word' id='word_1_149' title='bbox 1619 1242 1775 1298; x_wconf 79' lang='lat' dir='ltr'><strong>Duplex</strong></span> 
     </span>
     <span class='ocr_line' id='line_1_17' title="bbox 152 1313 1778 1376; baseline -0.005 -13"><span class='ocrx_word' id='word_1_150' title='bbox 152 1325 290 1363; x_wconf 88' lang='lat' dir='ltr'><strong>tamen</strong></span> <span class='ocrx_word' id='word_1_151' title='bbox 314 1321 503 1376; x_wconf 85' lang='lat' dir='ltr'><strong>sequitur</strong></span> <span class='ocrx_word' id='word_1_152' title='bbox 535 1319 753 1374; x_wconf 77' lang='lat' dir='ltr'><strong>exceptio:</strong></span> <span class='ocrx_word' id='word_1_153' title='bbox 790 1316 873 1358; x_wconf 78' lang='lat' dir='ltr'><strong>nisi</strong></span> <span class='ocrx_word' id='word_1_154' title='bbox 905 1316 945 1372; x_wconf 92' lang='lat' dir='ltr'><strong>a)</strong></span> <span class='ocrx_word' id='word_1_155' title='bbox 969 1330 1020 1358; x_wconf 63' lang='lat' dir='ltr'><strong>es</strong></span> <span class='ocrx_word' id='word_1_156' title='bbox 1054 1320 1208 1357; x_wconf 69' lang='lat' dir='ltr'><strong>natura</strong></span> <span class='ocrx_word' id='word_1_157' title='bbox 1242 1315 1306 1357; x_wconf 79' lang='lat' dir='ltr'><strong>rei</strong></span> <span class='ocrx_word' id='word_1_158' title='bbox 1342 1328 1377 1356; x_wconf 70' lang='lat' dir='ltr'><strong>v.</strong></span> <span class='ocrx_word' id='word_1_159' title='bbox 1403 1328 1462 1369; x_wconf 87' lang='lat' dir='ltr'><strong>gr.</strong></span> <span class='ocrx_word' id='word_1_160' title='bbox 1497 1316 1527 1355; x_wconf 84' lang='lat' dir='ltr'><strong>si</strong></span> <span class='ocrx_word' id='word_1_161' title='bbox 1569 1329 1587 1353; x_wconf 84' lang='lat'>«</span> <span class='ocrx_word' id='word_1_162' title='bbox 1612 1313 1778 1356; x_wconf 76' lang='lat' dir='ltr'><strong>authen-</strong></span> 
     </span>
     <span class='ocr_line' id='line_1_18' title="bbox 154 1384 1776 1446; baseline -0.006 -12"><span class='ocrx_word' id='word_1_163' title='bbox 154 1393 235 1434; x_wconf 87' lang='lat' dir='ltr'><strong>tice</strong></span> <span class='ocrx_word' id='word_1_164' title='bbox 269 1389 503 1433; x_wconf 78' lang='lat' dir='ltr'><strong>declaretur</strong></span> <span class='ocrx_word' id='word_1_165' title='bbox 535 1388 799 1446; x_wconf 82' lang='lat' dir='ltr'><strong>quandonam</strong></span> <span class='ocrx_word' id='word_1_166' title='bbox 837 1390 898 1430; x_wconf 89' lang='lat' dir='ltr'><strong>ius</strong></span> <span class='ocrx_word' id='word_1_167' title='bbox 921 1389 1109 1429; x_wconf 72' lang='lat' dir='ltr'><strong>divinum</strong></span> <span class='ocrx_word' id='word_1_168' title='bbox 1145 1387 1453 1429; x_wconf 88' lang='lat' dir='ltr'><strong>matrimonium</strong></span> <span class='ocrx_word' id='word_1_169' title='bbox 1490 1384 1682 1441; x_wconf 86' lang='lat' dir='ltr'><strong>impediat</strong></span> <span class='ocrx_word' id='word_1_170' title='bbox 1716 1384 1776 1427; x_wconf 75' lang='lat' dir='ltr'><strong>vel</strong></span> 
     </span>
     <span class='ocr_line' id='line_1_19' title="bbox 153 1455 1776 1516; baseline -0.006 -11"><span class='ocrx_word' id='word_1_171' title='bbox 153 1462 321 1505; x_wconf 84' lang='lat' dir='ltr'><strong>dirimat</strong></span> <span class='ocrx_word' id='word_1_172' title='bbox 345 1476 363 1501; x_wconf 55' lang='grc' dir='ltr'><strong>ι)</strong></span> <span class='ocrx_word' id='word_1_173' title='bbox 403 1460 667 1516; x_wconf 77' lang='lat' dir='ltr'><strong>(can.1038,</strong></span> <span class='ocrx_word' id='word_1_174' title='bbox 701 1462 724 1513; x_wconf 62' lang='grc' dir='ltr'><strong>ξ</strong></span> <span class='ocrx_word' id='word_1_175' title='bbox 756 1458 812 1515; x_wconf 75' lang='lat' dir='ltr'><strong>l),</strong></span> <span class='ocrx_word' id='word_1_176' title='bbox 852 1459 1178 1513; x_wconf 83' lang='lat' dir='ltr'><strong>«interpretatio</strong></span> <span class='ocrx_word' id='word_1_177' title='bbox 1223 1456 1470 1505; x_wconf 78' lang='lat' dir='ltr'><strong>authentica,</strong></span> <span class='ocrx_word' id='word_1_178' title='bbox 1507 1470 1578 1512; x_wconf 90' lang='lat' dir='ltr'><strong>per</strong></span> <span class='ocrx_word' id='word_1_179' title='bbox 1612 1455 1776 1498; x_wconf 90' lang='lat' dir='ltr'><strong>modum</strong></span> 
     </span>
     <span class='ocr_line' id='line_1_20' title="bbox 155 1525 1778 1588; baseline -0.005 -13"><span class='ocrx_word' id='word_1_180' title='bbox 155 1532 258 1588; x_wconf 90' lang='lat' dir='ltr'><strong>legis</strong></span> <span class='ocrx_word' id='word_1_181' title='bbox 293 1530 491 1583; x_wconf 74' lang='lat' dir='ltr'><strong>exhibita,</strong></span> <span class='ocrx_word' id='word_1_182' title='bbox 523 1532 555 1573; x_wconf 88' lang='lat' dir='ltr'><strong>si</strong></span> <span class='ocrx_word' id='word_1_183' title='bbox 592 1530 723 1586; x_wconf 88' lang='lat' dir='ltr'><strong>legem</strong></span> <span class='ocrx_word' id='word_1_184' title='bbox 775 1533 957 1572; x_wconf 80' lang='lat' dir='ltr'><strong>coarctet</strong></span> <span class='ocrx_word' id='word_1_185' title='bbox 994 1527 1055 1570; x_wconf 71' lang='lat' dir='ltr'><strong>vet</strong></span> <span class='ocrx_word' id='word_1_186' title='bbox 1091 1528 1286 1571; x_wconf 87' lang='lat' dir='ltr'><strong>extendat</strong></span> <span class='ocrx_word' id='word_1_187' title='bbox 1332 1532 1399 1570; x_wconf 88' lang='lat' dir='ltr'><strong>aut</strong></span> <span class='ocrx_word' id='word_1_188' title='bbox 1449 1525 1615 1569; x_wconf 90' lang='lat' dir='ltr'><strong>dubiam</strong></span> <span class='ocrx_word' id='word_1_189' title='bbox 1650 1525 1778 1581; x_wconf 82' lang='lat' dir='ltr'><strong>expli-</strong></span> 
     </span>
     <span class='ocr_line' id='line_1_21' title="bbox 154 1597 1778 1659; baseline -0.003 -13"><span class='ocrx_word' id='word_1_190' title='bbox 154 1608 218 1646; x_wconf 80' lang='lat' dir='ltr'><strong>cet</strong></span> <span class='ocrx_word' id='word_1_191' title='bbox 242 1618 261 1643; x_wconf 80' lang='grc'>»</span> <span class='ocrx_word' id='word_1_192' title='bbox 302 1601 410 1659; x_wconf 83' lang='lat' dir='ltr'><strong>(ean.</strong></span> <span class='ocrx_word' id='word_1_193' title='bbox 447 1602 513 1653; x_wconf 68' lang='lat'><strong>17,</strong></span> <span class='ocrx_word' id='word_1_194' title='bbox 548 1604 572 1654; x_wconf 57' lang='lat' dir='ltr'><strong>g</strong></span> <span class='ocrx_word' id='word_1_195' title='bbox 607 1599 667 1657; x_wconf 58' lang='lat'><strong>⁶2),</strong></span> <span class='ocrx_word' id='word_1_196' title='bbox 705 1599 819 1642; x_wconf 74' lang='lat' dir='ltr'><strong>illico</strong></span> <span class='ocrx_word' id='word_1_197' title='bbox 869 1598 999 1656; x_wconf 65' lang='lat' dir='ltr'><strong>[issent</strong></span> <span class='ocrx_word' id='word_1_198' title='bbox 1048 1597 1183 1641; x_wconf 85' lang='lat' dir='ltr'><strong>habita</strong></span> <span class='ocrx_word' id='word_1_199' title='bbox 1234 1597 1576 1654; x_wconf 86' lang='lat' dir='ltr'><strong>promulgationis</strong></span> <span class='ocrx_word' id='word_1_200' title='bbox 1625 1598 1778 1641; x_wconf 82' lang='lat' dir='ltr'><strong>notitia.</strong></span> 
     </span>
     <span class='ocr_line' id='line_1_22' title="bbox 158 1667 1780 1730; baseline -0.005 -14"><span class='ocrx_word' id='word_1_201' title='bbox 158 1673 200 1730; x_wconf 91' lang='lat' dir='ltr'><strong>b)</strong></span> <span class='ocrx_word' id='word_1_202' title='bbox 226 1678 299 1716; x_wconf 76' lang='lat' dir='ltr'><strong>aut</strong></span> <span class='ocrx_word' id='word_1_203' title='bbox 343 1673 384 1715; x_wconf 73' lang='lat' dir='ltr'><strong>ia</strong></span> <span class='ocrx_word' id='word_1_204' title='bbox 430 1672 522 1729; x_wconf 69' lang='lat' dir='ltr'><strong>ipsa</strong></span> <span class='ocrx_word' id='word_1_205' title='bbox 566 1671 655 1727; x_wconf 68' lang='lat' dir='ltr'><strong>lesse</strong></span> <span class='ocrx_word' id='word_1_206' title='bbox 697 1670 896 1726; x_wconf 84' lang='lat' dir='ltr'><strong>singulari</strong></span> <span class='ocrx_word' id='word_1_207' title='bbox 940 1669 1102 1711; x_wconf 63' lang='lat' dir='ltr'><strong>brevior</strong></span> <span class='ocrx_word' id='word_1_208' title='bbox 1146 1668 1206 1711; x_wconf 66' lang='lat' dir='ltr'><strong>vel</strong></span> <span class='ocrx_word' id='word_1_209' title='bbox 1248 1668 1414 1724; x_wconf 73' lang='lat' dir='ltr'><strong>lonqior</strong></span> <span class='ocrx_word' id='word_1_210' title='bbox 1452 1667 1626 1710; x_wconf 85' lang='lat' dir='ltr'><strong>«tribus</strong></span> <span class='ocrx_word' id='word_1_211' title='bbox 1670 1680 1780 1709; x_wconf 91' lang='lat' dir='ltr'><strong>men-</strong></span> 
     </span>
     <span class='ocr_line' id='line_1_23' title="bbox 155 1739 1777 1795; baseline -0.006 -7"><span class='ocrx_word' id='word_1_212' title='bbox 155 1744 310 1788; x_wconf 85' lang='lat' dir='ltr'><strong>sibus»</strong></span> <span class='ocrx_word' id='word_1_213' title='bbox 352 1743 513 1785; x_wconf 69' lang='lat' dir='ltr'><strong>vac-atio</strong></span> <span class='ocrx_word' id='word_1_214' title='bbox 546 1742 732 1785; x_wconf 85' lang='lat' dir='ltr'><strong>scilicet:</strong></span> <span class='ocrx_word' id='word_1_215' title='bbox 777 1741 919 1784; x_wconf 90' lang='lat' dir='ltr'><strong>dilatio</strong></span> <span class='ocrx_word' id='word_1_216' title='bbox 962 1740 1141 1783; x_wconf 81' lang='lat' dir='ltr'><strong>efficacis</strong></span> <span class='ocrx_word' id='word_1_217' title='bbox 1188 1739 1449 1795; x_wconf 77' lang='lat' dir='ltr'><strong>obligationis</strong></span> <span class='ocrx_word' id='word_1_218' title='bbox 1498 1743 1585 1794; x_wconf 90' lang='lat' dir='ltr'><strong>post</strong></span> <span class='ocrx_word' id='word_1_219' title='bbox 1633 1739 1777 1780; x_wconf 79' lang='lat' dir='ltr'><strong>iactam</strong></span> 
     </span>
     <span class='ocr_line' id='line_1_24' title="bbox 158 1809 1780 1872; baseline -0.005 -14"><span class='ocrx_word' id='word_1_220' title='bbox 158 1814 549 1872; x_wconf 79' lang='lat' dir='ltr'><strong>promulgationem,</strong></span> <span class='ocrx_word' id='word_1_221' title='bbox 575 1812 638 1855; x_wconf 72' lang='lat' dir='ltr'><strong>vel</strong></span> <span class='ocrx_word' id='word_1_222' title='bbox 658 1817 821 1868; x_wconf 88' lang='lat' dir='ltr'><strong>tempus</strong></span> <span class='ocrx_word' id='word_1_223' title='bbox 853 1811 1100 1854; x_wconf 87' lang='lat' dir='ltr'><strong>elabendum</strong></span> <span class='ocrx_word' id='word_1_224' title='bbox 1136 1813 1241 1853; x_wconf 90' lang='lat' dir='ltr'><strong>inter</strong></span> <span class='ocrx_word' id='word_1_225' title='bbox 1275 1809 1644 1865; x_wconf 86' lang='lat' dir='ltr'><strong>promulgationem</strong></span> <span class='ocrx_word' id='word_1_226' title='bbox 1680 1811 1780 1851; x_wconf 88' lang='lat' dir='ltr'><strong>eius-</strong></span> 
     </span>
     <span class='ocr_line' id='line_1_25' title="bbox 157 1878 1779 1943; baseline -0.005 -15"><span class='ocrx_word' id='word_1_227' title='bbox 157 1899 237 1943; x_wconf 83' lang='lat' dir='ltr'><strong>que</strong></span> <span class='ocrx_word' id='word_1_228' title='bbox 271 1884 563 1941; x_wconf 88' lang='lat' dir='ltr'><strong>adimplendae</strong></span> <span class='ocrx_word' id='word_1_229' title='bbox 606 1882 869 1939; x_wconf 81' lang='lat' dir='ltr'><strong>obligationis</strong></span> <span class='ocrx_word' id='word_1_230' title='bbox 914 1883 1087 1935; x_wconf 84' lang='lat' dir='ltr'><strong>initium,</strong></span> <span class='ocrx_word' id='word_1_231' title='bbox 1121 1879 1365 1938; x_wconf 73' lang='lat' dir='ltr'><strong>specialiter</strong></span> <span class='ocrx_word' id='word_1_232' title='bbox 1408 1894 1480 1936; x_wconf 93' lang='lat' dir='ltr'><strong>pro</strong></span> <span class='ocrx_word' id='word_1_233' title='bbox 1515 1879 1581 1922; x_wconf 86' lang='lat' dir='ltr'><strong>tali</strong></span> <span class='ocrx_word' id='word_1_234' title='bbox 1621 1878 1709 1934; x_wconf 87' lang='lat' dir='ltr'><strong>lege</strong></span> <span class='ocrx_word' id='word_1_235' title='bbox 1742 1885 1779 1919; x_wconf 77' lang='grc' dir='ltr'><strong>(Ἰ</strong></span> 
     </span>
     <span class='ocr_line' id='line_1_26' title="bbox 157 1949 1780 2013; baseline -0.005 -14"><span class='ocrx_word' id='word_1_236' title='bbox 157 1969 354 2013; x_wconf 68' lang='lat' dir='ltr'><strong>eoepresse</strong></span> <span class='ocrx_word' id='word_1_237' title='bbox 386 1956 518 1999; x_wconf 88' lang='lat' dir='ltr'><strong>idest:</strong></span> <span class='ocrx_word' id='word_1_238' title='bbox 569 1953 774 2010; x_wconf 78' lang='lat' dir='ltr'><strong>explicitis</strong></span> <span class='ocrx_word' id='word_1_239' title='bbox 813 1952 950 1996; x_wconf 76' lang='lat' dir='ltr'><strong>verbis</strong></span> <span class='ocrx_word' id='word_1_240' title='bbox 997 1951 1128 2009; x_wconf 72' lang='lat' dir='ltr'><strong>faerit</strong></span> <span class='ocrx_word' id='word_1_241' title='bbox 1175 1956 1336 1993; x_wconf 71' lang='lat' dir='ltr'><strong>statuta</strong></span> <span class='ocrx_word' id='word_1_242' title='bbox 1386 1963 1457 2006; x_wconf 90' lang='lat' dir='ltr'><strong>per</strong></span> <span class='ocrx_word' id='word_1_243' title='bbox 1490 1949 1780 2006; x_wconf 84' lang='lat' dir='ltr'><strong>legislatorem,</strong></span> 
     </span>
     <span class='ocr_line' id='line_1_27' title="bbox 157 2020 1779 2085; baseline -0.006 -14"><span class='ocrx_word' id='word_1_244' title='bbox 157 2030 255 2085; x_wconf 88' lang='lat' dir='ltr'><strong>quin</strong></span> <span class='ocrx_word' id='word_1_245' title='bbox 290 2040 392 2083; x_wconf 90' lang='lat' dir='ltr'><strong>opus</strong></span> <span class='ocrx_word' id='word_1_246' title='bbox 423 2029 473 2069; x_wconf 89' lang='lat' dir='ltr'><strong>sit</strong></span> <span class='ocrx_word' id='word_1_247' title='bbox 500 2025 620 2068; x_wconf 90' lang='lat' dir='ltr'><strong>buius</strong></span> <span class='ocrx_word' id='word_1_248' title='bbox 653 2036 822 2067; x_wconf 89' lang='lat' dir='ltr'><strong>normae</strong></span> <span class='ocrx_word' id='word_1_249' title='bbox 845 2024 1238 2079; x_wconf 82' lang='lat' dir='ltr'><strong>dei·ogatione,cum</strong></span> <span class='ocrx_word' id='word_1_250' title='bbox 1274 2023 1322 2065; x_wconf 85' lang='lat' dir='ltr'><strong>sit</strong></span> <span class='ocrx_word' id='word_1_251' title='bbox 1360 2024 1470 2064; x_wconf 83' lang='lat' dir='ltr'><strong>iuxta</strong></span> <span class='ocrx_word' id='word_1_252' title='bbox 1504 2020 1685 2064; x_wconf 89' lang='lat' dir='ltr'><strong>eiusdem</strong></span> <span class='ocrx_word' id='word_1_253' title='bbox 1711 2020 1779 2062; x_wconf 88' lang='lat' dir='ltr'><strong>de-</strong></span> 
     </span>
     <span class='ocr_line' id='line_1_28' title="bbox 156 2098 689 2153; baseline -0.011 -11"><span class='ocrx_word' id='word_1_254' title='bbox 156 2098 356 2142; x_wconf 84' lang='lat' dir='ltr'><strong>claratam</strong></span> <span class='ocrx_word' id='word_1_255' title='bbox 388 2098 689 2153; x_wconf 82' lang='lat' dir='ltr'><strong>exceptionem.</strong></span> 
     </span>
    </p>

    <p class='ocr_par' dir='ltr' id='par_1_3' title="bbox 160 2161 1784 2789">
     <span class='ocr_line' id='line_1_29' title="bbox 279 2161 1779 2225; baseline -0.009 -10"><span class='ocrx_word' id='word_1_256' title='bbox 279 2170 346 2211; x_wconf 84' lang='grc'><strong>66.</strong></span> <span class='ocrx_word' id='word_1_257' title='bbox 382 2171 562 2225; x_wconf 87' lang='lat' dir='ltr'><strong>Legum</strong></span> <span class='ocrx_word' id='word_1_258' title='bbox 607 2168 815 2213; x_wconf 79' lang='lat' dir='ltr'><strong>effectus</strong></span> <span class='ocrx_word' id='word_1_259' title='bbox 858 2166 1128 2211; x_wconf 86' lang='lat' dir='ltr'><strong>extensive.</strong></span> <span class='ocrx_word' id='word_1_260' title='bbox 1161 2162 1250 2205; x_wconf 82' lang='lat' dir='ltr'><strong>Alia</strong></span> <span class='ocrx_word' id='word_1_261' title='bbox 1286 2162 1420 2218; x_wconf 82' lang='lat' dir='ltr'><strong>legum</strong></span> <span class='ocrx_word' id='word_1_262' title='bbox 1465 2161 1614 2204; x_wconf 69' lang='lat' dir='ltr'><strong>divisio</strong></span> <span class='ocrx_word' id='word_1_263' title='bbox 1651 2165 1708 2203; x_wconf 82' lang='lat' dir='ltr'><strong>est</strong></span> <span class='ocrx_word' id='word_1_264' title='bbox 1743 2161 1779 2201; x_wconf 87' lang='lat' dir='ltr'><strong>in</strong></span> 
     </span>
     <span class='ocr_line' id='line_1_30' title="bbox 164 2232 1780 2297; baseline -0.005 -16"><span class='ocrx_word' id='word_1_265' title='bbox 164 2256 185 2282; x_wconf 81' lang='lat'>«</span> <span class='ocrx_word' id='word_1_266' title='bbox 210 2241 496 2297; x_wconf 75' lang='lat' dir='ltr'><strong>praeceptivus</strong></span> <span class='ocrx_word' id='word_1_267' title='bbox 529 2244 598 2281; x_wconf 86' lang='lat' dir='ltr'><strong>aut</strong></span> <span class='ocrx_word' id='word_1_268' title='bbox 624 2236 896 2293; x_wconf 74' lang='lat' dir='ltr'><strong>probibitiras</strong></span> <span class='ocrx_word' id='word_1_269' title='bbox 920 2252 957 2287; x_wconf 80' lang='grc'><strong>)),</strong></span> <span class='ocrx_word' id='word_1_270' title='bbox 994 2239 1111 2292; x_wconf 89' lang='lat' dir='ltr'><strong>prout</strong></span> <span class='ocrx_word' id='word_1_271' title='bbox 1145 2232 1404 2277; x_wconf 89' lang='lat' dir='ltr'><strong>solummodo</strong></span> <span class='ocrx_word' id='word_1_272' title='bbox 1438 2232 1576 2275; x_wconf 88' lang='lat' dir='ltr'><strong>iubent</strong></span> <span class='ocrx_word' id='word_1_273' title='bbox 1610 2236 1677 2273; x_wconf 85' lang='lat' dir='ltr'><strong>aut</strong></span> <span class='ocrx_word' id='word_1_274' title='bbox 1716 2243 1780 2273; x_wconf 75' lang='lat' dir='ltr'><strong>ve-</strong></span> 
     </span>
     <span class='ocr_line' id='line_1_31' title="bbox 160 2304 1780 2367; baseline -0.007 -13"><span class='ocrx_word' id='word_1_275' title='bbox 160 2315 246 2354; x_wconf 88' lang='lat' dir='ltr'><strong>tant</strong></span> <span class='ocrx_word' id='word_1_276' title='bbox 279 2312 510 2367; x_wconf 80' lang='lat' dir='ltr'><strong>respective</strong></span> <span class='ocrx_word' id='word_1_277' title='bbox 543 2309 704 2366; x_wconf 87' lang='lat' dir='ltr'><strong>aliquos</strong></span> <span class='ocrx_word' id='word_1_278' title='bbox 737 2312 868 2361; x_wconf 76' lang='lat' dir='ltr'><strong>actus,</strong></span> <span class='ocrx_word' id='word_1_279' title='bbox 902 2306 965 2349; x_wconf 81' lang='lat' dir='ltr'><strong>vel</strong></span> <span class='ocrx_word' id='word_1_280' title='bbox 999 2306 1223 2362; x_wconf 90' lang='lat' dir='ltr'><strong>disponunt</strong></span> <span class='ocrx_word' id='word_1_281' title='bbox 1255 2306 1363 2347; x_wconf 85' lang='lat' dir='ltr'><strong>circa</strong></span> <span class='ocrx_word' id='word_1_282' title='bbox 1409 2317 1473 2346; x_wconf 87' lang='lat' dir='ltr'><strong>res</strong></span> <span class='ocrx_word' id='word_1_283' title='bbox 1507 2304 1680 2359; x_wconf 66' lang='lat' dir='ltr'><strong>positivo</strong></span> <span class='ocrx_word' id='word_1_284' title='bbox 1714 2305 1780 2343; x_wconf 90' lang='lat' dir='ltr'><strong>aut</strong></span> 
     </span>
     <span class='ocr_line' id='line_1_32' title="bbox 161 2376 1782 2438; baseline -0.007 -14"><span class='ocrx_word' id='word_1_285' title='bbox 161 2383 356 2438; x_wconf 87' lang='lat' dir='ltr'><strong>negativo</strong></span> <span class='ocrx_word' id='word_1_286' title='bbox 380 2381 515 2436; x_wconf 87' lang='lat' dir='ltr'><strong>modo,</strong></span> <span class='ocrx_word' id='word_1_287' title='bbox 546 2396 564 2421; x_wconf 84' lang='lat'>«</span> <span class='ocrx_word' id='word_1_288' title='bbox 591 2379 842 2436; x_wconf 85' lang='lat' dir='ltr'><strong>poenales».</strong></span> <span class='ocrx_word' id='word_1_289' title='bbox 878 2390 983 2435; x_wconf 82' lang='lat' dir='ltr'><strong>quae</strong></span> <span class='ocrx_word' id='word_1_290' title='bbox 1016 2377 1220 2420; x_wconf 87' lang='lat' dir='ltr'><strong>adnexam</strong></span> <span class='ocrx_word' id='word_1_291' title='bbox 1257 2376 1391 2418; x_wconf 80' lang='lat' dir='ltr'><strong>ferunt</strong></span> <span class='ocrx_word' id='word_1_292' title='bbox 1421 2386 1656 2429; x_wconf 85' lang='lat' dir='ltr'><strong>expressam</strong></span> <span class='ocrx_word' id='word_1_293' title='bbox 1692 2384 1782 2413; x_wconf 89' lang='lat' dir='ltr'><strong>san-</strong></span> 
     </span>
     <span class='ocr_line' id='line_1_33' title="bbox 161 2443 1782 2507; baseline -0.007 -12"><span class='ocrx_word' id='word_1_294' title='bbox 161 2454 338 2495; x_wconf 86' lang='lat' dir='ltr'><strong>ctionem</strong></span> <span class='ocrx_word' id='word_1_295' title='bbox 376 2465 530 2507; x_wconf 89' lang='lat' dir='ltr'><strong>poenae</strong></span> <span class='ocrx_word' id='word_1_296' title='bbox 563 2451 766 2494; x_wconf 88' lang='lat' dir='ltr'><strong>adversus</strong></span> <span class='ocrx_word' id='word_1_297' title='bbox 797 2461 940 2492; x_wconf 87' lang='lat' dir='ltr'><strong>earum</strong></span> <span class='ocrx_word' id='word_1_298' title='bbox 990 2453 1329 2502; x_wconf 78' lang='lat' dir='ltr'><strong>transgressores,</strong></span> <span class='ocrx_word' id='word_1_299' title='bbox 1363 2449 1402 2488; x_wconf 93' lang='lat' dir='ltr'><strong>et</strong></span> <span class='ocrx_word' id='word_1_300' title='bbox 1434 2444 1610 2500; x_wconf 77' lang='lat' dir='ltr'><strong>denique</strong></span> <span class='ocrx_word' id='word_1_301' title='bbox 1650 2458 1667 2481; x_wconf 86' lang='lat'>«</span> <span class='ocrx_word' id='word_1_302' title='bbox 1694 2443 1782 2483; x_wconf 89' lang='lat' dir='ltr'><strong>irri-</strong></span> 
     </span>
     <span class='ocr_line' id='line_1_34' title="bbox 163 2511 1781 2577; baseline -0.007 -12"><span class='ocrx_word' id='word_1_303' title='bbox 163 2527 297 2565; x_wconf 84' lang='lat' dir='ltr'><strong>tantes</strong></span> <span class='ocrx_word' id='word_1_304' title='bbox 329 2527 399 2565; x_wconf 88' lang='lat' dir='ltr'><strong>aut</strong></span> <span class='ocrx_word' id='word_1_305' title='bbox 433 2521 739 2566; x_wconf 77' lang='lat' dir='ltr'><strong>inliabilitantes</strong></span> <span class='ocrx_word' id='word_1_306' title='bbox 762 2536 782 2561; x_wconf 85' lang='lat'>»</span> <span class='ocrx_word' id='word_1_307' title='bbox 821 2519 987 2577; x_wconf 87' lang='lat' dir='ltr'><strong>quando</strong></span> <span class='ocrx_word' id='word_1_308' title='bbox 1019 2523 1135 2561; x_wconf 87' lang='lat' dir='ltr'><strong>actus</strong></span> <span class='ocrx_word' id='word_1_309' title='bbox 1160 2520 1196 2559; x_wconf 94' lang='lat' dir='ltr'><strong>in</strong></span> <span class='ocrx_word' id='word_1_310' title='bbox 1221 2518 1472 2560; x_wconf 86' lang='lat' dir='ltr'><strong>contrarium</strong></span> <span class='ocrx_word' id='word_1_311' title='bbox 1509 2517 1658 2570; x_wconf 86' lang='lat' dir='ltr'><strong>positos</strong></span> <span class='ocrx_word' id='word_1_312' title='bbox 1694 2511 1781 2554; x_wconf 79' lang='lat' dir='ltr'><strong>red-</strong></span> 
     </span>
     <span class='ocr_line' id='line_1_35' title="bbox 161 2585 1782 2643; baseline -0.008 -7"><span class='ocrx_word' id='word_1_313' title='bbox 161 2594 261 2637; x_wconf 88' lang='lat' dir='ltr'><strong>dunt</strong></span> <span class='ocrx_word' id='word_1_314' title='bbox 298 2592 450 2636; x_wconf 91' lang='lat' dir='ltr'><strong>nullius</strong></span> <span class='ocrx_word' id='word_1_315' title='bbox 486 2593 636 2636; x_wconf 70' lang='lat' dir='ltr'><strong>valoris</strong></span> <span class='ocrx_word' id='word_1_316' title='bbox 671 2592 847 2639; x_wconf 88' lang='lat' dir='ltr'><strong>iuridici,</strong></span> <span class='ocrx_word' id='word_1_317' title='bbox 873 2603 951 2633; x_wconf 93' lang='lat' dir='ltr'><strong>non</strong></span> <span class='ocrx_word' id='word_1_318' title='bbox 985 2589 1104 2632; x_wconf 89' lang='lat' dir='ltr'><strong>aliter</strong></span> <span class='ocrx_word' id='word_1_319' title='bbox 1137 2600 1183 2631; x_wconf 85' lang='lat' dir='ltr'><strong>ac</strong></span> <span class='ocrx_word' id='word_1_320' title='bbox 1216 2589 1247 2630; x_wconf 89' lang='lat' dir='ltr'><strong>si</strong></span> <span class='ocrx_word' id='word_1_321' title='bbox 1284 2588 1399 2643; x_wconf 90' lang='lat' dir='ltr'><strong>positi</strong></span> <span class='ocrx_word' id='word_1_322' title='bbox 1426 2599 1502 2627; x_wconf 91' lang='lat' dir='ltr'><strong>non</strong></span> <span class='ocrx_word' id='word_1_323' title='bbox 1529 2586 1711 2634; x_wconf 76' lang='lat' dir='ltr'><strong>fuissent,</strong></span> <span class='ocrx_word' id='word_1_324' title='bbox 1745 2585 1782 2624; x_wconf 87' lang='lat' dir='ltr'><strong>et</strong></span> 
     </span>
     <span class='ocr_line' id='line_1_36' title="bbox 166 2655 1784 2718; baseline -0.009 -11"><span class='ocrx_word' id='word_1_325' title='bbox 166 2664 242 2707; x_wconf 83' lang='lat' dir='ltr'><strong>boc</strong></span> <span class='ocrx_word' id='word_1_326' title='bbox 273 2667 456 2706; x_wconf 88' lang='lat' dir='ltr'><strong>statuunt</strong></span> <span class='ocrx_word' id='word_1_327' title='bbox 481 2663 637 2706; x_wconf 87' lang='lat' dir='ltr'><strong>directe</strong></span> <span class='ocrx_word' id='word_1_328' title='bbox 662 2664 794 2718; x_wconf 90' lang='lat' dir='ltr'><strong>ipsum</strong></span> <span class='ocrx_word' id='word_1_329' title='bbox 821 2666 957 2704; x_wconf 87' lang='lat' dir='ltr'><strong>actum</strong></span> <span class='ocrx_word' id='word_1_330' title='bbox 994 2661 1259 2715; x_wconf 86' lang='lat' dir='ltr'><strong>respicientes</strong></span> <span class='ocrx_word' id='word_1_331' title='bbox 1292 2661 1359 2699; x_wconf 91' lang='lat' dir='ltr'><strong>aut</strong></span> <span class='ocrx_word' id='word_1_332' title='bbox 1395 2656 1591 2697; x_wconf 68' lang='lat' dir='ltr'><strong>indirecte</strong></span> <span class='ocrx_word' id='word_1_333' title='bbox 1627 2667 1696 2708; x_wconf 85' lang='lat' dir='ltr'><strong>per</strong></span> <span class='ocrx_word' id='word_1_334' title='bbox 1731 2655 1784 2693; x_wconf 90' lang='lat' dir='ltr'><strong>in-</strong></span> 
     </span>
     <span class='ocr_line' id='line_1_37' title="bbox 164 2732 1102 2789; baseline -0.007 -12"><span class='ocrx_word' id='word_1_335' title='bbox 164 2733 419 2778; x_wconf 86' lang='lat' dir='ltr'><strong>habilitatem</strong></span> <span class='ocrx_word' id='word_1_336' title='bbox 455 2745 653 2789; x_wconf 86' lang='lat' dir='ltr'><strong>personae</strong></span> <span class='ocrx_word' id='word_1_337' title='bbox 688 2732 862 2775; x_wconf 88' lang='lat' dir='ltr'><strong>iuridice</strong></span> <span class='ocrx_word' id='word_1_338' title='bbox 894 2735 1102 2773; x_wconf 84' lang='lat' dir='ltr'><strong>statutam.</strong></span> 
     </span>
    </p>

    <p class='ocr_par' dir='ltr' id='par_1_4' title="bbox 285 2790 1784 2859">
     <span class='ocr_line' id='line_1_38' title="bbox 285 2790 1784 2859; baseline -0.008 -13"><span class='ocrx_word' id='word_1_339' title='bbox 285 2803 342 2846; x_wconf 88' lang='lat' dir='ltr'><strong>De</strong></span> <span class='ocrx_word' id='word_1_340' title='bbox 375 2801 617 2859; x_wconf 84' lang='lat' dir='ltr'><strong>poenalibus</strong></span> <span class='ocrx_word' id='word_1_341' title='bbox 661 2802 821 2858; x_wconf 85' lang='lat' dir='ltr'><strong>legibus</strong></span> <span class='ocrx_word' id='word_1_342' title='bbox 866 2804 1011 2843; x_wconf 82' lang='lat' dir='ltr'><strong>iustam</strong></span> <span class='ocrx_word' id='word_1_343' title='bbox 1057 2801 1255 2841; x_wconf 88' lang='lat' dir='ltr'><strong>rationem</strong></span> <span class='ocrx_word' id='word_1_344' title='bbox 1295 2797 1484 2847; x_wconf 74' lang='lat' dir='ltr'><strong>afferens,</strong></span> <span class='ocrx_word' id='word_1_345' title='bbox 1519 2796 1647 2850; x_wconf 77' lang='lat' dir='ltr'><strong>inquit</strong></span> <span class='ocrx_word' id='word_1_346' title='bbox 1685 2790 1784 2834; x_wconf 81' lang='lat' dir='ltr'><strong>Gre-</strong></span> 
     </span>
    </p>
   </div>
   <div class='ocr_carea' id='block_1_3' title="bbox 333 2952 1705 2991">
    <p class='ocr_par' dir='ltr' id='par_1_5' title="bbox 333 2952 1705 2991">
     <span class='ocr_line' id='line_1_39' title="bbox 333 2952 1705 2991; baseline -0.009 0"><span class='ocrx_word' id='word_1_347' title='bbox 333 2964 428 2991; x_wconf 74' lang='lat' dir='ltr'>BLAT</span> <span class='ocrx_word' id='word_1_348' title='bbox 452 2978 470 2984; x_wconf 94' lang='lat'>-</span> <span class='ocrx_word' id='word_1_349' title='bbox 496 2962 617 2991; x_wconf 77' lang='lat' dir='ltr'><strong>C&#39;omm.</strong></span> <span class='ocrx_word' id='word_1_350' title='bbox 648 2961 732 2989; x_wconf 65' lang='lat' dir='ltr'><strong>Tesl.</strong></span> <span class='ocrx_word' id='word_1_351' title='bbox 758 2960 833 2988; x_wconf 77' lang='lat' dir='ltr'><strong>Ood.</strong></span> <span class='ocrx_word' id='word_1_352' title='bbox 857 2958 927 2988; x_wconf 75' lang='lat' dir='ltr'><strong>Iur.</strong></span> <span class='ocrx_word' id='word_1_353' title='bbox 953 2958 1035 2987; x_wconf 74' lang='lat' dir='ltr'><strong>Can.</strong></span> <span class='ocrx_word' id='word_1_354' title='bbox 1687 2952 1705 2979; x_wconf 79' lang='lat'>6</span> 
     </span>
    </p>
   </div>
  </div>
 </body>
</html>
