1950 3313
710 132 748 156 IN
777 132 854 158 noc
881 123 1214 159 COMMENTARIUM
1739 126 1784 159 53

147 243 383 285 necessaria
418 245 478 285 est
512 245 554 284 ut
589 243 662 297 ipsi
702 244 845 285 vivant
890 257 961 298 per
993 243 1258 286 dilectionem
1296 249 1528 299 operantes.
1565 244 1781 300 Propterea

144 326 256 369 ergo,
291 315 545 370 quicumque
579 311 669 354 aliis
705 319 1016 368 praepomintur
1039 316 1226 369 scientia,
1255 317 1499 366 ministerio,
1523 319 1591 357 aut
1617 327 1780 371 pascen-

146 385 186 427 di
223 384 374 434 otlici0,
408 382 458 426 ad
494 382 711 425 formulam
751 384 844 426 lidei
883 386 1013 439 magis
1047 384 1282 440 explicitam
1320 385 1574 441 obligantur,
1608 390 1645 428 et
1690 399 1780 440 pro-

148 455 293 497 videns
330 453 514 497 Ecclesia
549 466 692 496 eorum
729 455 911 497 tirmitali
949 457 985 497 in
1022 455 1101 498 lide
1138 456 1370 507 retinenda,
1420 470 1489 499 eos
1537 456 1663 511 adigit
1708 470 1780 512 pro

145 525 409 570 subditorum
446 523 550 567 bono
584 524 634 567 ad
673 527 985 578 promissionem
1021 526 1198 569 dandam
1235 531 1271 569 et
1321 528 1553 569 iuramento
1595 527 1777 569 fulcitam

148 598 198 641 de
233 598 362 653 ipsius
397 595 490 638 tidei
528 597 757 638 retentione
791 608 837 638 ac
871 596 921 639 de
955 597 1139 639 eiusdem
1176 599 1212 638 in
1264 596 1439 639 subditis
1487 597 1685 651 custodia,
1738 602 1777 639 ut

149 680 282 711 novae
330 665 594 721 obligationis
641 666 804 709 vinculo
842 680 888 710 ac
936 667 1145 723 religionis
1190 670 1422 710 reverentia
1469 670 1505 709 in
1553 673 1659 710 recta
1718 670 1780 710 xia

148 739 451 783 contineantur.
473 735 529 779 Eo
550 739 681 793 magis
704 738 961 780 conditiones
986 737 1107 781 buius
1133 740 1397 793 prolessionis
1420 743 1510 780 sunl
1533 738 1781 794 probandae,

148 809 256 866 quod
292 807 419 851 semel
457 812 614 850 tantum
654 811 689 850 in
727 808 881 864 gradus
904 810 1083 851 olliciix'e
1116 811 1376 864 susceptione
1408 809 1472 851 illa
1506 814 1562 851 est
1584 809 1782 863 iacienda,

147 883 185 923 et
220 878 412 922 haereses
444 890 467 921 a
504 879 731 922 maioribus
768 880 804 921 in
842 881 1021 922 minores
1053 880 1263 922 efficacius
1293 879 1560 922 descendunt.
1586 881 1649 921 Sic
1676 883 1781 934 patet

147 964 201 994 ss.
236 962 440 993 canonum
476 952 678 1006 sapientia
712 950 763 992 de
798 950 892 992 lidei
930 950 1191 1006 professionis
1226 950 1422 992 instituto.

266 1020 330 1064 Ad
368 1021 419 1063 1¹³⁰
452 1035 551 1077 ergo
584 1020 807 1063 dicendum
843 1034 934 1063 eum
973 1020 1015 1063 l).
1051 1020 1122 1064 Th.
1158 1019 1215 1076 (2.
1253 1021 1287 1063 2.
1324 1035 1361 1076 q.
1400 1020 1424 1064 l.
1459 1034 1494 1061 a.
1523 1020 1567 1062 lx
1607 1021 1654 1063 ad
1689 1020 1781 1076 ’.)“’);

154 1092 306 1149 «quod
344 1094 381 1134 in
417 1091 611 1135 omnibus
643 1090 844 1148 symbolis
882 1092 1025 1134 eadem
1068 1091 1161 1134 tidei
1197 1091 1369 1151 docetur
1412 1093 1584 1141 veritam
1619 1091 1687 1133 sed
1730 1089 1781 1133 ibi

149 1167 309 1219 oportet
349 1162 544 1219 populum
586 1162 826 1217 diligentius
871 1164 1015 1204 instrui
1063 1162 1113 1205 de
1159 1162 1252 1204 tidei
1292 1164 1477 1214 veritato,
1512 1161 1578 1204 ubi
1623 1174 1785 1203 errores

149 1235 380 1289 insurgunt,
406 1246 456 1276 ne
492 1233 593 1276 tides
626 1232 877 1289 simplicium
913 1246 984 1289 per
1019 1232 1249 1275 haereticos
1282 1240 1586 1288 corrumpatm:
1612 1231 1658 1274 Et
1684 1231 1785 1274 llaec

149 1305 223 1348 suit
256 1317 395 1354 causa,
429 1316 558 1362 quare
598 1317 765 1347 necesse
799 1305 872 1347 t'uit
910 1304 1033 1347 edere
1069 1303 1185 1360 plura
1219 1303 1423 1360 symbola,
1461 1316 1565 1359 quae
1601 1305 1637 1345 in
1674 1302 1783 1345 nullo

150 1375 356 1430 difl'erimt,
393 1376 468 1418 nisi
504 1375 611 1432 quod
650 1377 686 1417 in
724 1388 803 1417 uno
827 1374 987 1430 plenius
1020 1374 1283 1430 explicantur
1318 1386 1423 1431 quae
1459 1375 1495 1415 in
1540 1373 1618 1415 alio
1662 1374 1786 1415 conti-

151 1451 300 1490 nentur
335 1445 546 1502 implicite,
580 1446 809 1489 secundum
835 1446 943 1503 quod
970 1444 1164 1501 exigebat
1189 1444 1495 1487 haeretieorum
1533 1445 1719 1486 instantia
1746 1459 1784 1484 )).

269 1518 330 1560 Ad
369 1517 422 1560 ΞΜ
457 1521 566 1573 patet
600 1519 811 1573 responsio
844 1530 891 1560 ex
929 1517 1048 1559 dietis
1084 1519 1120 1558 in
1155 1530 1268 1572 corp.
1302 1519 1378 1558 art.

270 1588 332 1631 Ad
369 1588 423 1630 3¹¹¹
460 1588 699 1642 dicendum,
733 1588 842 1645 quod
884 1587 1066 1631 Ecclesia
1107 1600 1185 1630 non
1221 1588 1349 1642 exigit
1392 1586 1646 1642 praedictum
1683 1587 1787 1627 iura-

152 1663 350 1713 mentum,
390 1658 501 1702 velut
544 1658 738 1702 dubitans
781 1659 832 1702 de
871 1658 951 1702 tide
991 1659 1236 1714 profitentis,
1280 1670 1402 1714 quam
1451 1659 1562 1712 prius
1606 1657 1784 1698 liuinano

153 1730 273 1773 modo
308 1734 565 1786 perspectam
609 1729 746 1779 habet,
780 1729 849 1772 sed
899 1733 939 1772 ut
983 1728 1171 1771 ostendat
1215 1741 1293 1770 non
1331 1728 1520 1770 satislieri
1555 1726 1666 1769 cultu
1713 1724 1782 1767 Dei

151 1805 310 1843 tantum
346 1803 532 1853 externe,
567 1801 673 1843 sicut
706 1799 895 1843 colebant
932 1799 986 1841 illi
1021 1799 1071 1842 de
1105 1798 1256 1856 quibus
1299 1803 1356 1841 est
1396 1799 1618 1853 scriptum:
1671 1811 1689 1836 «
1717 1796 1786 1838 Ρο-

153 1871 274 1928 pulus
307 1870 373 1914 hic
408 1870 528 1914 labiis
563 1884 626 1913 me
662 1870 847 1925 honorat,
882 1884 953 1913 cor
996 1878 1132 1913 autem
1177 1882 1320 1912 eorum
1358 1868 1477 1922 longe
1520 1872 1577 1911 est
1614 1881 1633 1909 a
1671 1881 1733 1909 me
1760 1883 1778 1907 »

152 1941 290 1986 Mattb.
311 1940 397 1997 XV,
423 1942 477 1993 8.,
519 1946 556 1985 et
592 1944 759 1997 insuper
792 1940 844 1984 ob
879 1943 935 1984 rei
970 1942 1232 1997 gravitatem,
1266 1942 1361 1997 quia
1413 1958 1427 1976 «
1455 1939 1575 1981 homo
1602 1938 1713 1981 videt
1736 1950 1782 1981 ea

150 2025 258 2071 quae
293 2017 452 2069 parent,
486 2011 596 2056 Deus
629 2017 767 2056 autem
795 2014 976 2054 intuetur
999 2024 1070 2055 eor
1094 2027 1113 2051 2>
1153 2011 1189 2068 (1
1222 2010 1323 2066 Reg.
1351 2008 1451 2054 xvi.
1478 2008 1536 2065 7),
1561 2010 1686 2065 exigit
1723 2010 1784 2050 in-

152 2088 293 2127 ternae
318 2083 413 2126 tidei
440 2082 725 2140 probationem
752 2096 807 2127 sc.
835 2081 905 2126 Dei
930 2083 1225 2136 testimonium,
1250 2080 1478 2124 secundum
1525 2079 1649 2122 illud:
1690 2093 1709 2118 ‹<
1732 2078 1782 2121 ad

151 2155 511 2199 confirmationem
555 2158 615 2197 est
655 2152 996 2197 iuramentum».
1032 2151 1115 2195 Nec
1151 2151 1231 2195 ulla
1266 2152 1413 2194 iniuria
1449 2149 1583 2207 quoad
1620 2149 1695 2191 boe
1719 2148 1786 2191 de-

154 2225 354 2282 prehendi
391 2229 533 2282 potest,
570 2238 618 2268 eo
652 2224 760 2282 quod
803 2228 1015 2281 praeterea
1042 2223 1143 2266 haec
1167 2222 1342 2265 formula
1367 2220 1589 2265 adhibetur
1613 2233 1684 2276 pro
1718 2232 1784 2263 ea-

153 2296 366 2353 pessendis
388 2295 589 2353 gradibus
612 2300 651 2339 et
674 2296 832 2346 officiis,
852 2307 959 2353 quae
983 2293 1283 2350 accipientibus
1307 2293 1539 2336 necessaria
1565 2304 1643 2333 non
1668 2294 1784 2333 sunt:

155 2367 398 2423 dispensans
431 2380 530 2424 ergo
564 2379 625 2420 ea,
661 2368 748 2409 iure
782 2380 855 2409 suo
890 2368 1018 2409 utitur
1053 2367 1089 2407 in
1125 2362 1431 2408 conditionibus
1458 2361 1724 2418 apponendis.
