1950 3313
552 125 637 159 Ti'r.
666 125 813 160 XVIII.
844 147 856 152 -
882 127 938 162 De
962 128 1036 162 del.
1058 130 1101 162 in
1126 129 1211 163 coll.
1233 130 1315 163 ben.
1335 130 1423 163 eccl.

1734 130 1803 165 305

178 247 245 282 ficii
285 257 365 282 cum
406 244 518 291 priore
548 243 833 289 incompatibiiis,
864 245 958 290 prins

176 304 315 341 quoque
354 293 503 328 retinere
540 292 811 338 praesumpserit
837 297 957 327 contra

180 341 432 389 praescriptum
463 350 542 374 can.
573 336 653 379 156,
686 337 786 380 1439,
814 344 957 384 utroque

179 389 335 436 privatus
364 387 437 433 ipso
464 387 538 422 iure
563 385 716 421 exsistat.

227 436 312 472 CAN.
342 433 444 469 2397.
467 453 482 461 -
511 431 545 468 Si
574 432 653 478 quis
678 433 720 468 ad
748 432 954 477 dignitatem

176 482 434 519 cardinalitiam
476 485 664 527 promotus,
697 480 954 521 iusiurandum,

175 531 218 566 de
245 541 312 583 quo
338 529 374 564 in
394 539 472 564 can.
495 526 578 568 234,
598 527 755 562 emittere
781 538 958 563 recusave-

177 578 234 615 rit,
256 588 330 624 ipso
350 577 437 612 facto
455 574 677 611 cardinalitia
702 574 873 619 dignitate
893 575 957 620 pri-

177 631 279 660 vatus
306 628 469 671 perpetuo
495 626 646 658 maneat.

913 750 954 754 —
981 734 1102 764 contra
1128 730 1322 766 libertatem
1350 732 1423 766 eius

1077 245 1161 280 CAN.
1184 244 1275 281 2398
1312 268 1328 272 -
1350 246 1383 281 Si
1405 246 1482 292 quis
1508 247 1548 282 ad
1567 247 1802 293 episcopatum

1031 298 1217 338 promotus,
1236 299 1357 328 contra
1380 294 1629 340 praescriptum
1645 306 1720 329 can.
1737 294 1802 329 333

1030 340 1121 375 intra
1140 345 1207 376 tres
1227 352 1363 376 menses
1381 342 1675 376 consecrationem
1696 342 1804 376 susci-

1031 398 1108 432 pere
1137 388 1338 432 neglexerit,
1369 389 1500 424 fructus
1521 400 1588 423 non
1616 389 1695 423 lacit
1713 400 1804 428 suos,

1031 434 1180 470 fabricae
1206 436 1369 471 ecclesiae
1395 436 1603 471 cathedralis
1629 435 1806 481 applican-

1028 481 1109 517 dos:
1138 487 1170 516 et
1196 482 1222 516 si
1254 487 1367 528 postea
1395 483 1428 517 in
1456 483 1575 518 eadem
1594 483 1805 527 negligentia

1031 539 1088 574 per
1115 529 1256 564 totidem
1284 541 1421 565 menses
1450 531 1647 576 perstiterit,
1675 531 1804 576 episco-

1030 582 1111 621 patu
1140 576 1294 622 privatus
1323 577 1395 623 ipso
1425 578 1496 613 iure
1524 583 1652 618 manet,

1596 731 1683 767 Can.
1713 730 1803 766 2390

173 779 311 815 Titulus
326 777 430 813 XVlll
471 798 514 801 —
542 787 602 823 per
626 775 830 812 electionem
851 752 906 831 —l

176 826 222 862 De
240 825 375 862 delictis
394 825 429 860 in
904 835 956 851 ¹-
982 823 1132 859 scienter
1148 824 1272 860 factam
1292 825 1334 860 de
1354 826 1498 869 indigno
1518 826 1568 861 vel

196 873 380 910 collatione
411 894 454 899 -
934 881 1002 905 non
1034 876 1169 907 servata
1204 872 1426 908 substantiali
1462 874 1569 908 forma
1646 888 1659 905 υ
1714 872 1799 908 2391

769 986 810 992 -
838 977 898 1013 per
931 967 1117 1002 simoniam
1645 982 1658 999 υ
1713 966 1804 1002 2392

471 1036 513 1040 -
543 1014 680 1050 diversa
709 1034 744 1039 —

779 1082 807 1087 -
840 1062 998 1107 neglecta
1032 1061 1237 1097 auctoritate
1267 1061 1361 1096 illius
1393 1062 1435 1097 ad
1467 1073 1568 1108 quem

792 1110 939 1156 pertinet
1644 1124 1658 1141 »
1714 1108 1804 1144 2393

816 1226 858 1230 -
887 1216 946 1251 per
970 1205 1234 1252 occupationem
1266 1205 1317 1240 vel
1344 1209 1426 1240 ante
1454 1215 1570 1240 neces-

837 1253 948 1288 sarias
974 1253 1106 1288 litteras
1643 1266 1657 1284 »
1712 1250 1801 1286 2394

470 1368 514 1373 -
542 1346 725 1392 illegitima
757 1369 796 1373 —
816 1368 859 1372 —
888 1358 946 1393 per
964 1347 1238 1393 acceptationem
1261 1352 1293 1383 et
1318 1348 1567 1393 possessionem

840 1405 908 1430 non
939 1394 1137 1431 vacantium
1165 1395 1206 1431 de
1233 1395 1306 1431 iure
1646 1409 1660 1427 »
1714 1393 1805 1429 2395

818 1509 860 1514 -
888 1499 947 1535 per
978 1489 1208 1525 retentionem
1241 1489 1365 1536 prioris
1393 1489 1569 1535 incompa-

315 1584 322 1590 ἱ
839 1535 947 1571 tibilis
1643 1551 1656 1568 ι)
1712 1534 1802 1571 2396

172 1588 392 1630 susceptione
412 1605 454 1609 —

818 1651 859 1655 —
895 1630 1149 1674 cardinalitiae‚
1170 1631 1364 1667 recusando
1396 1631 1568 1666 iusiuran-

473 1721 516 1726 -
542 1699 724 1746 dignitatis
755 1722 797 1727 -
839 1678 923 1713 dum
950 1678 1107 1714 emittere
1644 1692 1657 1710 n
1712 1676 1802 1712 2397

820 1793 859 1798 -
886 1772 1105 1818 episcopalis,
1120 1772 1329 1818 negligendo
1343 1771 1570 1808 consecratio-

838 1830 918 1854 nem
945 1819 1119 1866 suscipere
1641 1832 1655 1850 »
1711 1815 1802 1852 2398

833 1935 884 1976 4—
911 1914 1069 1955 maiores,
1098 1925 1226 1949 munus
1252 1913 1315 1949 sibi
1340 1914 1564 1949 commissum

199 2011 204 2015 ι
249 2009 255 2015 .
299 1967 332 2015 et
833 1980 835 2001 ι
862 1961 1019 1997 deserere
1046 1967 1306 2008 praesumentes
1641 1975 1655 1992 ι)
1710 1958 1802 1995 2399

279 2021 294 2036 0
410 2029 453 2036 .-
689 2032 694 2037 .

170 2009 376 2045 ὡῐῃιωοῃθ
473 2052 513 2057 -
539 2043 598 2078 per
615 2032 756 2068 Clerwos
778 2005 880 2081 —i-
909 2056 943 2090 in
973 2067 1099 2091 manus
1126 2055 1291 2091 laicorum
1324 2056 1542 2100 resignantes
1641 2069 1656 2087 i>
1710 2052 1801 2089 :2400

197 2174 410 2228 digpitatum
832 2078 1131 2234 iTiOpJeristentes
1165 2150 1200 2184 in
1236 2150 1415 2195 illegitima
1451 2149 1568 2185 deten-
1641 2211 1654 2229 »
1710 2194 1795 2231 '240¹

180 2222 372 2275 officiorum
399 2227 432 2258 et

181 2268 431 2353 ὸξὲοἳξέἓζῐῖἷῃ
472 2314 515 2318 -
544 2303 602 2339 per
629 2292 799 2328 Abbatem
831 2292 882 2328 vel
912 2292 1107 2328 l'raelatum
1134 2292 1266 2328 nullius
1302 2303 1372 2328 non
1401 2292 1565 2338 recipien-

221 2366 371 2400 corum¹
413 2386 451 2390 -
494 2340 538 2376 do
564 2340 842 2376 benedictionem
1640 2353 1654 2370 »
1710 2336 1800 2372 2402

473 2456 516 2461 ——
543 2435 777 2481 negligentiae
803 2435 837 2470 in
869 2434 948 2470 fidei
979 2435 1190 2481 professione
1216 2435 1405 2470 emittenda

1640 2449 1653 2465 υ
1709 2431 1797 2467 2403

294 2576 391 2620 233.
413 2580 669 2635 inscriptio
686 2580 827 2625 tituli.
842 2604 893 2608 —
914 2577 1071 2621 Deinde
1095 2577 1413 2634 perpendendus
1431 2574 1797 2619 estTitulusXVlll

173 2650 231 2692 sic
267 2650 509 2705 inscriptus:
548 2648 605 2692 De
637 2648 804 2692 delictis
840 2650 1072 2693 commissis
1104 2648 1147 2690 in
1181 2647 1407 2691 collatione
1439 2661 1487 2691 ex
1525 2652 1638 2703 parte
1670 2648 1796 2701 Supe-

174 2721 296 2764 rioris
328 2719 596 2764 ecclesiastici
630 2720 891 2778 aliorumque
916 2721 1296 2773 intervenientium,
1321 2718 1581 2776 susceptione
1608 2731 1656 2761 ex
1685 2721 1796 2773 parte

297 2872 308 2893 ¹
336 2871 433 2905 Vide
462 2883 632 2906 canones
658 2872 699 2906 in
725 2883 839 2918 pagg.
868 2873 949 2915 304,
974 2874 1055 2908 312.

259 2949 355 2978 BnA'r
377 2964 396 2971 —
422 2949 544 2978 Corma.
574 2951 658 2978 Text.
683 2950 758 2979 Cod.
783 2951 854 2979 Iur.
881 2951 963 2979 Can.

1676 2948 1715 2976 20
