1950 3313
197 165 240 199 18
668 163 752 197 Lm.
781 163 827 197 V.
857 184 866 187 -
892 163 1003 197 PARS
1027 163 1060 197 Ι.
1087 183 1101 189 -
1125 163 1182 198 De
1206 165 1357 200 delictis
1501 165 1588 200 Can.
1615 165 1823 201 2201-2202

197 286 298 327 tarie
319 283 526 326 inebrians
547 284 680 338 posuit
697 282 872 325 eandem
894 284 1075 326 fortassis
1095 288 1310 335 remotam,
1330 289 1503 341 excepto
1522 297 1619 328 casu
1633 288 1822 342 sequenti

196 354 334 397 dolum
362 356 623 396 continente:
659 352 698 409 c)
723 352 809 395 uisi
834 358 971 395 {auten
994 352 1175 396 ebrietas
1197 367 1319 411 supra
1345 355 1511 398 definita
1537 355 1728 413 apposite
1750 369 1822 399 seu

195 437 244 467 ex
285 439 305 464 ((
329 423 553 466 deliberata
591 422 800 466 voluntate
837 423 1017 467 violandi
1051 423 1228 480 legem»
1269 424 1377 482 (can.
1412 426 1663 481 2200,§1i,
1688 425 1823 470 idest:

196 494 251 537 acl
281 493 478 536 delictum
511 494 559 536 ad
596 506 784 537 normam
818 507 908 538 ean.
945 494 1057 538 2195
1088 495 1363 552 patrandum,
1397 509 1417 539 a
1452 510 1533 554 quo
1563 497 1697 540 forsan
1723 497 1827 541 alias

196 565 487 616 retraheretur,
523 564 586 606 vel
617 564 902 608 eoecusaudum
935 579 1074 609 coram
1110 566 1346 610 hominibus
1384 568 1578 625 quaesita
1609 568 1678 621 sit,
1715 570 1820 611 dire-

196 641 258 679 cte
292 635 401 677 illam
437 634 680 678 ebrietatem
726 636 945 679 intendens
988 650 1167 694 quoque,
1215 638 1277 680 vel
1319 638 1519 682 indirecte
1554 643 1721 695 propter
1753 652 1821 696 ge-

198 706 369 749 rendum
404 704 494 748 aliis
528 719 699 748 morem.
733 707 929 763 Sequitur
961 707 1143 749 secunda
1178 706 1215 761 §¹
1243 720 1361 763 pars:
1396 707 1556 751 violata
1574 713 1711 751 autem
1736 708 1827 766 leqe

198 776 355 832 poenali
391 790 438 819 ex
476 779 741 833 inscriptione
771 781 808 819 et
842 782 1035 820 contextu
1061 777 1104 820 iu
1129 777 1330 821 ebrietate
1352 778 1655 840 involuntaria,
1680 793 1751 823 seu
1777 782 1815 822 in

196 847 430 890 huiusmodi
463 851 568 890 statu
604 847 860 903 inculpabili,
895 847 936 904 a)
960 847 1271 905 iuzpulubilitas
1303 849 1470 892 eoesulat
1501 850 1684 901 omniuo,
1727 853 1823 908 quia

195 916 384 961 dolus'et
416 918 549 974 culpa,
586 931 607 961 a
640 917 791 975 quibus
824 918 891 961 illa
928 919 1090 975 pendet,
1124 918 1287 975 absunt,
1321 920 1359 962 si
1391 919 1571 963 ebrietas
1613 922 1823 977 praedicta

196 1002 315 1031 usum
346 988 530 1031 rationis
564 987 726 1031 adimat
759 1002 810 1030 em
851 994 946 1043 tolo,
983 994 1080 1032 tunc
1123 980 1232 1032 enim
1279 991 1470 1034 recidunt
1511 991 1550 1034 bi
1585 991 1661 1035 sub
1693 991 1735 1045 ἕο
1771 992 1823 1037 1’;

194 1059 403 1102 minuitur
441 1058 828 1114 «imputabilitas»
868 1064 1035 1116 propter
1078 1062 1323 1103 existentem
1370 1061 1478 1104 illius
1521 1061 1702 1119 aliquam
1749 1065 1829 1105 ori—

195 1133 332 1187 ginem
367 1130 416 1173 ad
451 1143 639 1173 normam
682 1142 772 1173 can.
809 1130 936 1180 2199,
970 1130 1007 1173 si
1029 1145 1080 1173 ew
1099 1136 1225 1188 parte
1269 1136 1431 1174 lautum
1470 1146 1612 1175 «usus
1657 1135 1826 1176 rationis

195 1201 403 1244 adimatur
424 1215 464 1244 ».
499 1198 708 1252 Quantum
748 1213 845 1243 vero
879 1202 1037 1243 ratione
1062 1200 1193 1257 potest
1226 1201 1473 1256 deliberare,
1499 1207 1655 1245 tantum
1676 1204 1753 1245 erit
1787 1204 1824 1245 ei

196 1268 393 1314 delictum
434 1270 692 1314 «moraliter
725 1270 1012 1327 imputabile»
1046 1274 1155 1324 (can.
1192 1271 1337 1329 2195).

313 1341 379 1384 Sic
411 1341 580 1397 explicit
612 1341 639 1399 ξ
673 1341 725 1384 3;
766 1340 933 1394 «Idem,
967 1354 1014 1385 ac
1048 1342 1203 1386 dictum
1238 1348 1297 1386 est
1332 1348 1418 1386 tum
1450 1343 1501 1386 de
1534 1343 1734 1386 ebrietate
1757 1357 1827 1388 vo·

198 1413 388 1467 luntaria,
423 1414 500 1455 nisi
534 1417 671 1456 tamen
706 1415 891 1468 apposite
916 1412 980 1470 (ut
1020 1413 1092 1470 ibi)
1115 1415 1301 1471 quaesita
1340 1416 1447 1469 sit»,
1483 1418 1568 1457 tum
1608 1414 1703 1457 «de
1740 1416 1824 1457 vio-

198 1484 274 1527 lata
311 1483 399 1539 lege
420 1485 459 1526 in
495 1482 696 1527 ebrietate
730 1483 1074 1538 involuntaria»,
1106 1484 1183 1528 sub
1226 1484 1489 1528 distinctione
1527 1487 1603 1527 «si
1647 1484 1829 1528 ebrietas

198 1568 315 1598 usum
351 1556 520 1597 rationis
552 1555 709 1597 adimat
742 1567 793 1597 ex
828 1559 926 1609 toto,
963 1555 1026 1598 vel
1062 1568 1111 1598 ex
1137 1560 1252 1611 parte
1277 1559 1435 1598 tantum
1460 1571 1499 1605 »,
1532 1554 1703 1598 dicotur
1725 1568 1827 1612 quo·

197 1627 367 1683 que'uti
403 1627 490 1668 iure
524 1627 792 1668 constitutum
827 1624 877 1667 de
909 1625 1010 1668 aliis
1042 1625 1264 1679 similibus,
1300 1640 1337 1667 v.
1358 1640 1419 1681 gr.
1454 1627 1505 1669 de
1528 1626 1826 1669 somnambuli-

196 1710 297 1751 smo,
334 1698 607 1753 magnetismo
641 1698 819 1752 passivo,
856 1696 1132 1753 hypnotismo,
1170 1699 1318 1740 mentis
1361 1697 1608 1740 alienatione
1642 1710 1691 1740 ex
1727 1696 1830 1740 deli-

197 1770 307 1824 quio,
341 1772 460 1810 acuta
495 1768 772 1822 nevrastenia,
808 1772 846 1809 et
879 1766 970 1809 aliis
1002 1767 1152 1809 incutis
1182 1766 1572 1824 perturbationibus
1604 1767 1739 1824 quoad
1767 1778 1829 1808 ra-

199 1840 319 1881 tionis
351 1837 591 1893 expeditum
627 1839 875 1880 exercitium
909 1837 958 1880 ad
993 1837 1264 1880 deliberatam
1303 1837 1570 1880 voluntatem.

316 1905 501 1965 Denique
533 1909 557 1961 g
590 1910 619 1949 4
653 1909 821 1950 statuit:
870 1907 1076 1950 Debilitas
1119 1907 1285 1962 meritis)
1329 1910 1419 1950 sive
1463 1921 1512 1950 ex
1548 1906 1827 1962 impubertate

199 1981 447 2035 proveniens
479 1983 547 2021 aut
582 1980 768 2035 corporis
800 1978 1104 2034 complexione,
1123 1980 1212 2021 sive
1236 1991 1284 2021 ex
1311 1977 1576 2021 facultatibus
1604 1978 1829 2028 sensitivl's,

198 2052 287 2093 sive
335 2049 386 2092 ob
429 2049 620 2092 eumdem
670 2048 875 2092 facultatis
923 2049 1201 2092 intellectivae
1250 2049 1440 2104 gradum,
1493 2052 1661 2104 propter
1702 2059 1826 2103 quam

199 2119 326 2163 adulti
362 2132 525 2176 quoque
558 2121 690 2174 magis
725 2118 788 2161 vel
825 2122 961 2161 minus
1006 2122 1143 2174 pueris
1186 2118 1466 2161 assimilantur
1506 2119 1674 2160 rationis
1706 2129 1825 2160 usum

199 2188 458 2242 habentibus,
491 2187 635 2231 delicti
667 2187 1038 2245 impulabilitatem
1071 2189 1289 2231 evidenter
1319 2187 1472 2230 minuit
1520 2187 1572 2230 ob
1619 2186 1824 2230 delibera-

183 2259 264 2303 tae
301 2259 522 2302 voluntatis
555 2258 849 2312 deficientiam,
882 2257 954 2301 sed
984 2272 1067 2301 uou
1101 2258 1213 2302 tollit
1246 2258 1426 2313 omuino,
1461 2262 1663 2314 quatenus
1697 2271 1828 2311 mens,

202 2336 243 2374 ut
276 2332 538 2386 supponitur,
572 2330 826 2372 sufficienter
858 2328 1091 2372 deliberare
1127 2333 1273 2385 potest.

323 2401 387 2443 15.
424 2402 495 2446 De
526 2401 839 2456 ignorantiae
871 2401 1058 2445 influxu
1092 2402 1259 2457 quoad
1292 2401 1738 2456 imputabilitatem.
1773 2424 1826 2428 ——

202 2471 484 2514 Rememorari
533 2472 728 2512 convenit
777 2467 963 2513 notiones
1011 2470 1126 2513 (latas
1161 2472 1198 2512 in
1233 2469 1538 2513 Commentario
1581 2468 1733 2512 Textus
1775 2468 1826 2511 acl

203 2554 291 2584 can.
330 2540 397 2583 16.
433 2540 505 2583 His
538 2542 862 2596 praesuppositis
895 2539 1053 2583 facilior
1086 2540 1227 2583 evadit
1260 2553 1351 2582 cau.
1384 2540 1523 2583 2203.
1559 2541 1583 2593 ἓ
1616 2542 1651 2582 1.
1692 2538 1828 2582 Viola-

205 2612 274 2662 tio‚
307 2625 378 2654 seu
421 2606 537 2653 actus
582 2610 699 2663 liber,
744 2619 826 2667 quo
870 2610 1173 2666 transgreditur
1218 2611 1516 2666 praescriptum
1551 2614 1621 2653 aut
1655 2612 1826 2652 vetitum

204 2682 307 2739 leyis
326 2682 507 2737 poenalis
541 2694 589 2723 ex
624 2685 835 2733 contextu,
868 2680 917 2723 ad
952 2693 1075 2737 quam
1112 2679 1283 2736 proinde
1308 2679 1441 2723 tidelis
1463 2681 1709 2736 supponitur
1731 2677 1830 2722 obti-

204 2757 336 2808 gatuS,
370 2756 409 2795 et
442 2764 563 2807 quam
599 2753 704 2794 scire
740 2756 915 2805 tenetur,
950 2751 1249 2807 propterquod
1275 2750 1567 2806 subiungitur:
1607 2750 1830 2806 iquoratue

198 2825 383 2878 proprie,
418 2835 510 2864 cum
546 2824 786 2878 ceteroquin
822 2823 1104 2878 unusquisque
1139 2825 1274 2876 posset
1307 2833 1396 2863 eam
1437 2833 1688 2876 cognoscere
1711 2818 1828 2861 facile

207 2907 255 2936 ex
292 2893 366 2936 lioc
410 2891 531 2935 Libro
569 2891 610 2945 V,
651 2891 710 2934 vel
747 2891 938 2934 adeundo
971 2891 1119 2934 Christi
1167 2893 1403 2946 ministros,
1437 2895 1616 2933 attamen
1652 2888 1830 2931 nullate-
