1950 3313
104 173 193 210 Can.
223 174 316 208 2312
497 175 581 210 Tyr.
612 176 661 210 X.
691 197 702 202 -
730 179 784 212 Dc
811 182 991 215 remediis
1013 184 1242 226 poenalibus
1269 188 1333 217 vir.
1662 187 1724 219 19:13

813 378 957 414 CAPL'T
984 380 1021 415 ll.

742 456 794 490 De
821 457 1080 499 poenitentiis.

150 551 234 589 CAN.
264 552 368 588 2312.
400 574 416 578 -
445 557 463 595 ξ
493 553 524 587 l.
568 553 803 590 poenitentiae
842 556 876 590 in
998 557 1081 592 cix.
1104 558 1202 594 ⁶2:313.
1232 579 1252 585 -
1278 564 1296 603 ,ξ
1327 560 1353 594 1.
1382 560 1586 607 Praecipuae
1607 564 1721 607 poeni—

102 602 173 636 t'oro
198 605 340 636 externo
359 600 590 652 imponuntur
617 606 651 635 ut
671 601 880 648 delinquens
953 605 1080 639 tentiae
1106 611 1185 640 sunt
1214 612 1415 653 praccepta:

102 648 153 684 vel
189 658 337 694 poenam
372 648 527 691 effugiat,
556 648 607 683 vel
637 659 765 694 poenae
799 661 878 685 con-
1052 652 1083 685 l0
1103 652 1277 687 ltecitamli
1305 655 1550 690 determinatas
1583 666 1720 701 preces;

100 700 230 731 tractae
266 695 521 731 absolutionem
560 700 619 730 aut
655 696 879 742 dispensatio*
1046 699 1083 732 ⁶2⁰
1103 699 1286 744 Peragendi
1324 702 1414 746 piam
1447 703 1599 747 aliquam
1630 713 1720 748 pere-

101 754 182 778 nem
208 742 365 788 recipiat.
952 745 1182 788 grinationem
1216 747 1265 781 vcl
1296 748 1363 783 alia
1392 749 1524 793 pietatis
1553 761 1673 794 opera;

148 793 167 832 ξ
190 789 224 824 ·2.
253 787 308 826 Ob
335 789 498 825 delictum
535 795 595 825 aut
629 791 878 833 transgressio·
1047 792 1084 826 30
1110 792 1276 829 Servaudi
1320 796 1488 840 peculiare
1528 796 1716 841 ieiunium3

100 848 181 873 nem
227 837 397 872 occultam
441 848 625 883 nunquam
666 838 880 884 poenitentia
1048 838 1084 874 4⁰
1110 840 1279 886 Erogandi
1305 842 1540 889 eleemosynas
1580 843 1613 877 in
1648 843 1721 889 pios

103 884 244 931 publica
269 884 482 931 imponatur.
954 898 1054 927 usus;

147 936 166 975 ξ
193 930 226 966 3.
262 931 499 968 Poenitentiae
537 943 608 966 non
647 937 717 968 tam
757 943 879 967 secun·
1047 933 1280 979 5⁰l'eragendi
1299 936 1457 971 exercitia
1473 937 1662 982 spiritualia
1685 937 1717 971 in

100 979 184 1014 dum
211 979 444 1025 quantitatem
471 979 600 1015 delicti.
633 991 738 1025 quam
757 991 879 1015 secun·
956 980 1009 1025 pia
1028 986 1087 1016 aut
1106 982 1265 1026 religiosa
1290 983 1390 1017 domo
1411 994 1468 1028 per
1486 984 1613 1029 aliquot
1633 984 1716 1019 dics.

99 1027 182 1062 dum
220 1027 429 1073 poenitentis
476 1027 721 1063 contritionem
770 1028 881 1063 mode·
1000 1031 1018 1073 ,ξ
1045 1029 1077 1063 2.
1101 1029 1333 1064 Poenitentias
1352 1030 1559 1064 ()rdinarius
1587 1042 1644 1076 pro
1659 1043 1719 1065 sua

99 1075 231 1110 randae
264 1078 359 1116 sunt,
379 1075 533 1120 pensatis
559 1074 790 1120 qualitatibus
810 1086 881 1121 per·
955 1075 1137 1121 prudentia
1152 1077 1277 1112 addere
1297 1081 1403 1122 potest
1425 1078 1555 1122 poenali
1572 1078 1720 1113 remedio

98 1132 266 1157 sonarum
296 1126 329 1157 et
358 1121 563 1157 delictorum
594 1122 782 1157 adiunctis.
955 1123 1155 1158 monitionis
1181 1128 1213 1159 et
1239 1124 1476 1169 correptionis.

220 1216 315 1259 146.
348 1220 604 1275 Inscriptio
628 1219 804 1275 capitis
827 1220 1066 1275 huiusque
1104 1232 1332 1264 canones.
1358 1218 1484 1261 l'artis
1515 1219 1719 1269 secundae

101 1287 292 1330 ultimum
332 1286 468 1345 Caput
500 1287 546 1331 II
576 1287 814 1332 inscribitur
851 1287 908 1331 De
937 1288 1222 1346 poenitentiis,
1257 1302 1362 1345 quae
1396 1288 1447 1332 ab
1480 1291 1646 1346 antiquo
1681 1292 1717 1331 in

99 1357 284 1401 Ecclesia
318 1357 541 1413 adhibitae,
568 1361 649 1401 imo
684 1361 827 1415 primis
851 1357 1106 1414 temporibus
1139 1371 1185 1401 ac
1211 1360 1247 1400 in
1284 1360 1371 1401 iure
1404 1360 1623 1414 antiquiori
1648 1360 1721 1401 l're-

97 1432 335 1486 quentatae‚
370 1431 546 1473 innuunt
569 1443 618 1473 ex
655 1429 771 1473 verbi
794 1430 1097 1486 significatione
1122 1441 1285 1485 poenas.
1317 1428 1467 1486 quibus
1492 1428 1719 1471 voluntarie

97 1498 392 1554 subiiciuntur,
426 1502 496 1557 qui
529 1500 580 1543 de
615 1503 794 1556 peccatis
826 1513 897 1543 seu
932 1500 1092 1543 delicus
1126 1501 1382 1556 resipiscunt.
1412 1498 1560 1542 Earum
1597 1500 1716 1541 tinem

98 1570 407 1614 distinctionem
431 1583 479 1614 ac
502 1573 808 1627 impositionem
835 1571 1073 1614 moderatur
1096 1583 1184 1614 can.
1221 1570 1354 1618 ¹231&
1389 1582 1588 1627 quaenam
1624 1582 1718 1612 vero

98 1640 167 1684 illo
199 1643 367 1684 nomine
404 1643 569 1685 veniant
603 1643 727 1686 edicit
761 1655 850 1686 can.
887 1641 1014 1685 2313.

221 1712 317 1757 147.
353 1714 697 1760 Poenitentiae
719 1728 914 1774 scopus,
937 1715 1114 1759 divisio
1138 1717 1186 1759 et
1218 1714 1476 1769 impositio.
1501 1710 1600 1754 Cum
1628 1724 1719 1766 pars

95 1788 404 1826 sacramentum
424 1786 701 1840 poenitentiae
721 1787 932 1841 integrans
957 1789 1128 1827 vocetur
1145 1796 1309 1840 quoque
1335 1784 1595 1838 poenitentia,
1614 1794 1718 1838 quae

97 1858 267 1909 propter
286 1859 453 1910 peccata
475 1857 757 1911 imponuntur,
792 1859 903 1898 recte
936 1857 994 1898 sic
1014 1857 1157 1911 incipit
1189 1868 1277 1896 ccm.
1304 1854 1434 1896 9319.
1467 1852 1495 1909 ς’
1514 1855 1546 1895 1.
1576 1850 1716 1894 Poeni-

99 1924 256 1967 tentiae
286 1937 411 1981 supra
444 1925 679 1969 declaratae
715 1925 754 1967 in
787 1924 882 1983 soro
905 1930 1078 1968 eoeterno
1102 1924 1151 1967 ad
1186 1936 1275 1968 can.
1306 1924 1382 1965 196
1417 1922 1624 1965 declarato
1650 1921 1717 1963 im-

91 1995 270 2053 ponitur
303 1995 380 2039 hoc
414 1996 581 2039 diverso
617 1998 719 2039 tine:
756 2001 800 2039 ut
831 1995 1092 2053 delinquens,
1127 1994 1206 2038 tale
1246 2007 1422 2050 natuque
1457 1997 1515 2035 est
1560 1993 1716 2048 praefa-

95 2071 230 2110 tarum
264 2066 514 2121 subiectum,
551 2080 630 2110 non
665 2067 839 2124 simplex
876 2071 1083 2123 peccator,
1116 2066 1154 2121 a)
1188 2065 1250 2107 ¹rel
1280 2078 1452 2122 poenam
1503 2075 1625 2120 quam
1661 2065 1718 2103 in-

93 2139 225 2181 currit
257 2136 445 2195 efficyiat,
480 2137 544 2181 vel
582 2151 744 2196 poenae
785 2142 1040 2199 contractae,
1074 2150 1145 2180 seu
1181 2148 1303 2193 quam
1349 2136 1543 2177 intlictam
1576 2146 1713 2176 secum

95 2209 186 2262 fert,
223 2207 265 2266 b)
300 2207 616 2261 absolutionem,
656 2224 676 2250 ((
699 2211 730 2252 si
755 2212 903 2265 agatur
935 2207 987 2251 de
1010 2219 1246 2259 censura»,
1281 2210 1354 2248 aa!
1386 2202 1717 2261 c)dispen·s·alio-

92 2292 198 2328 nem,
238 2281 308 2322 «si
345 2280 396 2323 de
430 2291 562 2336 poena
597 2279 854 2323 vindicativa
877 2294 898 2319 »
937 2278 1045 2336 (can.
1083 2277 1193 2321 2236
1226 2277 1254 2334 g
1290 2275 1345 2332 1),
1379 2274 1568 2332 recipiat.

211 2350 458 2394 Successiva
492 2350 728 2394 huiusmodi
764 2349 954 2407 exempla
1000 2349 1116 2392 nobis
1149 2348 1322 2390 olierunt
1368 2345 1612 2388 Deci-etates.
1648 2345 1712 2385 Ait

91 2423 203 2464 enim
235 2419 359 2478 Greg.
395 2421 449 2465 lx
484 2424 523 2465 in
557 2434 646 2478 cap.
684 2421 735 2464 17
776 2436 795 2462 c(
820 2421 871 2464 de
904 2419 1160 2477 temporibus
1192 2418 1540 2461 ordinationum»
1576 2414 1657 2458 Lib.
1687 2414 1713 2460 Ι,

93 2491 152 2535 Χ;
182 2491 550 2548 «Respondemus,
573 2493 682 2550 quod
707 2494 739 2535 si
765 2494 971 2549 proposita
997 2492 1184 2542 crimina,
1207 2489 1350 2531 ordino
1371 2487 1584 2529 iudiciario
1603 2499 1713 2528 com-

94 2561 280 2619 probata,
307 2562 369 2606 vel
404 2563 506 2607 alias
528 2565 688 2606 notoria
723 2576 801 2606 non
838 2563 1002 2618 fuerint,
1036 2574 1113 2603 non
1149 2559 1299 2602 debent
1334 2557 1372 2600 bi
1415 2560 1592 2613 (praeter
1625 2569 1713 2597 reos

92 2631 446 2689 homicidii),post
479 2635 774 2690 poeniteutiam
811 2635 848 2675 in
885 2635 963 2675 iam
1003 2631 1204 2685 susceptis
1240 2628 1301 2670 vel
1345 2625 1616 2682 suscipiendis
1648 2639 1710 2666 or-

91 2703 258 2748 dinibus
292 2703 511 2760 impediri:
544 2707 613 2762 qui
647 2707 678 2747 si
715 2717 793 2746 non
819 2704 1109 2760 poenituerint,
1133 2699 1324 2742 monendi
1349 2702 1453 2739 suut.
1489 2701 1524 2737 et
1558 2694 1632 2737 snb
1658 2697 1711 2736 in-

90 2777 383 2819 terminatione
406 2775 539 2819 divini
562 2775 703 2820 iudicii
729 2773 976 2827 obtestandi,
1001 2777 1038 2815 ut
1067 2774 1102 2813 in
1130 2770 1404 2813 testiinonium
1426 2780 1522 2808 suae
1546 2765 1709 2807 ‹lanina-

90 2847 225 2900 tionis,
246 2846 285 2888 in
298 2847 501 2902 susceptis
519 2848 641 2889 etiam
663 2843 878 2888 ordinibus
898 2856 975 2885 non
997 2843 1226 2884 ministrent
1248 2855 1284 2881 ».
1307 2838 1401 2879 ltcin
1420 2835 1603 2879 [rbanns
1626 2833 1704 2875 llll

90 2916 130 2958 in
163 2928 256 2972 cap.
290 2915 314 2959 ⁶2
353 2916 449 2959 «de
481 2916 633 2960 clerico
676 2928 755 2958 non
800 2914 987 2957 ordinato
1033 2913 1332 2953 ministrante»
1372 2906 1454 2949 Lib.
1493 2903 1535 2956 Υ,
1571 2903 1600 2946 Χ
1651 2918 1707 2945 re-

173 3005 270 3034 BLAT
291 3021 310 3027 —
336 3005 459 3034 Comm.
487 3006 571 3034 Text.
598 3005 672 3033 Ood.
699 3004 770 3032 [ur.
796 3004 877 3031 Can.
1588 2994 1622 3020 ¹3³*
