1950 3313
84 165 174 202 Can.
198 163 294 200 2209
470 163 553 197 Tl'r.
581 163 630 197 ΙΙ.
660 183 667 187 -
698 163 753 196 De
782 165 1085 208 immutabilitate
1110 165 1238 199 delicti
1265 167 1331 198 etc.
1667 166 1713 199 35

85 286 211 336 cium,
243 284 409 326 attentis
443 281 625 324 influxus
658 281 739 324 dati
776 283 994 327 adium-tis.
1031 284 1280 326 retractatio
1303 286 1410 326 serio
1435 285 1537 326 sacta
1565 284 1712 326 utinm!

85 355 138 398 ob
172 355 441 397 mutationem
481 352 718 402 voluntatis„
752 352 824 393 sed
859 368 934 394 mm
971 355 1112 411 anser!
1147 353 1495 411 ealpabi'lilalem,
1518 368 1563 397 ea
1602 368 1714 397 men-

85 438 180 470 sura
214 437 294 482 qua
329 424 457 466 detuit
493 425 777 479 unusquisque
813 426 849 465 in
887 428 1188 466 retractatione.

206 494 263 538 De
297 507 377 537 non
413 493 664 549 impediente
698 493 893 535 delictum
936 497 1017 549 agit
1053 502 1075 544 ᾗ
1107 500 1148 535 (i.
1191 510 1272 537 rem
1320 496 1493 538 iuridice
1541 509 1712 551 perpen—

87 567 207 619 dens,
237 565 438 623 quidquid
475 567 527 607 sit
560 564 610 607 de
644 563 763 619 eulpa
802 564 959 617 morali,
1005 578 1125 621 quam
1173 569 1264 622 quis
1296 566 1347 609 ob
1396 568 1579 608 raritatis
1632 568 1713 607 rio-

88 637 283 681 lationem
320 638 535 679 incurrere
587 639 732 690 potest,
782 635 946 691 quando
997 636 1243 690 praexidens
1293 636 1600 691 possibilitatem
1639 650 1714 678 non

89 708 261 765 impedit
296 707 472 763 proximi
509 709 741 762 peccatum,
775 706 848 747 etsi
884 704 959 747 hoe
994 710 1135 747 eontra
1163 706 1293 760 legem
1329 710 1376 748 sit
1413 707 1638 761 poenalem.

207 779 263 822 En
297 783 434 822 textus
468 774 738 834 paragraphi:
778 774 861 827 Qui
894 775 934 817 in
970 774 1180 825 delictum,
1216 782 1333 832 prout
1371 794 1391 814 «
1412 779 1497 818 iure
1521 777 1708 819 ecelesia—

88 853 192 895 stico
225 848 470 905 intelligitur
493 863 513 889 »
565 848 730 903 proprie
774 845 882 902 (ran.
920 846 1046 897 atim,
1080 852 1103 899 ᾗ
1142 846 1194 902 l),
1240 847 1463 890 concurris.
1501 848 1536 889 id
1580 852 1636 889 est
1671 848 1713 889 tit

91 923 297 979 particeps
328 919 490 975 culpae,
524 917 623 960 nihil
657 916 851 974 equidem
886 917 1110 973 operando,
1144 931 1213 960 seu
1249 931 1366 959 setam
1402 917 1622 959 (launna-al
1652 918 1709 973 of-

88 991 242 1049 ficium,
268 1003 441 1046 nempe:
477 1002 627 1032 munus
649 986 863 1044 quodlIbet
886 1000 907 1030 a
936 1001 980 1030 se
1003 992 1239 1043 susceptum
1267 987 1510 1043 tieqli'sseiiilae1
1537 991 1712 1043 proprie,

89 1061 422 1121 imputabilitate
463 1060 648 1103 eiusdem
689 1057 912 1101 «delicti»
957 1061 993 1100 in
1034 1071 1124 1102 ean.
1161 1058 1270 1100 2199
1306 1058 1510 1101 declarata
1553 1064 1714 1099 leuetur

86 1132 415 1192 proportionata
435 1133 546 1174 iuxta
572 1129 816 1186 prudentem
844 1128 992 1171 iudicis
1010 1134 1076 1171 aut
1096 1130 1325 1184 Superioris
1343 1128 1710 1171 considerationem

91 1202 342 1261 obliyalioni
374 1215 455 1259 qua
489 1214 538 1244 ex
574 1200 710 1243 officio
743 1199 889 1242 eodem
915 1197 1165 1255 udz'yebalur
1196 1197 1251 1241 acl
1283 1197 1477 1240 delicium
1515 1198 1611 1240 illud
1637 1201 1716 1240 sin-

92 1275 237 1332 gulare
269 1286 344 1316 selo
377 1271 508 1330 officio
542 1273 726 1315 exercito
760 1268 1082 1328 impediendum.

211 1346 392 1389 Conreos
437 1356 603 1399 semper
649 1342 904 1385 accessorios
954 1341 1119 1395 respicit
1170 1344 1400 1395 postremus
1430 1337 1457 1391 ξ
1491 1341 1530 1382 7.
1570 1337 1719 1381 Delicti

95 1415 316 1460 cuiuslibet
348 1415 398 1458 ad
434 1426 624 1457 normam
657 1425 748 1455 can.
788 1411 901 1455 2195
941 1413 1021 1454 iam
1045 1409 1085 1467 a)
1107 1410 1274 1468 patruli
1306 1409 1498 1452 (amiatio
1531 1409 1718 1464 simplex.

98 1487 161 1531 vel
195 1500 216 1530 a
252 1488 407 1530 fortiori
443 1483 681 1528 ratihabitio
719 1499 741 1524 «
765 1485 803 1525 in
840 1483 958 1526 sactis
980 1483 1227 1532 criminosis,
1252 1494 1356 1536 quae
1391 1482 1554 1522 nomine
1587 1479 1720 1522 alieno

97 1560 237 1616 peragi
289 1562 470 1614 possunt‚
520 1557 673 1613 quippe
723 1554 910 1597 mandari
963 1557 1131 1610 possunt
1163 1557 1201 1595 et
1237 1553 1376 1608 pertici
1422 1553 1459 1593 in
1505 1550 1718 1594 utilitatem

96 1629 346 1684 mandantis,
397 1627 522 1671 veluti
572 1626 865 1679 homicidium,
900 1624 1152 1674 incendium,
1186 1622 1414 1666 alienarum
1463 1635 1597 1664 rerum
1633 1620 1722 1664 sub-

97 1703 363 1757 reptiones‚...
396 1698 625 1742 dummodo
664 1702 801 1740 tamen
843 1700 976 1739 ratum
1003 1694 1158 1738 babens
1181 1693 1391 1747 delictum,
1428 1692 1525 1735 illud
1577 1691 1718 1734 saltem

98 1771 335 1815 laudaverit
367 1772 482 1813 iuxta
514 1782 731 1822 canonem,
777 1767 841 1811 vel
889 1765 1074 1823 insuper)
1120 1765 1357 1822 probaverit
1397 1768 1533 1820 utpote
1569 1766 1717 1805 tactum

99 1842 266 1884 nomine
298 1853 386 1894 suo,
412 1855 431 1880 ›)
470 1839 665 1896 quamvis
688 1838 737 1882 ad
767 1850 909 1880 veram
935 1835 1266 1880 ratihabitionem
1294 1836 1517 1891 requiritur
1542 1835 1720 1888 insuper.

99 1915 142 1954 ut
179 1910 421 1954 «delictum
456 1914 698 1966 perpetrare
732 1911 928 1966 potuisset
952 1921 999 1950 eo
1023 1912 1307 1962 temporeque
1340 1905 1563 1947 admissum
1591 1905 1662 1945 fuit
1683 1920 1720 1943 ».

98 1987 141 2026 ut
173 1984 275 2026 scite
307 1981 606 2025 animadvertit
637 1980 686 2024 cl.
731 1979 853 2024 Card.
891 1979 995 2035 Lega
1022 1980 1048 2028 ¹,
1085 1977 1359 2035 b)s1·uetazmi
1384 1989 1433 2018 ex
1457 1974 1606 2017 delicto
1633 1988 1720 2029 pro-

101 2054 357 2096 venientium
402 2051 698 2110 parcieipatio,
729 2049 1015 2108 delinquentis
1049 2061 1126 2105 qua
1177 2047 1282 2099 talis„
1321 2048 1458 2103 «quia
1492 2058 1610 2088 secus
1645 2057 1720 2085 non

100 2122 324 2167 baberetur
357 2125 613 2180 propositum
647 2122 932 2179 delinquendi,
970 2125 1011 2163 ut
1044 2133 1141 2163 ecce
1174 2120 1206 2161 si
1240 2119 1331 2175 quis
1376 2130 1488 2159 reum
1524 2114 1721 2164 defendit,

101 2198 300 2251 receptat,
331 2196 487 2252 quippe
518 2193 595 2237 sibi
629 2195 832 2250 sanguine
866 2194 1131 2236 coniunctum
1166 2203 1216 2232 ne
1259 2190 1547 2244 gravissimam
1581 2184 1721 2227 subeat

101 2278 320 2322 poenam»
349 2265 378 2321 ²,
412 2265 452 2322 c)
487 2264 726 2316 occultatio,
764 2263 1125 2321 qualitercumque
1161 2260 1225 2302 illa
1262 2261 1342 2310 liat,
1382 2272 1417 2300 v.
1443 2272 1501 2313 gr.
1526 2256 1724 2311 ambigui-

100 2340 183 2380 tate
221 2337 459 2391 verborum,
493 2337 612 2380 factis
644 2336 694 2380 ad
730 2337 910 2379 iustitiae
956 2335 1164 2376 ministros
1207 2329 1488 2385 decipiendos,
1520 2333 1557 2369 e!
1591 2327 1633 2382 (Ι)
1668 2340 1724 2366 re-

101 2407 299 2464 ceptatio,
336 2417 420 2451 tum
455 2407 641 2464 physica,
675 2420 781 2465 quae
815 2411 873 2450 est
909 2405 1013 2462 (arg.
1050 2404 1072 2446 Ι.
1110 2404 1145 2448 1,
1179 2402 1206 2459 ἓ
1240 2402 1278 2455 3,
1315 2400 1368 2443 De
1404 2401 1520 2442 furtis
1543 2403 1580 2440 et
1604 2410 1723 2438 sei-xo

101 2477 339 2535 corrupt0):
379 2493 400 2519 <c
423 2479 629 2534 refugium
653 2476 936 2521 abscondendi
961 2486 1084 2518 causa
1111 2477 1319 2529 praestare
1345 2473 1382 2512 in
1406 2483 1479 2512 suo
1507 2467 1567 2511 rel
1593 2468 1724 2509 alii—no

103 2549 192 2593 loco
217 2565 256 2605 )),
290 2553 375 2592 tum
411 2549 592 2604 moralis,
627 2562 733 2606 quae
769 2548 877 2591 idem
914 2551 973 2589 est
1007 2559 1054 2588 ae
1088 2542 1311 2586 defendere
1347 2542 1537 2596 privatim
1568 2538 1628 2578 xel
1657 2550 1725 2592 per

103 2619 312 2677 publicam
345 2619 513 2664 civilem
547 2622 852 2671 auctoritatem,
887 2616 995 2674 quod
1031 2620 1089 2658 est
1128 2630 1150 2655 «
1173 2612 1224 2656 ab
1256 2608 1630 2667 oppugnatmnibns
1653 2607 1721 2648 ali-

103 2704 226 2748 quem
263 2695 480 2747 protegere
502 2707 543 2746 »,
579 2695 743 2747 propter
780 2702 883 2746 quas
915 2688 1197 2731 defensionem
1239 2695 1285 2725 ae
1320 2680 1650 2724 ratihabitioiwm
1687 2681 1723 2718 et

103 2764 135 2805 si
169 2762 268 2819 quid
303 2761 414 2805 aliud
449 2764 722 2818 excogitetur,
767 2772 962 2815 expresse
1010 2756 1123 2800 addit
1170 2767 1324 2797 canon:
1361 2751 1400 2807 e)
1435 2749 1562 2791 aliive
1595 2753 1722 2787 aetus.

223 2915 235 2937 1
262 2914 553 2949 Praelectiones
572 2914 612 2948 in
633 2917 791 2948 textum
806 2911 908 2945 Iuris
923 2908 1114 2944 canonici.
1132 2906 1217 2940 Lib.
1236 2905 1284 2943 11,
1305 2903 1389 2945 Vol,
1407 2902 1477 2945 III,
1496 2911 1601 2934 num.
1619 2900 1674 2931 435.
