1950 3313
188 152 258 187 176
699 148 783 182 Lm.
812 148 843 182 I.
875 167 886 173 -
912 148 1083 182 Normae
1103 147 1303 191 ,qenerales

184 277 268 315 tem
303 275 342 313 et
376 271 481 313 facta
514 271 606 323 sint⁷
641 272 680 311 et
714 266 840 310 robur
872 268 1125 323 acceperint,
1148 269 1188 309 et
1219 267 1259 308 in
1283 279 1427 309 eorum
1450 269 1613 310 statutis
1635 266 1810 311 Romani

192 340 399 383 Pontificis
442 342 630 394 patenter
672 338 905 393 excipiatur
945 337 1170 379 auctoritas
1193 351 1213 376 ι)
1243 335 1271 378 1.
1305 361 1359 368 —
1393 335 1584 391 Demum,
1618 339 1715 394 quia
1748 337 1809 380 di-

183 411 391 467 spensatio
425 414 484 452 est
517 413 633 452 actus
665 407 961 450 iurisdictionis
984 419 1034 449 ex
1058 410 1259 463 potestate
1282 409 1512 450 accessoria
1536 407 1808 463 legislativae‚

183 483 372 538 sequitur
404 479 455 523 de
488 479 555 522 illa
590 477 902 534 intelligendam
934 490 1023 520 esse
1046 489 1212 533 quoque
1237 490 1322 533 reg.
1347 477 1401 520 68
1426 479 1527 520 iuris
1549 479 1588 520 in
1614 478 1673 522 6.⁰
1702 493 1722 519 <c
1741 478 1809 521 Po·

182 557 257 595 test
291 553 382 608 quis
415 564 486 606 per
518 549 659 603 alium,
693 548 802 606 quod
829 552 961 604 potest
984 548 1120 591 facere
1144 561 1217 604 per
1239 550 1419 604 seipsum
1444 563 1484 602 )),
1508 553 1677 605 propter
1698 549 1807 606 quod

181 622 440 665 subnectitur
462 621 641 677 denique
666 622 704 662 in
729 632 910 671 canone;
944 617 988 676 d)
1023 632 1096 661 aec
1119 632 1200 662 noa
1223 619 1272 662 ab
1296 619 1372 662 illo
1395 619 1662 676 singulariter
1683 620 1807 676 dicto,

176 693 290 750 quod
327 691 431 735 bene
465 696 639 741 notetur,
676 690 743 732 cai
772 689 849 733 sub
885 691 1051 746 proprio
1078 689 1140 733 vel
1165 692 1376 733 communi
1406 689 1658 747 appellativo
1681 689 1808 733 iidem

180 761 332 818 singuli
381 761 431 804 de
479 760 630 818 quibus
671 772 795 816 supra
838 758 1087 817 facultatem
1131 759 1409 817 dispensandi
1442 760 1735 803 concesserim.
1772 760 1808 804 ls

181 836 318 875 tamen
351 832 668 879 animadvertat,
692 830 801 887 quod
832 845 851 870 <(
875 831 965 873 sive
989 831 1100 873 circa
1124 843 1190 873 res
1212 832 1303 873 sive
1326 832 1436 874 circa
1473 843 1669 886 personas
1693 843 1805 874 man-

172 903 262 946 dati
296 904 357 945 sui
393 903 495 945 fines
528 901 715 952 excedat,
750 900 849 943 nihil
885 903 1012 956 agit»
1052 900 1162 958 (can.
1198 901 1296 956 203,
1329 900 1357 959 ἓ
1391 900 1448 953 1).

300 973 396 1017 152.
433 974 504 1018 De
532 974 903 1029 dispensatione
924 986 956 1017 a
978 974 1297 1029 generalibus
1322 974 1572 1018 Ecclesiae
1595 974 1805 1029 legibus,

171 1044 294 1088 adest
326 1046 489 1087 axioma
524 1045 623 1086 iuris
668 1045 705 1085 in
741 1041 868 1087 Clem.
910 1058 930 1083 c(
952 1042 1011 1085 Ne
1045 1042 1264 1086 Romani»
1300 1042 1329 1100 ξ
1364 1043 1383 1085 1
1427 1058 1447 1084 c<
1471 1043 1521 1086 de
1555 1043 1800 1087 electione»

181 1117 403 1158 insertum:
444 1130 462 1155 ((
487 1114 567 1157 Lex
602 1115 829 1170 superioris
862 1127 935 1170 per
969 1114 1205 1156 inferiorem
1251 1113 1334 1156 tolli
1369 1126 1449 1156 non
1485 1118 1678 1168 potest».
1713 1111 1804 1166 Quo

180 1186 299 1229 modo
337 1185 434 1229 illud
470 1185 701 1241 applicetur
723 1183 1102 1240 dispensationibus
1125 1184 1251 1228 edicit
1275 1198 1366 1227 caiz.
1384 1186 1454 1227 81.
1479 1185 1508 1227 Α
1533 1183 1805 1242 yeaeralibas

180 1254 393 1299 Ecclesiae
426 1254 583 1311 leqibas
615 1257 704 1297 sive
738 1256 777 1296 in
811 1253 976 1308 Codice,
1001 1247 1099 1297 'sive
1142 1259 1258 1298 extra
1303 1254 1432 1310 illum,
1468 1259 1673 1312 quatenus
1711 1254 1804 1298 illae

178 1326 488 1383 distinguuntur
505 1338 526 1369 a
551 1342 569 1366 ((
596 1325 756 1381 legibus
778 1325 956 1368 conditis
981 1338 1053 1381 pro
1078 1325 1278 1381 peculiari
1302 1327 1512 1368 territorio
1535 1341 1555 1366 ι)
1585 1328 1693 1380 (can.
1715 1324 1801 1382 13),

170 1402 217 1440 -et
250 1397 431 1453 obligant
456 1397 587 1439 solum
618 1413 637 1437 ((
661 1409 804 1439 omnes
830 1410 901 1452 pro
925 1395 1076 1453 quibus
1093 1396 1205 1454 *latae
1228 1401 1322 1439 sunt
1342 1412 1381 1456 ›>‚
1411 1395 1638 1439 Ordinarii
1661 1409 1803 1439 omnes

177 1471 367 1511 recensiti
413 1471 450 1510 in
495 1480 584 1510 can.
624 1468 717 1523 198,
763 1466 861 1524 gl,
896 1466 1014 1524 i'nsi‘a
1058 1466 1291 1509 Remmiam
1337 1465 1593 1523 Pontificem,
1638 1469 1800 1510 etiamsi

176 1539 213 1582 S.
249 1538 294 1582 R.
328 1539 372 1581 E.
404 1537 644 1582 Cardinales
675 1540 768 1593 sint,
803 1537 1051 1596 dispensare
1081 1542 1305 1595 neaman!7
1341 1551 1392 1580 ne
1425 1550 1550 1580 unam
1583 1550 1801 1593 personam

175 1609 251 1653 sibi
296 1609 501 1652 subditam
536 1608 577 1651 ia
613 1622 712 1651 casa
745 1607 909 1666 (laidem
941 1607 1166 1666 peculiari,
1202 1607 1288 1650 nisi
1320 1608 1359 1663 a)
1393 1606 1494 1650 haec
1524 1612 1713 1665 potestas
1746 1607 1802 1650 di-

174 1680 394 1736 spensandi
431 1681 561 1735 magis
597 1679 658 1722 vel
696 1681 831 1722 miuus
864 1679 1000 1735 ampla
1044 1683 1114 1722 aut
1158 1681 1344 1722 restricta
1391 1677 1548 1721 eisdem
1595 1677 1798 1731 omnibus,

119 1768 124 1774 ·
167 1749 421 1808 quibusdam
459 1750 521 1793 vel
555 1750 728 1806 singulis
760 1763 904 1793 eorum
933 1749 1067 1807 faerit
1090 1748 1301 1807 explicite,
1325 1762 1397 1792 seu
1426 1747 1564 1792 verbis
1589 1749 1626 1791 id
1654 1749 1802 1792 forma-

175 1821 267 1864 liter
301 1820 640 1876 exprimentibus,
675 1820 738 1863 vel
770 1820 975 1878 implicite
1009 1821 1134 1864 idest:
1175 1819 1313 1864 vei-bis
1347 1833 1421 1876 per
1452 1831 1559 1877 quae
1583 1818 1651 1862 illa
1687 1824 1798 1875 pote-

173 1896 255 1934 stas
288 1891 456 1934 concedi
492 1890 839 1947 subintelligatur,
874 1905 1066 1934 concessa
1104 1890 1166 1934 vel
1204 1893 1241 1933 in
1277 1890 1415 1947 aliquo
1443 1888 1605 1934 Codicis
1627 1901 1798 1945 canone,

174 1975 280 2019 quae
319 1978 337 2002 ((
362 1962 521 2005 adnexa
557 1963 690 2005 otticio
713 1978 733 2003 ³>
772 1975 915 2005 eorum
949 1964 1026 2005 erit
1065 1962 1364 2005 «ordinaria»
1405 1960 1513 2018 (can.
1550 1960 1647 2013 197,
1684 1960 1712 2017 ξ
1745 1959 1798 2016 1),

177 2032 239 2076 vel
276 2046 347 2088 per
385 2032 643 2076 «facultates
676 2032 908 2076 habituales
932 2049 952 2074 ))
990 2037 1061 2076 aut
1096 2034 1344 2088 rescriptum
1380 2034 1419 2074 in
1454 2044 1551 2075 casu
1586 2030 1798 2087 peculiari,

176 2116 282 2161 quae
314 2108 410 2146 tunc
449 2103 620 2147 «veluti
664 2106 885 2147 commissa
932 2116 1178 2160 personae»
1218 2116 1290 2159 ρει·
1334 2102 1514 2146 officium
1559 2102 1798 2158 designatae

136 2205 140 2208 »
174 2176 249 2217 erit
274 2174 461 2230 delegata
487 2174 594 2231 (can.
620 2179 657 2217 et
681 2177 704 2229 g
727 2175 843 2232 citf),
868 2179 929 2218 ast
962 2177 1000 2217 in
1036 2179 1210 2232 utroque
1244 2186 1342 2217 casu
1377 2174 1566 2217 derivata
1590 2186 1663 2229 per
1687 2185 1798 2215 man-

174 2245 314 2288 datum
353 2258 424 2287 seu
468 2248 790 2288 concessionem.
836 2245 939 2289 Hinc
981 2248 1169 2302 sequitur
1216 2244 1316 2287 nihil
1368 2257 1492 2300 agere
1537 2241 1795 2297 Ordinarios,

173 2315 337 2372 quando
362 2317 463 2358 lines
485 2318 762 2358 concessionis
784 2317 918 2374 quoad
944 2316 1274 2372 dispensationes
1296 2314 1557 2371 elargiendas
1580 2313 1794 2357 excedant.

171 2410 229 2415 —
252 2385 334 2428 lam
359 2387 397 2427 in
422 2386 498 2428 hoc
522 2398 678 2428 canone
701 2385 892 2429 subditur
916 2388 1127 2442 potestatis
1149 2388 1361 2429 concessio
1384 2384 1643 2428 huiusmodi:
1666 2384 1703 2438 b)
1723 2389 1797 2426 aut

171 2455 212 2512 a)
247 2455 429 2513 difficilis
471 2455 525 2497 sil
566 2469 762 2498 recursus
802 2456 857 2499 cal
897 2457 1093 2500 Sanctam
1138 2455 1283 2499 Sedem
1326 2455 1639 2511 intelligendam
1681 2457 1794 2497 iuxta

172 2539 358 2569 normam
394 2539 484 2569 can.
517 2527 555 2575 7,
592 2527 632 2582 bf>
667 2532 706 2569 et
738 2527 864 2570 siia'al
897 2527 938 2570 ia
974 2541 1092 2570 mora
1115 2527 1165 2570 ad
1191 2528 1541 2583 dispensationem
1577 2528 1794 2581 impetran-

171 2597 266 2639 dam
291 2599 524 2640 nocessaria
548 2600 659 2640 iuxta
685 2600 989 2654 praevisionem
1023 2598 1079 2641 sit
1111 2591 1372 2641 solummodo
1393 2596 1628 2654 periculam
1649 2595 1794 2653 qram's

169 2666 316 2710 damni
348 2667 581 2721 cuiuslibet,
615 2672 652 2720 c)
686 2674 723 2710 et
758 2667 808 2711 (le
831 2668 1147 2726 dispensatione
1169 2668 1218 2712 ad
1244 2680 1385 2711 casum
1414 2680 1539 2710 unum
1566 2666 1629 2709 vel
1656 2666 1793 2722 plures

170 2743 327 2793 ayatar
359 2752 464 2795 qasie
497 2753 520 2780 a
556 2737 659 2781 Sede
691 2738 931 2795 Apostoli'ca
966 2744 1009 2782 ut
1041 2752 1165 2795 supra
1199 2752 1247 2782 ex
1283 2751 1373 2782 can.
1397 2739 1440 2791 7,
1461 2737 1691 2781 secundum
1714 2735 1790 2780 Cu-

168 2890 244 2924 Lb
286 2844 304 2924 *I
326 2843 416 2888 Cap.
444 2857 463 2877 ‹<
484 2843 730 2889 Significasti
749 2857 766 2875 »
795 2845 829 2888 4,
859 2844 923 2878 tit.
953 2845 974 2877 6
1002 2857 1021 2877 «
1041 2844 1085 2878 de
1112 2844 1305 2878 electione
1331 2849 1370 2877 et
1397 2843 1515 2877 electi
1541 2845 1737 2887 potestate
1755 2854 1789 2884 ι),

206 2903 215 2923 l
251 2918 256 2924 .
310 2917 316 2924 .
