1950 3313
162 167 227 201 186
732 165 945 199 APPENDIX
972 174 1027 198 AD
1059 164 1144 198 Lm.
1173 164 1205 198 I.

278 284 354 341 lpsi
387 298 485 340 ergo
520 289 675 327 tantum
711 288 902 327 tenentur
936 286 998 326 ius
1042 283 1281 340 liturgicum
1332 298 1482 341 urgere
1524 290 1648 343 atque
1690 286 1787 331 abu-

159 369 228 398 sus
276 357 298 399 i
347 368 383 399 e.
428 367 575 411 praxes
619 354 794 397 rubricis
837 356 1077 409 contrarias,
1122 355 1155 397 si
1199 355 1503 399 irrationabiles
1549 357 1788 412 videantur,

159 425 335 469 abolere
371 438 574 468 memores
617 429 752 467 tamen
787 424 1058 481 piudentiae·
1097 427 1130 467 si
1168 438 1265 468 vero
1297 428 1456 469 ratione
1489 440 1569 470 non
1603 433 1785 484 car‚eant

159 501 282 553 atque
314 508 335 538 a
368 497 405 538 S.
441 495 481 539 C.
517 495 595 539 Rit.
620 495 848 539 tolerentur
881 494 944 538 vel
980 494 1274 551 approbentur,
1299 496 1547 555 relinquere.

277 567 373 610 170.
408 568 481 612 De
499 568 947 612 consuetudinibus.
967 565 1009 608 1Ο
1028 579 1077 609 ex
1099 572 1220 622 resp⁸.
1238 567 1277 612 S.
1297 566 1342 611 R.
1362 566 1404 612 C.
1426 569 1438 590 1
1464 570 1504 612 in
1522 581 1557 612 c.
1579 566 1753 614 Oscensi
1777 587 1785 613 :

165 653 184 677 ((
211 638 274 680 10.
308 636 635 681 Consuetudines
671 649 777 695 quae
809 641 903 680 sunt
937 641 1079 680 contra
1123 636 1283 681 Missale
1316 638 1562 695 Romanum,
1599 639 1785 684 sublatae

154 713 250 751 sunt
285 721 356 763 per
400 707 555 750 Bullam
594 707 648 749 Pii
684 706 715 749 V
749 709 787 750 in
832 709 1033 764 principio
1077 709 1205 764 ipsius
1248 707 1421 752 Missalis
1454 712 1712 767 impressam,
1746 716 1785 755 et

156 778 358 821 dicendae
391 783 484 821 sunt
518 781 652 834 potius
684 777 944 834 corruptelae
977 790 1100 835 quam
1125 779 1503 835 consuetudines»,
1529 783 1595 824 cui
1618 794 1785 827 concor-

159 849 226 892 dat
250 861 338 892 can.
375 849 458 891 818
491 851 548 892 sic
584 841 810 905 incipiens:
851 848 1123 905 «Reprobata
1153 851 1301 907 quavis
1334 853 1541 894 contraria
1564 856 1783 895 consuetu-

159 920 309 963 dine».
346 919 388 962 20
422 933 442 963 e
476 925 616 963 contra
651 920 795 963 eadem
830 920 867 963 S.
903 918 946 963 C.
979 919 1025 963 R.
1051 920 1065 942 ²
1102 922 1138 962 in
1174 933 1210 964 c.
1244 920 1447 964 Lucerina
1471 924 1509 964 in
1533 921 1776 966 solutionei

158 995 196 1033 et
231 990 253 1032 “2
287 989 521 1041 dubiorum„
545 995 785 1047 sequentem
821 991 1021 1033 rationem
1057 990 1201 1035 affert:
1242 1006 1261 1031 ((
1285 1004 1379 1034 cum
1424 991 1529 1035 liber
1566 991 1783 1036 Caeremo-

160 1060 276 1104 nialis
311 1061 416 1118 (scil.
452 1060 769 1117 Episcoporum)
805 1060 1041 1104 huiusmodi
1075 1061 1428 1106 immemorabiles
1464 1063 1785 1109 consuetudines

155 1145 236 1174 :non
262 1131 375 1175 tollat
398 1148 435 1174 ».

277 1202 320 1245 3⁰
354 1201 496 1256 Quoad
532 1208 691 1246 ceteros
716 1202 840 1246 libros
864 1202 1077 1259 liturgicos
1099 1205 1195 1260 quia
1220 1203 1469 1260 promulgati
1496 1205 1661 1248 fuerunt
1688 1219 1782 1249 cum

151 1273 394 1317 exclusione
417 1279 647 1320 ceterorum
673 1274 856 1317 eiusdem
884 1275 1060 1317 nominis
1083 1276 1152 1331 qui
1177 1279 1293 1317 erant
1324 1276 1361 1317 in
1388 1288 1478 1328 usu,
1503 1280 1541 1318 et
1564 1276 1784 1320 adiunctae

154 1345 323 1387 fuerunt
356 1344 565 1387 clausulae
609 1344 872 1400 prohibentes
913 1356 1199 1402 quascumque
1234 1347 1481 1388 mutationes
1515 1345 1784 1400 inducendas,

158 1414 355 1471 implicite
389 1415 708 1458 consuetudines
741 1414 1016 1471 reprobantur
1043 1414 1189 1458 saltem
1217 1415 1476 1471 regulariter.
1503 1415 1542 1458 4.
1568 1415 1741 1460 Demum
1768 1416 1782 1439 ³

154 1487 195 1528 in
231 1485 570 1542 Angelopolitana
610 1485 721 1528 «13.
765 1485 826 1528 An
867 1486 1034 1529 decreta
1074 1486 1112 1530 S.
1155 1485 1200 1530 R.
1237 1485 1278 1530 C.
1314 1486 1412 1529 dum
1457 1487 1637 1529 eduntur
1669 1487 1785 1530 dero-

154 1560 256 1612 gent
288 1559 536 1613 cuicumque
567 1558 799 1599 contrariae
833 1559 1022 1600 invectae
1056 1557 1343 1600 consuetudini
1379 1559 1503 1600 etiam
1524 1558 1785 1601 immemora-

157 1625 255 1678 bili;
289 1629 389 1669 etin
424 1640 520 1670 casu
554 1627 803 1670 affirmativo
836 1627 1019 1683 obligent
1052 1630 1174 1670 etiam
1209 1627 1343 1684 quoad
1369 1628 1702 1671 conscientiam?
1729 1654 1783 1658 —

157 1700 195 1742 S.
230 1697 277 1741 R.
307 1697 348 1742 C.
384 1699 714 1755 respondendum
749 1701 922 1742 censuit.
957 1699 1018 1742 Ad
1049 1699 1111 1742 13.
1139 1698 1427 1742 Affirmative:
1460 1699 1531 1742 sed
1569 1712 1784 1743 recurren-

159 1769 257 1813 dum
292 1772 330 1812 in
358 1769 593 1826 particulari
619 1786 657 1814 )).

274 1839 453 1897 ldipsum
499 1842 735 1885 extenditur
777 1844 899 1885 etiam
934 1842 984 1886 ad
1019 1842 1340 1885 consuetudines
1381 1846 1525 1885 contra
1569 1840 1784 1885 Caeremo-

158 1911 263 1954 niale
297 1911 608 1969 Episcoporum‚
644 1915 755 1956 iuxta
781 1919 917 1970 respm.
944 1916 981 1956 in
1006 1926 1040 1958 c.
1077 1913 1357 1956 Alexandrina
1382 1914 1422 1956 4:
1463 1913 1542 1957 «2.
1577 1913 1639 1956 An
1678 1917 1784 1956 vete-

158 1995 222 2025 res
256 1982 376 2026 huius
409 1982 617 2026 Ecclesiae
649 1985 1028 2034 consuetudines‚...
1064 1984 1288 2041 abrogatae
1311 1987 1391 2027 sint
1427 1997 1499 2040 per
1521 1996 1569 2027 ea
1593 1985 1781 2040 rescripti

161 2052 313 2096 verba:
397 2054 567 2111 Semper
600 2060 638 2097 et
671 2067 691 2097 a
720 2068 984 2113 quocumque
1026 2060 1219 2098 servetur
1262 2054 1627 2098 caeremoniale».
1662 2055 1702 2098 S.
1736 2054 1782 2098 R.

154 2123 198 2167 C.
235 2125 565 2180 respondendum
600 2128 759 2169 censuit
791 2127 841 2169 ad
878 2127 930 2170 Q:
971 2126 1324 2170 «Recurrendum
1349 2127 1399 2170 ad
1420 2126 1525 2169 hanc
1544 2126 1580 2169 S.
1604 2124 1781 2182 Congrm.

160 2197 196 2237 in
224 2194 387 2238 casibus
411 2196 730 2252 particularibus
754 2214 792 2242 υ.

279 2265 374 2308 171.
401 2268 704 2313 Breviarium
728 2273 877 2326 atque
900 2271 1106 2316 Missale
1141 2272 1424 2317 Romanum.
1448 2268 1563 2312 quta
1589 2268 1645 2311 Pii
1670 2268 1710 2313 P.
1735 2266 1782 2312 V.

150 2334 230 2380 CC.
271 2336 431 2390 «Quod
467 2350 487 2380 a
521 2337 638 2381 nobis
662 2355 680 2379 ))
719 2339 785 2382 (lie
820 2341 843 2382 9
881 2340 967 2383 lulii
1014 2341 1126 2384 1568
1159 2340 1216 2399 ἓξ
1247 2342 1287 2393 5,
1322 2340 1362 2395 7,
1397 2340 1421 2383 8
1455 2344 1494 2383 et
1533 2337 1668 2392 «Quo
1702 2341 1783 2396 pri-

161 2420 316 2449 mum»
354 2408 420 2450 (lie
459 2408 506 2450 14
545 2408 614 2453 lul.
656 2410 762 2452 1570
800 2410 856 2468 §g
891 2412 927 2458 2,
955 2411 991 2453 3.
1017 2411 1275 2455 Breviarium
1301 2416 1424 2467 atque
1450 2409 1611 2453 Missale
1634 2409 1784 2454 Roma-

155 2490 252 2520 num
295 2491 315 2520 a
361 2478 469 2521 (licto
515 2479 708 2523 Pontitice
754 2482 1012 2538 promulgata
1055 2487 1093 2526 et
1135 2482 1187 2526 ab
1225 2482 1315 2525 aliis
1358 2481 1440 2525 RR.
1491 2481 1560 2524 PP.
1596 2484 1782 2524 correcta

158 2561 289 2605 usque
322 2549 370 2591 a‹l
408 2548 581 2592 Leonem
617 2550 707 2593 Xlll
740 2557 777 2594 et
815 2552 927 2595 Pium
966 2552 998 2596 X
1031 2567 1061 2596 s.
1100 2553 1308 2596 m.·motlo
1327 2556 1421 2596 sunt
1444 2551 1708 2595 observanda
1743 2553 1782 2593 in

148 2619 344 2662 »omnibus
378 2620 562 2663 ecclesiis
595 2621 784 2665 catholici
820 2622 942 2675 orbis,
968 2625 1007 2665 in
1032 2622 1182 2680 quibus
1206 2625 1308 2666 ritus
1333 2622 1543 2666 Romanus
1567 2621 1781 2665 observari

152 2692 371 2732 consuevit
414 2695 481 2733 aut
526 2691 660 2734 (lebet.
696 2692 773 2735 illis
808 2697 941 2736 tamen
977 2696 1161 2750 exceptis
1194 2706 1298 2751 quae
1343 2693 1434 2736 aliis
1460 2691 1694 2736 missalibus
1718 2690 1783 2734 vel

275 2869 283 2889 ¹
316 2868 358 2901 16
388 2868 501 2901 Mart.
533 2869 678 2904 1591.n.
706 2869 739 2902 9.
780 2890 812 2894 —
846 2870 858 2891 2
889 2871 931 2904 14
966 2870 1052 2904 Iun.
1082 2870 1184 2911 1603,
1214 2882 1253 2904 n.
1281 2869 1363 2904 256.
1393 2888 1437 2895 —
1463 2870 1477 2891 3
1504 2869 1576 2903 Die
1604 2871 1646 2902 11
1674 2869 1781 2914 Sept.

164 2915 265 2955 1347,
294 2925 332 2948 n.
361 2915 465 2948 2951.
496 2935 538 2939 —
566 2916 576 2937 ⁴
605 2916 649 2949 N.
679 2916 783 2949 2646.
815 2917 858 2949 10
885 2916 978 2950 Maii
1008 2917 1110 2950 1826.
