1950 3313
164 137 234 171 314
504 134 590 168 Lm.
624 134 665 169 V.
694 154 707 159 -
734 134 844 168 PARS
871 133 942 168 111.

970 153 985 159 -
1010 134 1067 168 De
1086 136 1225 178 poenis
1251 136 1294 168 in
1319 134 1461 169 delicta

159 259 298 311 utpote
333 254 553 297 deficiente
586 252 824 295 conditione
849 253 950 295 iuris
971 252 1021 296 ad
1049 252 1140 296 illos
1162 252 1406 307 lucrandos,
1431 258 1471 297 et
1490 244 1793 311 consequenter

160 324 438 368 restituendos
470 327 615 380 sponte
647 326 741 366 ante
773 321 897 366 ullam
934 322 1082 366 iudicis
1106 322 1170 367 vel
1194 324 1428 380 Superioris
1452 323 1790 381 declarationem,

158 408 237 438 non
270 408 390 438 secus
423 407 471 437 30
506 395 544 436 in
579 396 667 437 iure
701 394 964 450 praecedenti
999 398 1166 437 cautum
1202 395 1347 439 fuerat.

782 584 1017 622 TITULUS
1049 584 1160 622 XIX.

400 678 465 719 De
495 677 643 720 abusu
676 677 917 731 potestatis
948 677 1024 720 vel
1055 676 1199 721 officii
1230 676 1539 721 ecelesiastici.

203 805 287 842 CAN.
318 803 423 840 2404.
456 805 641 840 -Abusus
671 805 850 851 potestatis
882 816 937 841 ec-

153 853 380 895 clesiasticae,
408 852 571 899 prudenti
601 852 744 897 legitimi
774 851 936 898 Superio—

153 900 201 935 ris
226 900 383 942 arbitrio,
411 911 472 946 pro
509 900 680 954 gravitate
713 899 835 946 culpae
874 912 936 953 00-

152 947 284 989 013101,
310 947 406 983 salvo
433 947 646 1001 praescripto
671 958 846 982 canonum
874 947 933 994 qui

151 1000 282 1030 certam
311 1006 460 1041 poenam
487 995 522 1030 in
536 995 688 1041 aliquos
713 995 846 1030 abusus
865 1000 933 1030 sta-

151 1046 268 1078 tuunt.

199 1088 282 1125 CAN.
316 1087 422 1124 2405.
467 1110 484 1115 -
525 1088 684 1125 vicarius
722 1087 934 1136 Capitularis

150 1132 254 1173 aliive
279 1148 415 1180 omnes,
444 1141 514 1172 tam
546 1137 588 1172 de
625 1134 699 1183 Cap
702 1136 788 1172 itulo
825 1147 932 1183 quam

149 1184 319 1227 extranei,
340 1184 398 1230 qui
416 1184 665 1220 documentum
680 1149 871 1236 pquodlibet
888 1185 932 1220 ad

151 1230 293 1267 Curiam
320 1231 551 1278 episcopalem
581 1231 759 1277 pertinens
778 1242 849 1267 sive
874 1243 932 1278 per

150 1290 188 1315 se
214 1279 285 1315 sive
312 1290 372 1325 per
397 1279 507 1314 alium
534 1278 772 1315 subtraxerint
799 1279 850 1314 101
877 1280 933 1316 de-

149 1326 339 1362 struxerint
360 1326 411 1362 vel
438 1326 628 1362 0013101101
647 1327 699 1362 101
722 1325 933 1363 substantia-

150 1374 227 1409 liter
246 1374 523 1415 immutaverint,
546 1374 731 1409 incnrrunt
748 1372 823 1418 ipso
842 1374 931 1411 facto

149 1422 185 1456 in
201 1421 598 1457 excommunicationem
618 1420 696 1457 Sedi
712 1422 931 1466 Apostolicae

148 1469 355 1515 simpliciter
384 1473 607 1510 reservatam,
628 1473 661 1504 et
678 1468 723 1504 ab
741 1467 930 1505 Ordinatio

147 1516 253 1551 etiam
280 1516 476 1562 privatione
493 1516 609 1559 offleii,
630 1516 804 1561 beneficii,
828 1516 926 1563 plecti

152 1568 326 1609 poterunt.

197 1610 281 1646 CAN.
311 1608 416 1646 2406.
440 1631 457 1636 -
486 1614 505 1653 ξ
534 1609 563 1645 1.
583 1608 793 1656 Quicunque
818 1611 929 1646 officio

147 1662 286 1693 tenetur
308 1662 385 1693 acta
412 1657 463 1693 vel
490 1658 698 1693 documenta
726 1669 785 1693 seu
822 1658 927 1694 libros

147 1704 333 1741 Curiarum
348 1705 660 1741 ecclesiasticarum
677 1705 729 1741 vel
749 1705 855 1741 libros
869 1717 928 1752 pa-

147 1753 311 1788 roeciales
338 1752 557 1793 conficiendi,
584 1753 827 1788 conscribendi
867 1758 928 1788 aut

145 1799 391 1841 conservandi
419 1800 446 1834 si
474 1811 514 1835 ea
554 1800 689 1843 falsare,
718 1800 926 1842 adulterare,

147 1847 323 1883 destruere
351 1847 401 1882 vel
432 1848 606 1883 ociultare
645 1848 926 1894 praesumpserit,

145 1906 207 1930 suo
234 1894 343 1930 officio
364 1894 516 1941 privetur
529 1895 650 1930 aliisve
668 1895 832 1940 gravibus
852 1906 928 1941 poe·

147 1942 202 1976 nis
227 1942 271 1977 ab
299 1940 486 1978 Ordinario
514 1953 574 1988 pro
601 1943 702 1978 modo
727 1943 850 1988 culpae
870 1954 927 1989 pu-

146 1989 276 2024 niatur.

193 2040 212 2078 g
240 2036 271 2073 ⁶2.
298 2035 364 2080 Qui
393 2047 471 2071 1010
504 2041 593 2077 acta,
623 2037 833 2073 documenta
872 2037 925 2073 vel

145 2083 251 2118 libros
277 2083 339 2118 1105
366 2083 518 2128 legitime
550 2085 677 2129 petenti
716 2084 922 2126 exscribere,

145 2131 383 2166 transmittere
401 2142 460 2166 seu
479 2131 640 2167 exhibere
658 2131 775 2167 dolose
794 2131 924 2167 detrec-

144 2178 268 2213 taverit
308 2178 419 2213 3110110
461 2178 583 2224 quovis
627 2179 727 2214 modo
771 2179 923 2214 officium

143 2236 246 2260 sunm
275 2224 472 2271 prodiderit,
506 2225 698 2271 0111311000
732 2226 835 2260 0111011
872 2226 923 2261 101

144 2273 373 2318 suspensione
399 2271 442 2307 ab
469 2273 588 2307 eodem
614 2279 648 2308 et
667 2273 797 2308 mulcta
814 2273 857 2308 ad
872 2284 923 2308 31-

143 2319 286 2354 111111οῐ0
315 2317 495 2355 Ordinarii
527 2331 586 2365 pro
620 2321 788 2365 gravitate
822 2331 923 2355 casus

145 2366 260 2423 puniri
290 2371 409 2412 potest.

192 2412 274 2449 CAN.
301 2413 405 2448 240..
438 2434 453 2438 -
488 2412 555 2457 Qui
594 2412 719 2450 Curiae
757 2414 922 2450 officiales

141 2471 202 2496 500
228 2461 456 2496 administros
481 2461 621 2506 quosvis
655 2461 919 2503 ecclesiasticos,

143 2508 286 2548 iudices,
315 2508 500 2544 advocatos
528 2508 579 2543 vel
608 2513 845 2554 procuratores
863 2509 921 2544 do-

143 2555 198 2589 nis
223 2559 283 2590 aut
320 2555 629 2608 pollicitationibus
667 2556 709 2590 ad
749 2555 921 2591 actionem

142 2601 193 2638 vel
220 2602 445 2638 omissionem
472 2602 586 2638 officio
612 2614 674 2638 suo
709 2603 921 2638 contrariam

141 2649 309 2685 inducere
334 2649 532 2690 tentaverit,
553 2660 707 2694 congrua
726 2661 835 2696 poena
855 2650 923 2696 ple-

140 2702 253 2732 ctatur
278 2701 311 2732 et
337 2697 380 2732 ad
407 2697 604 2743 reparanda
629 2697 772 2739 damna,
792 2708 820 2732 s1
852 2709 921 2743 qua

140 2743 238 2779 illata
264 2745 346 2785 sint,
376 2743 616 2791 compellatur.

188 2790 272 2826 CAN.
299 2789 402 2826 2408.
477 2791 588 2826 Taxas
614 2796 798 2827 consuetas
822 2796 855 2826 et
874 2791 921 2827 le-

139 2838 260 2882 gitime
272 2839 482 2884 approbatas
495 2838 537 2874 ad
552 2850 710 2874 0011113111
725 2837 920 2881 03015117,

138 2890 308 2929 augentes
333 2891 393 2921 aut
421 2886 509 2921 ultra
536 2896 593 2921 eas
623 2885 754 2932 aliquid
781 2886 918 2931 exigen—

1009 809 1071 847 105,
1101 805 1196 850 gravi
1226 805 1358 841 mulcta
1385 806 1585 853 pecuniaria
1610 816 1790 841 coercean-

1008 857 1076 894 tur,
1102 858 1135 888 et
1160 853 1301 888 recidivi
1331 853 1376 888 ab
1394 853 1509 889 officio
1527 853 1788 906 suspendantur

1010 899 1062 936 1101
1088 905 1333 936 removeantur
1360 911 1421 947 pro
1446 901 1568 947 culpae
1602 899 1785 946 gravitate,

1009 952 1145 1001 praeter
1169 947 1417 1001 obligationem
1451 948 1656 984 restituendi
1696 948 1787 994 quod

1007 994 1138 1031 iniuste
1163 995 1392 1041 perceperint.

1055 1041 1140 1078 CAN.
1159 1040 1293 1077 2409.-
1311 1042 1469 1078 Vicarius
1484 1041 1695 1089 Capitularis
1709 1053 1789 1078 con-

1005 1089 1133 1125 cedens
1160 1090 1293 1125 litteras
1318 1090 1534 1125 dimissorias
1560 1101 1621 1136 pro
1646 1089 1785 1125 ordina-

1006 1137 1100 1172 tione
1113 1142 1234 1173 contra
1250 1137 1500 1184 praescriptum
1521 1148 1597 1173 can.
1614 1135 1694 1179 958,
1712 1141 1731 1180 ἓ
1754 1137 1783 1181 1,

1006 1195 1041 1219 0
1065 1183 1098 1224 3,
1128 1184 1203 1231 ipso
1230 1185 1318 1221 sacto
1344 1185 1499 1220 subiacet
1525 1184 1746 1231 suspensioni
1765 1165 1785 1220 a'

1004 1212 1147 1267 divinis.

1052 1278 1135 1314 CAN.
1151 1277 1297 1314 2410.-

1003 1330 1124 1362 contra
1151 1327 1402 1373 praescriptum
1421 1337 1499 1362 can.
1522 1325 1689 1369 965-967‚
1703 1326 1783 1361 sub*-

1003 1373 1093 1409 ditos
1111 1385 1191 1410 suos
1209 1374 1252 1409 ad
1282 1373 1487 1420 Episcopum
1517 1374 1672 1410 alienum
1691 1373 1782 1410 ordi-

1003 1421 1140 1456 nandos
1165 1421 1341 1457 remittere
1368 1423 1676 1468 praesumpserint,
1708 1421 1782 1466 1050

1004 1468 1094 1504 13010
1119 1468 1280 1515 suspensi
1307 1473 1390 1504 sunt
1417 1480 1476 1515 per
1492 1479 1648 1504 mensem
1663 1479 1683 1504 a
1702 1468 1782 1503 Mis—

1002 1526 1061 1552 sae
1086 1516 1329 1552 celebratione.

1050 1561 1134 1599 CxN.
1152 1561 1255 1599 2411.
1269 1583 1281 1589 -
1307 1562 1510 1609 Superiores
1535 1562 1685 1608 religiosi
1705 1562 1780 1609 qui,

1001 1610 1228 1646 candidatum
1257 1621 1327 1645 non
1354 1610 1519 1646 idoneum
1545 1615 1666 1646 contra
1685 1621 1781 1656 prae-

1001 1658 1169 1704 scriptum
1196 1669 1274 1693 can.
1301 1656 1381 1699 542,
1407 1663 1467 1694 aut
1497 1658 1573 1694 sine
1603 1657 1780 1704 requisitis

1001 1705 1124 1741 litteris
1152 1705 1445 1741 testimonialibus
1470 1711 1590 1741 contra
1618 1704 1782 1751 praescri·

1002 1757 1098 1799 ptum
1126 1764 1203 1789 can.
1231 1751 1312 1794 544,
1339 1753 1383 1788 ad
1411 1753 1619 1788 novitiatum
1645 1763 1782 1799 recepe-

999 1800 1082 1841 rint,
1110 1800 1160 1835 vel
1187 1801 1230 1835 ad
1260 1800 1506 1846 professionem
1535 1805 1655 1836 contra
1682 1810 1777 1846 prae—

999 1848 1167 1894 5011010111
1195 1859 1272 1883 030.
1300 1846 1381 1889 571,
1399 1851 1418 1890 ξ
1446 1847 1466 1882 2
1485 1847 1703 1889 admiserint,
1720 1858 1779 1893 pro

999 1895 1168 1940 gravitate
1186 1894 1309 1947 culpae
1328 1896 1535 1941 puniantur,
1556 1905 1625 1930 uon
1640 1894 1780 1930 exclusa

998 1942 1102 1978 officii
1131 1943 1339 1989 privatione.

1020 1988 1131 2026 CAN.
1149 1988 1254 2024 2412.
1276 2010 1299 2015 —
1331 1989 1579 2035 Religiosarum
1598 1989 1703 2025 etiarn
1721 2000 1777 2025 ex-

997 2041 1194 2083 emptarum
1222 2037 1410 2072 Antistitae
1437 2048 1497 2083 pro
1523 2036 1691 2082 gravitate
1708 2036 1778 2072 cul-

1000 2095 1073 2130 pae,
1101 2095 1170 2119 non
1197 2084 1348 2126 exclusa,
1387 2084 1413 2118 51
1450 2095 1504 2119 105
1544 2085 1641 2124 10131,
1670 2083 1774 2119 officii

1000 2131 1203 2177 privatione,
1221 2131 1265 2166 ab
1285 2112 1474 2167 Ordinatio
1489 2131 1551 2166 1001
1568 2131 1773 2176 puniantur:

1070 2178 1101 2213 1.
1107 2180 1122 2201 ⁰
1148 2177 1181 2214 Si
1210 2183 1330 2214 contra
1350 2178 1598 2224 praescriptum
1614 2189 1692 2213 can.
1707 2176 1774 2213 548

997 2225 1092 2261 dotes
1108 2226 1301 2271 puellarum
1317 2230 1534 2271 receptarum
1550 2236 1688 2278 quoquo
1703 2237 1774 2261 mo-

996 2273 1039 2308 do
1081 2273 1283 2319 impendere
1326 2273 1635 2318 praesumpserint,
1679 2273 1774 2308 5-11ν3

996 2331 1132 2365 semper
1157 2320 1368 2364 obligatione
1394 2320 1435 2355 de
1461 2331 1525 2365 quw
1543 2321 1578 2354 10
1598 2331 1675 2355 030.
1691 2319 1770 2358 551:

1067 2368 1117 2401 29
1133 2366 1167 2402 Si
1195 2372 1317 2402 000113
1344 2367 1594 2413 praescriptum
1614 2378 1690 2402 can.
1706 2366 1773 2402 552

995 2414 1178 2449 omiserint
1192 2413 1420 2450 Ordinarium
1438 2415 1500 2449 loci
1517 2415 1698 2450 certiorem
1728 2415 1774 2449 13-

995 2472 1074 2496 0010
1087 2461 1129 2497 (10
1145 2462 1301 2507 proxima
1325 2461 1474 2497 alicuius
1492 2462 1705 2497 admissione
1729 2461 1773 2497 ad

997 2508 1205 2543 novitiatum
1233 2509 1285 2543 vel
1312 2509 1354 2544 ad
1382 2509 1645 2555 professionem.

1042 2554 1127 2591 CAN.
1158 2555 1261 2591 ·)413.
1288 2557 1355 2602 —g
1388 2556 1418 2591 1.
1461 2556 1647 2591 Antistitae
1685 2566 1774 2609 quae

995 2608 1071 2648 post
1099 2603 1266 2638 indictam
1285 2603 1517 2639 visitationem
1536 2603 1714 2648 religiosas
1736 2603 1772 2637 in

992 2650 1098 2685 aliam
1125 2650 1281 2692 domum,
1312 2649 1493 2686 visitatore
1519 2661 1590 2686 000
1627 2661 1710 2685 0005
1713 2661 1772 2685 00-

993 2697 1114 2738 110010,
1135 2697 1393 2740 transtulerint,
1416 2697 1569 2743 itemque
1590 2697 1771 2742 religiosae

992 2755 1126 2787 omnes,
1156 2745 1228 2780 sive
1266 2744 1454 2780 Antistitae
1491 2745 1562 2780 sive
1600 2744 1768 2786 subditae,

993 2802 1082 2837 quae
1108 2802 1168 2837 per
1194 2802 1230 2826 se
1256 2792 1308 2827 vel
1336 2803 1395 2838 per
1420 2791 1517 2832 alios,
1555 2791 1683 2827 directe
1717 2791 1769 2827 vel

992 2839 1173 2879 indirecte,
1203 2839 1382 2884 religiosas
1415 2839 1617 2874 induxerint
1648 2843 1684 2873 ut
1715 2838 1767 2872 in-

993 2890 1186 2931 terrogatae
1211 2897 1230 2921 a
1261 2886 1443 2921 visitatore
1469 2890 1607 2921 taceant
1634 2885 1685 2921 vel
1713 2896 1766 2920 ve-

1326 1277 1528 1325 Superiores
1547 1279 1697 1324 religiosi
1713 1278 1783 1325 qui,
