1950 3313
660 139 741 172 Tl‘r.
770 140 798 173 I.
827 160 837 164 -
866 139 921 174 Dc
948 140 1093 183 lembus
1119 141 1244 174 eccles.
1723 138 1767 172 75

138 259 261 302 habet
298 261 379 302 vim
415 259 662 306 coactixam‚
696 272 819 314 quam
849 257 968 301 debet
1006 257 1158 301 babere
1194 258 1273 310 lex,
1307 258 1356 300 ad
1394 257 1468 300 lioc
1493 257 1600 314 quod
1636 258 1769 300 cilica-

137 333 240 373 citer
274 330 441 373 inducat
476 328 525 372 ad
565 331 774 379 vii-uitem,
812 334 850 371 ut
889 328 1159 384 l'liilosoplius
1193 329 1290 371 dicit
1320 330 1345 369 ¹.
1384 328 1497 371 Hanc.
1521 333 1657 370 autem
1687 330 1767 369 vir-

138 406 266 445 tutem
302 403 534 444 coactivam
573 398 692 441 babet
731 413 901 455 persona
939 399 1101 455 publica
1148 399 1207 456 (ut
1252 399 1409 455 supra),
1445 404 1481 441 ct
1518 399 1609 441 idco
1643 398 1769 441 solius

137 475 225 516 eius
258 477 315 516 est
344 472 454 527 leges
478 471 612 513 lacere
638 486 656 509 »
688 468 715 513 ².
743 496 794 499 —
822 470 993 512 Domum
1021 470 1173 513 dicitur
1198 470 1241 511 »Γ
1271 486 1289 509 «
1316 469 1573 525 promulgata
1601 486 1638 519 »,
1658 469 1764 525 quod

137 543 393 599 intelligatur
425 541 686 587 secundarie,
721 541 887 597 quando
923 540 983 583 lex
1019 541 1298 583 ecclesiastica
1324 540 1506 583 declarat
1546 540 1606 582 rel
1649 540 1767 581 docet

138 615 200 656 ius
232 613 439 665 ditinum,
478 611 631 668 «quod
668 610 869 653 ‹lixinims
914 611 1244 667 promulgatur»
1286 613 1416 666 primo
1452 624 1522 666 per
1556 609 1768 652 revelatio-

136 696 245 735 nem,
284 682 345 726 vel
383 681 569 725 naturale-
603 695 768 738 quoque
805 696 876 737 per
911 684 1136 728 rationem:
1171 682 1241 723 sed
1280 683 1477 736 primario
1511 680 1561 723 ab
1586 679 1767 723 Ecclesia

141 753 442 811 «promulgata
466 769 486 793 »
525 755 600 795 crit
627 752 691 795 lex
719 766 789 808 per
816 755 943 808 ipsam
970 755 1092 795 etiam
1118 752 1297 795 condita.
1326 751 1598 805 Distinguitur
1631 756 1765 793 autem

138 823 416 882 promulgatio
440 836 460 867 a
488 826 630 866 notitia
657 836 728 879 per
751 823 1080 877 divulgationem
1106 827 1303 879 sequuta:
1341 821 1406 864 illa
1432 824 1539 864 enim
1572 826 1629 863 est
1655 826 1770 863 actus

137 910 187 939 ex
222 895 469 952 legislatoris
507 894 716 937 voluntate
753 896 1002 951 respic-itque
1036 893 1193 936 directe
1226 895 1464 935 societatem
1511 905 1589 948 qua
1633 891 1770 943 talem,

137 965 239 1009 haec
274 968 458 1009 nascitur
501 968 538 1007 in
585 964 812 1007 individuis
856 969 891 1006 ct
934 963 1156 1021 aliquando
1200 976 1248 1006 ex
1298 964 1554 1018 privatorum
1591 964 1769 1003 testimo-

138 1039 209 1080 nio
245 1036 324 1080 tide
358 1036 497 1093 digno.

258 1108 326 1152 59.
363 1109 659 1153 Differentia
692 1109 851 1164 legem
886 1109 1011 1152 inter
1045 1110 1092 1151 et
1126 1109 1443 1162 praeceptum
1488 1118 1546 1149 ac
1589 1107 1773 1148 statuta

137 1192 186 1223 ex
221 1179 342 1222 dictis
378 1178 546 1235 patebit.
587 1180 836 1221 «Statutuni
862 1194 881 1218 ›>
925 1182 985 1220 est
1028 1176 1217 1229 verbum,
1259 1176 1368 1232 quod
1424 1178 1459 1216 x‘i
1514 1188 1608 1217 usus
1653 1174 1770 1219 liabct

135 1249 353 1293 iuridicain
388 1251 742 1305 significationem
778 1247 1122 1291 universaliorem
1162 1246 1374 1290 vocabulis
1415 1262 1434 1285 «
1461 1250 1726 1301 praecepium
1748 1261 1767 1285 »

135 1333 183 1364 ac
232 1320 339 1364 «lex
386 1320 673 1363 ecclesiastica
700 1336 736 1360 ³).
784 1345 835 1349 ——
880 1321 1084 1361 Statutum
1135 1319 1244 1360 enim
1293 1317 1399 1359 idem
1436 1320 1551 1359 sonat
1586 1328 1632 1357 ac
1667 1315 1772 1356 ordi-

134 1394 245 1435 natio
280 1391 484 1448 quaedam
526 1392 696 1434 rationis
732 1392 937 1446 practicae
971 1388 1195 1446 sequenda,
1225 1386 1552 1444 praescindendo
1577 1399 1596 1428 a
1629 1390 1770 1428 natura

140 1464 353 1519 potestatis
401 1461 453 1505 ob
503 1473 628 1519 quam
678 1462 829 1505 t'ertur:
877 1460 1051 1517 ideoque
1095 1458 1327 1515 applicatur
1365 1462 1403 1500 et
1443 1471 1494 1499 ss.
1531 1455 1771 1509 canonibus,

137 1533 302 1590 quando
351 1533 507 1576 dicitur
545 1548 565 1573 «
589 1536 740 1575 statuta
774 1546 826 1574 ss.
860 1544 1128 1578 canonum»,
1179 1534 1217 1572 et
1269 1529 1555 1585 religiosorum
1605 1527 1773 1583 regulis,

138 1617 243 1662 quae
268 1606 355 1647 sine
379 1603 624 1647 difficultate
657 1603 919 1659 appellantur
955 1604 1118 1658 proprie
1149 1616 1168 1641 ((
1194 1605 1344 1643 statuta
1378 1612 1520 1642 eorum
1547 1615 1584 1650 »,
1620 1603 1657 1641 et
1693 1598 1774 1640 dis-

136 1675 413 1732 positionibus
449 1688 520 1729 pro
556 1677 716 1717 interno
753 1676 954 1728 regimine
988 1672 1163 1716 alicuius
1195 1670 1365 1728 capituli
1403 1669 1464 1713 vel
1501 1670 1774 1713 confraterni-

137 1749 232 1790 tatis
266 1747 358 1790 latis
391 1745 547 1803 absque
582 1745 868 1788 iurisdictione
906 1744 968 1786 vel
1004 1745 1249 1786 auctoritate
1284 1741 1564 1798 praecipiendi
1607 1738 1772 1796 publica

137 1823 206 1862 aut
244 1820 418 1874 privata.
454 1843 508 1848 —
548 1817 910 1872 «Praeceptum»
948 1820 1006 1858 est
1041 1814 1209 1872 quidem
1245 1813 1451 1856 ordinatio
1488 1813 1673 1863 rationis,
1707 1810 1774 1853 da-

136 1894 223 1932 tum
259 1894 395 1932 tamen
430 1901 508 1931 non
543 1900 564 1931 a
598 1900 878 1945 quocumque,
902 1886 973 1929 sed
1008 1885 1060 1928 ab
1093 1898 1140 1928 eo
1175 1889 1332 1927 tantuin
1359 1885 1427 1941 qui
1457 1895 1553 1925 vere
1575 1882 1773 1937 Superior

137 1962 187 2003 sit
223 1960 346 2015 illius,
365 1961 431 2003 cui
467 1963 735 2015 praeceptum
773 1960 1013 2013 iniungitur.
1050 1955 1311 1999 Sei-vandum
1349 1959 1408 1998 est
1444 1955 1569 2009 igitur
1594 1955 1630 1995 in
1656 1965 1771 1995 cons-

137 2034 302 2077 cientia.
340 2036 381 2074 ut
416 2043 494 2073 non
531 2034 726 2086 peccetur
759 2042 808 2072 ex
856 2027 1148 2072 inobedientia.
1193 2026 1430 2069 Auctoritas
1479 2037 1574 2067 vero
1622 2024 1774 2079 praeci-

139 2103 292 2159 piendi,
312 2115 390 2159 qua
429 2100 551 2157 pollet
584 2102 796 2157 Superior,
831 2112 908 2154 non
944 2103 1002 2142 est
1037 2097 1171 2155 quoad
1211 2099 1300 2140 eius
1343 2098 1546 2151 originem
1580 2094 1772 2137 determi-

139 2179 248 2228 nata,
284 2186 359 2216 nec
392 2172 527 2230 quoad
564 2173 687 2214 tinem
724 2170 775 2214 ob
809 2184 932 2227 quem
966 2174 1025 2212 est
1059 2169 1295 2212 constituta.
1333 2167 1463 2209 Potest
1499 2178 1598 2221 ergo
1632 2167 1774 2206 imme·

137 2245 250 2288 diate
283 2245 397 2298 oriri,
430 2247 500 2286 aut
533 2256 583 2286 ex
618 2245 847 2293 contractu,
872 2243 977 2284 sicut
1013 2242 1049 2282 in
1070 2240 1267 2282 societate
1292 2236 1511 2291 herili,aut
1537 2249 1586 2278 ex
1613 2239 1771 2285 natura,

142 2315 255 2358 velut
290 2317 328 2357 in
364 2313 606 2371 parentibus
639 2324 737 2369 erga
772 2311 890 2365 tilios,v
924 2315 993 2353 aut
1027 2323 1077 2353 ex
1116 2310 1353 2363 v010,sicut
1386 2309 1424 2349 in
1462 2307 1678 2362 religiosis,
1703 2309 1771 2347 aut

137 2397 189 2429 ex
221 2384 364 2428 divina
383 2385 654 2438 institutione,
679 2385 783 2426 sicut
810 2384 847 2424 in
877 2381 1071 2424 Ecclesia.
1107 2380 1173 2424 Sic
1203 2380 1358 2435 pariter
1392 2378 1484 2420 linis
1517 2376 1772 2419 auctoritatis

139 2455 420 2511 praecipiendi
457 2459 590 2511 potest
635 2466 724 2497 esse
767 2452 1032 2496 commodum
1079 2463 1149 2494 seu
1197 2449 1352 2493 utilitas
1387 2449 1562 2504 privata,
1595 2448 1699 2488 sicut
1734 2447 1770 2486 in

140 2530 340 2583 potestate
374 2525 601 2568 domestica
639 2524 701 2567 vel
740 2526 777 2566 vi
815 2525 908 2578 voti,
945 2524 1114 2565 forsitan
1150 2534 1229 2564 non
1264 2519 1434 2563 exclusa
1461 2517 1632 2561 utilitate
1666 2528 1771 2559 coin·

139 2597 352 2638 munitatis
384 2608 457 2638 seu
491 2597 701 2638 societatis
735 2607 813 2637 non
850 2594 1069 2650 perfectae,
1107 2590 1169 2634 vel
1200 2603 1221 2633 e
1254 2594 1396 2633 contra
1434 2591 1520 2644 ipso
1545 2589 1632 2629 iure
1656 2598 1770 2628 cons-

138 2669 257 2709 tituta
291 2669 352 2708 est
387 2664 453 2707 illa
487 2667 712 2708 auctoritas
747 2665 945 2720 primario
981 2664 1019 2704 in
1056 2661 1207 2704 bonum
1246 2658 1530 2702 membrorum
1565 2657 1771 2698 societatis

138 2738 347 2794 perfectae
381 2748 618 2789 commune,
657 2734 767 2792 quod
812 2735 951 2777 evenit
992 2735 1029 2775 in
1073 2730 1255 2788 qualibet
1302 2729 1463 2786 publica
1511 2727 1771 2778 auctoritate,

260 2889 268 2909 ¹
297 2886 428 2920 Ethic.
451 2885 519 2920 lib.
542 2885 580 2919 X
606 2897 688 2929 cap.
717 2884 792 2919 ult.
822 2904 865 2909 -
893 2884 905 2906 2
932 2883 988 2917 Ib.
1018 2882 1064 2916 ad
1090 2883 1152 2915 ⁴2⁰².
