1950 3313
153 143 247 180 Can.
273 143 365 178 2357
527 142 611 176 Tl'r.
642 143 746 177 XIV.
769 164 781 169 -
801 145 855 179 De
872 145 1022 180 delictis
1039 149 1173 180 contra
1194 149 1313 180 vitum
1332 150 1398 181 etc.
1705 148 1774 181 263

159 265 427 307 «incestus»
467 263 799 317 interpretandus
833 268 891 306 est
924 266 1066 307 stricto
1097 278 1234 319 sensu,
1266 279 1314 308 eo
1350 268 1480 321 magis
1513 266 1620 323 quod
1646 267 1696 310 de
1721 269 1774 309 in-

155 341 268 379 cestu
302 334 354 378 ob
389 332 730 389 impedimentum
765 337 910 377 aetatis
942 338 1051 378 cavit
1084 349 1206 391 supra
1241 348 1386 391 canon,
1430 337 1480 379 de
1525 339 1679 379 incestu
1723 337 1774 380 ol)

153 404 232 448 alia
267 404 563 461 impedimenta
596 408 690 447 sunt
723 404 915 460 specialia
950 418 1153 448 canonum
1181 409 1443 462 praescripta.
1471 406 1638 463 lnsnper
1674 423 1693 447 (t
1720 409 1773 450 le·

154 489 226 533 ges
258 475 563 519 ecclesiasticae
598 474 890 531 intelligendae
923 480 1017 518 sunt
1049 477 1276 519 secundum
1313 479 1519 533 propriam
1554 478 1772 521 verborum

158 547 501 603 significationem
527 560 547 586 ))
585 544 693 602 (can.
733 546 814 600 183,
848 558 895 589 ac
929 547 1100 602 proinde
1137 547 1310 590 verbum
1340 564 1360 588 «
1385 551 1562 591 incestus
1587 564 1607 588 »
1635 550 1775 591 stricto

155 630 291 670 sensu,
324 619 419 674 quia
456 615 535 659 lato
568 629 689 659 sensu
724 622 920 672 acceptus
954 617 1123 660 includit
1156 608 1337 661 actiones
1375 621 1582 675 proprium
1628 632 1774 661 nomen

154 688 376 744 sacrilegii,
409 687 601 730 adulterii
636 686 847 730 habentes.

274 757 460 816 Denique
491 757 568 801 sub
600 761 912 801 enumeratione
945 758 1273 816 delimpieutium
1309 764 1448 802 contra
1483 773 1681 803 canonem
1710 773 1775 802 ve-

154 833 274 874 niunt
311 828 448 873 «laici
485 828 667 885 legitime
700 829 881 873 damuati
908 845 926 870 ›>
964 828 1016 872 ob
1058 829 1322 885 lenocim'mn,
1367 831 1473 886 quod
1520 846 1539 870 <t
1571 833 1665 873 facit
1708 833 1775 888 qui

154 902 418 959 quaestuaria
451 899 510 955 (in
545 899 727 943 libidinis
761 899 899 956 usum)
935 903 1138 956 mancipia
1174 900 1376 952 habuerit,
1410 901 1478 943 sed
1514 907 1552 943 et
1576 904 1643 957 qui
1671 904 1707 944 in
1734 901 1777 944 li-

156 971 265 1016 beris
297 971 374 1015 hoc
406 976 623 1029 quaestum
657 975 838 1026 exercet,
873 973 910 1014 in
945 972 1090 1015 eadem
1126 984 1248 1015 causa
1282 976 1354 1015 est.
1389 974 1485 1015 §ive
1508 977 1642 1015 autem
1671 974 1778 1027 prin-

153 1042 343 1099 cipaliter
376 1041 453 1085 hoc
487 1044 698 1098 negotium
732 1047 861 1098 gerat,
895 1044 983 1085 sive
1017 1042 1187 1085 alterius
1220 1044 1509 1098 negotiationis
1546 1045 1779 1085 accessione

156 1117 316 1156 utatur:
350 1117 393 1156 ut
417 1117 513 1169 puta
545 1115 577 1155 si
611 1124 743 1169 caupo
777 1113 853 1155 fuit
889 1111 950 1154 vel
985 1111 1247 1161 stabularius,
1282 1117 1321 1155 et
1355 1114 1557 1168 mancipia
1593 1112 1685 1155 talia
1710 1112 1777 1156 ha-

159 1183 245 1228 buit
279 1185 554 1227 ministrantia
589 1188 627 1227 et
660 1186 878 1227 occasione
913 1185 1126 1226 ministerii
1161 1188 1378 1240 quaestum
1424 1182 1565 1240 (supra
1605 1183 1779 1228 ‹lictuml

156 1255 393 1298 facientia»
423 1256 450 1296 1.
485 1280 538 1286 —-
570 1254 730 1311 Singuli
763 1266 886 1311 supra
920 1253 1118 1298 declarati
1153 1253 1193 1310 a)
1228 1254 1317 1312 ipso
1362 1253 1570 1310 legitimae
1613 1253 1781 1297 ‹lamna-

155 1327 278 1369 tionis
309 1327 391 1369 iam
425 1325 664 1369 declaratae
695 1324 810 1382 facto
844 1323 1024 1383 infames
1056 1330 1167 1379 sunt,
1200 1324 1380 1368 scilicet:
1421 1325 1632 1367 «infamia
1669 1326 1780 1372 iuris,

155 1409 262 1454 quae
295 1397 384 1440 iure
417 1398 628 1440 communi
661 1398 899 1439 statuitur»
937 1396 1044 1449 (can.
1080 1395 1207 1451 2293,
1240 1397 1265 1449 ἓ
1297 1395 1353 1451 2),
1389 1397 1547 1438 etiamsi
1572 1407 1593 1437 a
1619 1397 1706 1437 iure
1729 1396 1782 1438 ci-

154 1467 224 1510 vili
259 1469 311 1511 sit
343 1467 490 1521 aliena,
524 1472 563 1510 et
596 1466 703 1510 ultra
753 1486 767 1506 «
797 1467 1007 1510 infamiam
1049 1467 1159 1519 facti,
1191 1478 1297 1523 qnae
1331 1465 1381 1509 ob
1416 1470 1620 1522 patratum
1655 1464 1779 1508 delic-

154 1543 242 1582 tum
270 1556 285 1576 »
326 1539 434 1594 (can.
468 1540 537 1581 cit.
569 1539 595 1591 ἓ
628 1537 671 1594 3)
706 1538 888 1580 fortassis
933 1536 1143 1593 publicum
1183 1541 1276 1580 ante
1310 1538 1571 1587 sententiam,
1614 1535 1676 1579 vel
1720 1548 1780 1578 se-

156 1614 284 1666 quuta
323 1614 412 1665 post
450 1609 758 1652 damnationem
803 1621 852 1651 ex
899 1610 998 1651 iuris
1038 1610 1295 1650 noterietate.
1337 1607 1546 1664 Additque
1590 1618 1783 1662 praesens

156 1692 287 1724 canon
320 1685 495 1737 praeter
527 1678 640 1723 alias
669 1692 841 1736 pomum,
877 1684 919 1722 ut
953 1678 1177 1735 plurimum
1215 1679 1489 1721 vindicativas
1527 1689 1782 1729 communes,

157 1764 262 1808 quas
295 1750 359 1794 liic
398 1749 783 1793 «indeterminatas
806 1765 826 1791 »
880 1748 1139 1792 Ordz'narius
1171 1749 1222 1792 ad
1259 1761 1443 1792 normam
1478 1760 1567 1791 cau.
1605 1747 1686 1789 198
1710 1749 1734 1800 g
1762 1747 1774 1788 1

156 1820 425 1879 insliyenclas,
458 1825 625 1864 servato
658 1834 748 1864 can.
785 1820 912 1868 2218,
946 1819 1199 1863 iudicaverit
1233 1819 1358 1862 idest:
1398 1820 1606 1862 censuerit
1649 1819 1781 1860 forsan

156 1898 273 1936 extra
306 1893 520 1936 iudicium.
559 1892 631 1934 l'ro
665 1891 828 1935 delictis
860 1890 1052 1934 omnibus
1091 1890 1212 1933 liuius
1254 1892 1424 1933 canonis
1469 1888 1781 1932 memorandum

158 1966 456 2021 praescriptum
491 1969 597 2007 can.⁸
631 1963 767 2006 2:228:
806 1974 982 2019 «poena
1018 1961 1106 2018 lege
1138 1965 1287 2004 statuta
1324 1961 1412 2017 (seu
1449 1958 1658 2015 infamiae)
1703 1971 1781 2001 nou

157 2036 395 2084 incurritur,
432 2036 506 2077 uisi
541 2033 738 2077 delictum
775 2033 832 2090 (v.
867 2046 928 2089 gr.
967 2034 1212 2075 «incestum
1238 2031 1282 2087 ›))
1318 2032 1501 2074 fueritin
1525 2044 1599 2073 suo
1632 2042 1783 2086 genere

158 2104 252 2162 (hoc
285 2110 364 2149 est:
398 2106 533 2163 quoad
568 2104 856 2161 congressum)
892 2105 1121 2160 perfectum
1158 2102 1319 2159 (saltem
1357 2104 1467 2145 iuxta
1493 2101 1530 2143 id
1555 2101 1663 2158 quod
1691 2112 1785 2156 pru-

157 2175 303 2219 denter
327 2175 676 2232 praesumendum
692 2175 785 2230 est),
801 2173 1030 2218 secuudum
1053 2175 1344 2230 proprietatem
1368 2171 1588 2215 verborum
1620 2170 1721 2226 legis
1744 2184 1783 2224 »‚

157 2258 263 2303 quae
295 2251 412 2289 actus
444 2251 639 2289 externos
670 2250 811 2289 contra
849 2249 1012 2288 sextum
1054 2242 1259 2301 quoslibet
1303 2255 1396 2286 cum
1443 2240 1670 2284 minoribus
1713 2253 1783 2283 ex-

160 2319 320 2373 pressit.

277 2387 305 2445 §
338 2387 375 2430 ’2.
415 2386 510 2443 Qui,
546 2393 589 2431 ut
621 2389 659 2430 in
694 2389 719 2441 ἓ
753 2387 795 2430 10
835 2387 1016 2429 «laici»
1045 2399 1095 2429 ex
1119 2390 1329 2437 contextu,
1364 2384 1404 2441 a)
1425 2383 1634 2440 publicum
1668 2381 1784 2425 ‹ulul-

160 2458 272 2512 terii,
305 2459 414 2516 quod
453 2474 473 2500 <t
499 2460 724 2516 requiritur
747 2459 796 2501 ad
820 2457 1058 2501 subeundas
1083 2468 1234 2513 poenas
1256 2471 1277 2496 n
1305 2455 1482 2498 scilicet:
1520 2456 1663 2510 patrati
1689 2466 1779 2495 cum

159 2529 252 2573 dolo
286 2527 358 2573 Seu
391 2532 530 2573 auimo
567 2529 747 2573 violandi
782 2529 904 2572 fidem
938 2527 1214 2584 coniugalem,
1247 2539 1294 2569 eo
1328 2526 1436 2583 quod
1473 2525 1550 2568 tale
1572 2523 1779 2567 vinculum

159 2605 444 2656 cognoscatur,
479 2605 520 2644 et
551 2613 647 2644 eum
680 2599 831 2644 actuali
869 2598 1014 2656 copula
1059 2597 1228 2651 carnali,
1262 2596 1473 2647 delictum,
1504 2595 1611 2652 quod
1657 2596 1778 2635 «iam

158 2671 420 2728 divulgatum
455 2676 516 2715 est
547 2676 617 2715 aut
652 2670 802 2715 talibus
834 2672 1007 2726 contigit
1039 2682 1110 2712 seu
1138 2672 1326 2711 versatur
1351 2669 1386 2709 in
1408 2668 1611 2709 adiunctis
1632 2670 1670 2707 nt
1692 2677 1782 2720 pru-

100 2730 103 2733 ’
158 2742 304 2786 denter
338 2742 512 2786 iudicari
547 2745 673 2799 possit
706 2747 745 2785 et
778 2740 927 2785 debeat
960 2739 1076 2783 facile
1110 2738 1371 2794 divulgatum
1398 2739 1443 2779 iri
1470 2753 1489 2775 »
1519 2736 1624 2792 (can.
1653 2735 1780 2783 2197,

276 2896 288 2918 1
314 2895 362 2929 D.
395 2895 435 2929 L.
464 2894 535 2935 ΙΙΙ,
565 2895 632 2929 tit.
660 2895 713 2936 II,
744 2894 770 2929 1.
799 2895 834 2928 4.
