1950 3313
135 163 180 197 72
599 160 684 193 [ΛΒ.
713 159 757 193 V.
785 179 797 184 -
825 159 935 192 PARS
961 159 1012 194 II.
1041 178 1053 185 -
1080 160 1136 194 De
1155 162 1294 204 poenis
1439 159 1529 195 Can.
1557 160 1762 196 22282229

135 283 209 324 nisi
245 281 391 323 etiectu
416 283 605 335 sequuto,
630 292 666 319 v.
691 292 752 332 gr.
790 277 1057 321 homicidium
1085 284 1172 334 post
1196 278 1346 323 lethale
1373 279 1521 322 vulnus
1545 280 1761 322 inflictum.

135 351 315 406 ldipsum
353 363 400 391 ex
438 351 526 390 iure
559 347 838 390 Decretaliuni
875 352 1034 390 constat
1076 355 1355 404 congruenter
1398 349 1551 405 regulis
1585 351 1685 392 iuris
1719 351 1757 392 in

135 420 191 476 6⁰,
226 434 317 463 nam
358 419 495 461 «odia
531 420 724 474 restringi
759 420 998 461 convenit»
1041 418 1146 475 (reg.
1183 421 1282 462 iuris
1322 419 1408 476 15),
1454 422 1585 463 «sine
1623 419 1760 475 culpa,

136 504 212 533 non
238 495 297 532 est
322 489 470 545 aliquis
505 489 780 545 puniendus»
820 488 923 545 (reg.
944 491 1045 532 iuris
1080 489 1148 542 23)
1171 494 1210 533 et
1247 505 1266 530 «
1292 492 1330 532 in
1367 493 1507 546 poenis
1540 490 1760 546 benignior

132 566 191 604 est
229 562 513 615 interpretatio
548 559 780 602 facienda»
820 560 925 616 (reg.
961 562 1062 602 iuris
1095 559 1183 616 49).

251 631 318 673 49,
341 632 606 676 excusatio
628 644 659 676 a
682 633 856 687 poenis
879 633 943 676 ob
964 633 1308 686 ignorantiam,
1329 645 1376 674 eo
1395 631 1502 688 quod
1527 631 1629 674 haec
1655 631 1758 674 mul·

130 700 254 757 tiplex
290 703 354 754 sit,
378 700 455 744 sub
478 700 742 743 distinctione
769 700 904 756 legum
942 700 1175 756 poenalium
1205 704 1316 744 venit
1339 702 1654 744 consideranda.
1683 701 1754 745 l)e-

130 772 356 814 linitionem
393 773 651 827 ignorantiae
676 773 841 827 proprie
875 772 1025 824 dictae,
1059 771 1427 828 distinctionesque
1450 774 1579 828 ipsius
1605 773 1760 815 videsis

129 842 382 885 coadunatas
408 844 444 884 in
472 840 779 885 Commentario
804 841 957 884 Textus
981 841 1030 884 ad
1056 854 1145 884 can.
1170 842 1235 884 16.
1256 868 1308 872 ——
1338 841 1437 885 Caii.
1458 845 1597 886 2229.
1622 845 1698 897 {L
1722 845 1751 886 Α

128 912 259 955 nullis
283 911 397 955 latae
419 912 654 954 sententiae
683 911 843 968 poeuis
869 925 1017 967 nempe
1047 927 1066 952 «
1091 912 1378 956 determinatis
1401 913 1605 969 (singuiis,
1629 915 1757 972 quae)

128 985 180 1026 ita
214 985 295 1026 sint
326 983 492 1026 additae
525 982 650 1038 legr..
688 987 729 1025 ut
764 985 1031 1025 incurrantur
1066 984 1152 1038 ipso
1187 983 1292 1026 sacto
1327 986 1536 1026 commissi
1571 984 1751 1028 delicti»

127 1053 235 1110 (can.
271 1053 398 1107 2217,
431 1056 456 1107 ἓ
496 1053 529 1106 l,
564 1053 638 1108 20),
673 1052 923 1110 iynoi‘aiitia
958 1053 1090 1096 idest:
1125 1053 1311 1096 defectus
1344 1056 1606 1109 cognitionis,
1629 1067 1751 1111 quam

125 1123 315 1168 subditus
351 1129 479 1180 potest
507 1137 560 1167 -ac
594 1123 717 1167 debet
760 1122 929 1177 habere,
963 1122 1266 1181 allectata,seti
1302 1124 1458 1167 directe
1506 1124 1654 1168 volitus
1689 1125 1756 1168 ille

126 1195 312 1238 defectus
345 1197 593 1250 cognitionis
626 1193 834 1251 stiveleyi's
867 1194 1058 1251 equidem
1097 1194 1292 1250 poenalis,
1316 1194 1403 1237 sire
1433 1195 1566 1238 solius
1595 1209 1757 1253 poenae

128 1267 164 1308 in
200 1265 344 1308 eodem
370 1269 559 1319 statutae,
580 1270 766 1316 eoecusat,
786 1268 909 1320 atquc
935 1264 1035 1307 haec
1061 1266 1236 1307 inanitas
1260 1267 1516 1320 ignorantiae
1540 1265 1755 1324 affectatae

125 1341 187 1380 est
219 1335 420 1389 absoluta,
456 1335 659 1379 subdente
693 1348 878 1378 canone:
914 1334 1009 1377 lieet
1043 1334 1111 1377 lea·
1148 1335 1354 1391 generalis
1390 1336 1451 1378 vel
1494 1336 1756 1392 particularis

131 1420 302 1463 poenam
337 1411 523 1450 statuens
555 1406 678 1449 vei-ha
701 1405 752 1449 tle
785 1405 931 1463 quibus
965 1411 1166 1449 tractatur
1200 1406 1243 1448 iii
1275 1405 1320 1463 ἕο
1352 1409 1401 1449 ,2ο
1436 1407 1660 1450 contineat.
1695 1407 1754 1451 De

127 1476 203 1520 hac
237 1490 336 1533 ergo
372 1479 603 1533 ignorantia
650 1476 768 1533 plene
805 1477 1044 1519 verificatur
1075 1476 1210 1533 quoad
1258 1489 1532 1533 poenas-reg.
1566 1479 1666 1520 iuris
1700 1477 1754 1520 13

127 1550 163 1591 in
201 1549 272 1591 6⁰:
313 1547 591 1604 «ignorantia
632 1548 739 1602 tacti,
786 1560 864 1589 nou
906 1549 1006 1590 iuris
1032 1540 1221 1590 'excusat
1244 1563 1281 1588 )).
1317 1547 1581 1604 Quapropter
1628 1547 1751 1591 verba

130 1621 353 1662 «scienter
385 1632 454 1661 seu
490 1618 679 1661 affectata
732 1620 977 1673 ignorantia,
1020 1617 1081 1660 rel
1127 1630 1393 1675 quocumque
1441 1617 1520 1660 alio
1555 1619 1754 1674 figmento

124 1691 311 1746 quaesito
346 1691 697 1745 praesumpserint
722 1704 741 1729 ))
773 1702 845 1744 pro
868 1688 1013 1730 eodem
1041 1687 1278 1730 iudicantur
1302 1690 1340 1730 in
1365 1700 1453 1743 cap.
1480 1688 1502 1730 2
1532 1704 1553 1728 α
1576 1688 1627 1731 de
1651 1693 1749 1731 tem-

125 1759 294 1816 poribus
327 1759 633 1802 ordinationum
660 1775 679 1799 »
720 1758 767 1816 (l,
791 1757 835 1814 9)
871 1760 908 1800 in
941 1757 988 1800 6⁰
1012 1759 1062 1801 ad
1099 1758 1391 1801 incurrendam
1428 1760 1514 1814 ipso
1546 1759 1651 1801 facto
1685 1772 1749 1801 su—

122 1832 384 1886 spensionem
421 1830 572 1872 ibidem
618 1834 827 1873 statutam.
1262 1866 1265 1869 a

239 1899 277 1957 ἓ.
305 1900 342 1944 2.
367 1900 417 1942 Si
441 1899 509 1942 leoe
543 1900 740 1956 poenalis,
765 1905 849 1943 tum
885 1900 1105 1956 generalis,
1132 1904 1215 1943 tum
1242 1899 1451 1956 quaelibet
1485 1900 1751 1956 particularis

122 1970 271 2014 habeat
291 1973 327 2013 in
354 1973 595 2027 praescripti
617 1976 758 2014 tenore
780 1971 880 2014 haec
903 1972 1064 2027 singula
1090 1970 1234 2013 verba:
1248 1971 1596 2028 praesumpserit,
1622 1984 1752 2014 auseis

120 2041 266 2098 suerit,
291 2055 397 2099 quae
435 2041 686 2084 voluntatem
723 2042 922 2094 afficiunt,
955 2041 1152 2095 scienter,
1174 2040 1374 2087 studiose,
1414 2054 1521 2098 quae
1556 2044 1745 2097 ignorau-

123 2115 201 2155 tiae
235 2117 514 2168 opponuntur,
559 2113 797 2165 temerarie,
830 2111 1034 2165 consulto,
1074 2125 1180 2169 quac
1223 2114 1503 2168 cognitionem
1540 2112 1751 2164 denotant,

121 2183 267 2240 eqerit,
302 2182 440 2225 aliare
473 2182 647 2232 similia,
671 2185 729 2225 sic
756 2182 960 2225 intellecta
990 2182 1211 2226 verborum
1236 2182 1520 2236 similitudine,
1546 2196 1652 2239 quae
1677 2196 1749 2238 pro

122 2267 264 2296 eorum
300 2254 604 2309 significatione
635 2252 803 2310 pleicani.
839 2253 1118 2309 eoyiiilioiiem
1153 2255 1364 2308 praeviam
1391 2266 1439 2295 ac
1472 2255 1747 2295 concomitan-

122 2328 201 2366 tem
236 2323 580 2366 deliberationem
621 2323 810 2379 eoeiyiciit,
844 2322 921 2365 hac
955 2322 1031 2366 sub
1077 2322 1293 2379 hypothesi
1330 2321 1537 2379 quaelibet
1570 2323 1747 2379 impiita-

120 2393 300 2443 bilitatis
334 2394 572 2437 imminutio
596 2407 645 2437 ex
672 2396 806 2436 causis
830 2393 1102 2436 consideratis
1126 2396 1163 2435 in
1190 2407 1325 2449 praec.
1358 2391 1492 2435 Titulo
1512 2392 1571 2447 ill,
1594 2392 1638 2449 a)
1663 2393 1749 2435 sive

119 2479 170 2507 eoe
200 2470 324 2522 parte
357 2464 608 2519 intellectus,
637 2478 672 2506 v.
698 2478 759 2520 gr.
786 2466 1015 2520 ignorantia
1051 2466 1123 2507 etsi
1149 2463 1380 2520 culpabilis,
1416 2463 1642 2507 dummodo
1666 2477 1744 2506 non

118 2538 170 2578 sit
203 2536 391 2579 atl'ectata
426 2534 477 2578 ob
500 2538 526 2587 ,ξ
551 2548 702 2591 praec,
739 2539 822 2577 tum
849 2534 962 2591 legis,
989 2539 1072 2577 tum
1108 2534 1234 2578 solius
1268 2546 1438 2590 poenae,
1471 2534 1520 2576 atl
1557 2546 1742 2577 normam

120 2619 209 2650 can.
248 2606 388 2659 &2023
426 2605 468 2662 b)
501 2605 588 2648 sire
625 2619 676 2648 θα*
715 2610 840 2662 purte
893 2604 1137 2659 reticulatis,
1175 2619 1212 2648 v.
1255 2618 1314 2660 gr.
1356 2608 1534 2647 «metus
1590 2606 1746 2660 gravis,

119 2679 242 2720 etiam
282 2677 454 2720 relative
490 2682 645 2719 tantum
673 2692 691 2716 ))
731 2676 840 2732 (can.
874 2677 988 2719 2205
1011 2676 1068 2734 §g
1092 2676 1129 2731 2,
1166 2675 1223 2732 3),
1247 2675 1392 2717 eoeimit
1418 2674 1653 2718 huiusmodi
1679 2675 1743 2718 de-

119 2747 373 2804 linquentem
408 2761 432 2789 a
462 2747 610 2804 poenis
642 2746 834 2790 omnibus
869 2760 940 2803 per
972 2746 1225 2789 declaratam
1267 2745 1398 2801 legem
1435 2745 1549 2787 latae
1581 2750 1744 2787 senten—

120 2818 215 2873 tiae,
252 2831 330 2860 non
379 2822 516 2860 autem
553 2831 574 2860 a
611 2820 752 2873 poenis
786 2817 980 2860 terendae
1027 2819 1255 2859 sententiae
1297 2817 1480 2858 fortassis
1512 2814 1564 2858 ab
1597 2815 1740 2858 eadem

119 2887 207 2943 lege
239 2892 428 2930 statutae.
