<?xml version="1.0" encoding="UTF-8"?>
<!DOCTYPE html PUBLIC "-//W3C//DTD XHTML 1.0 Transitional//EN"
    "http://www.w3.org/TR/xhtml1/DTD/xhtml1-transitional.dtd">
<html xmlns="http://www.w3.org/1999/xhtml" xml:lang="en" lang="en">
 <head>
  <title>
</title>
<meta http-equiv="Content-Type" content="text/html;charset=utf-8" />
  <meta name='ocr-system' content='tesseract 3.04.00' />
  <meta name='ocr-capabilities' content='ocr_page ocr_carea ocr_par ocr_line ocrx_word'/>
</head>
<body>
  <div class='ocr_page' id='page_1' title='image "./commentariumtext01blatuoft_0289.png"; bbox 0 0 1950 3313; ppageno 0'>
   <div class='ocr_carea' id='block_1_1' title="bbox 124 198 274 202">
    <p class='ocr_par' dir='ltr' id='par_1_1' title="bbox 124 198 274 202">
     <span class='ocr_line' id='line_1_1' title="bbox 124 198 274 202; baseline 0 0"><span class='ocrx_word' id='word_1_1' title='bbox 124 198 274 202; x_wconf 95' lang='lat' dir='ltr'> </span> 
     </span>
    </p>
   </div>
   <div class='ocr_carea' id='block_1_2' title="bbox 310 198 454 200">
    <p class='ocr_par' dir='ltr' id='par_1_2' title="bbox 310 198 454 200">
     <span class='ocr_line' id='line_1_2' title="bbox 310 198 454 200; baseline 0 0"><span class='ocrx_word' id='word_1_2' title='bbox 310 198 454 200; x_wconf 95' lang='lat' dir='ltr'> </span> 
     </span>
    </p>
   </div>
   <div class='ocr_carea' id='block_1_3' title="bbox 551 198 707 200">
    <p class='ocr_par' dir='ltr' id='par_1_3' title="bbox 551 198 707 200">
     <span class='ocr_line' id='line_1_3' title="bbox 551 198 707 200; baseline 0 0"><span class='ocrx_word' id='word_1_3' title='bbox 551 198 707 200; x_wconf 95' lang='lat' dir='ltr'> </span> 
     </span>
    </p>
   </div>
   <div class='ocr_carea' id='block_1_4' title="bbox 117 252 901 1104">
    <p class='ocr_par' dir='ltr' id='par_1_4' title="bbox 117 252 897 436">
     <span class='ocr_line' id='line_1_4' title="bbox 170 252 895 298; baseline 0.003 -11"><span class='ocrx_word' id='word_1_4' title='bbox 170 252 203 287; x_wconf 89' lang='lat' dir='ltr'>l⁰</span> <span class='ocrx_word' id='word_1_5' title='bbox 243 253 310 296; x_wconf 79' lang='lat' dir='ltr'>Qui</span> <span class='ocrx_word' id='word_1_6' title='bbox 355 257 476 288; x_wconf 86' lang='lat' dir='ltr'>contra</span> <span class='ocrx_word' id='word_1_7' title='bbox 521 254 771 298; x_wconf 88' lang='lat' dir='ltr'>praescriptum</span> <span class='ocrx_word' id='word_1_8' title='bbox 817 265 895 289; x_wconf 79' lang='lat' dir='ltr'>can.</span> 
     </span>
     <span class='ocr_line' id='line_1_5' title="bbox 118 298 897 340; baseline 0.003 -5"><span class='ocrx_word' id='word_1_9' title='bbox 118 298 198 340; x_wconf 77' lang='lat'>955,</span> <span class='ocrx_word' id='word_1_10' title='bbox 236 299 393 335; x_wconf 89' lang='lat' dir='ltr'>alienum</span> <span class='ocrx_word' id='word_1_11' title='bbox 433 300 611 335; x_wconf 90' lang='lat' dir='ltr'>subditum</span> <span class='ocrx_word' id='word_1_12' title='bbox 645 300 719 335; x_wconf 87' lang='lat' dir='ltr'>sine</span> <span class='ocrx_word' id='word_1_13' title='bbox 747 300 897 337; x_wconf 84' lang='lat' dir='ltr'>Ordina-</span> 
     </span>
     <span class='ocr_line' id='line_1_6' title="bbox 117 347 897 394; baseline 0.001 -12"><span class='ocrx_word' id='word_1_14' title='bbox 117 348 157 382; x_wconf 92' lang='lat' dir='ltr'>rii</span> <span class='ocrx_word' id='word_1_15' title='bbox 187 347 315 394; x_wconf 89' lang='lat' dir='ltr'>proprii</span> <span class='ocrx_word' id='word_1_16' title='bbox 357 347 481 383; x_wconf 89' lang='lat' dir='ltr'>litteris</span> <span class='ocrx_word' id='word_1_17' title='bbox 511 347 720 382; x_wconf 86' lang='lat' dir='ltr'>dimissoriis</span> <span class='ocrx_word' id='word_1_18' title='bbox 759 348 897 384; x_wconf 88' lang='lat' dir='ltr'>ordina-</span> 
     </span>
     <span class='ocr_line' id='line_1_7' title="bbox 121 395 252 436; baseline 0 -7"><span class='ocrx_word' id='word_1_19' title='bbox 121 395 252 436; x_wconf 72' lang='lat' dir='ltr'>verint;</span> 
     </span>
    </p>

    <p class='ocr_par' dir='ltr' id='par_1_5' title="bbox 118 440 900 673">
     <span class='ocr_line' id='line_1_8' title="bbox 168 440 896 488; baseline 0.003 -12"><span class='ocrx_word' id='word_1_20' title='bbox 168 442 205 476; x_wconf 70' lang='lat'>2⁰</span> <span class='ocrx_word' id='word_1_21' title='bbox 234 440 300 485; x_wconf 85' lang='lat' dir='ltr'>Qui</span> <span class='ocrx_word' id='word_1_22' title='bbox 322 441 500 477; x_wconf 89' lang='lat' dir='ltr'>subditum</span> <span class='ocrx_word' id='word_1_23' title='bbox 526 441 718 488; x_wconf 86' lang='lat' dir='ltr'>proprium,</span> <span class='ocrx_word' id='word_1_24' title='bbox 737 442 794 486; x_wconf 88' lang='lat' dir='ltr'>qui</span> <span class='ocrx_word' id='word_1_25' title='bbox 815 443 896 478; x_wconf 89' lang='lat' dir='ltr'>alibi</span> 
     </span>
     <span class='ocr_line' id='line_1_9' title="bbox 119 489 900 534; baseline -0.001 -10"><span class='ocrx_word' id='word_1_26' title='bbox 119 493 216 524; x_wconf 89' lang='lat' dir='ltr'>tanto</span> <span class='ocrx_word' id='word_1_27' title='bbox 245 493 397 534; x_wconf 86' lang='lat' dir='ltr'>tempore</span> <span class='ocrx_word' id='word_1_28' title='bbox 425 494 579 524; x_wconf 92' lang='lat' dir='ltr'>moratus</span> <span class='ocrx_word' id='word_1_29' title='bbox 614 489 657 523; x_wconf 92' lang='lat' dir='ltr'>sit</span> <span class='ocrx_word' id='word_1_30' title='bbox 698 494 733 523; x_wconf 93' lang='lat' dir='ltr'>ut</span> <span class='ocrx_word' id='word_1_31' title='bbox 760 491 900 524; x_wconf 82' lang='lat' dir='ltr'>canoni-</span> 
     </span>
     <span class='ocr_line' id='line_1_10' title="bbox 119 535 900 583; baseline 0.001 -11"><span class='ocrx_word' id='word_1_32' title='bbox 119 547 198 572; x_wconf 88' lang='lat' dir='ltr'>cum</span> <span class='ocrx_word' id='word_1_33' title='bbox 227 535 514 581; x_wconf 73' lang='lat' dir='ltr'>impedimentum</span> <span class='ocrx_word' id='word_1_34' title='bbox 542 536 747 571; x_wconf 77' lang='lat' dir='ltr'>contrahere</span> <span class='ocrx_word' id='word_1_35' title='bbox 775 536 819 570; x_wconf 90' lang='lat' dir='ltr'>ibi</span> <span class='ocrx_word' id='word_1_36' title='bbox 843 549 900 583; x_wconf 92' lang='lat' dir='ltr'>po-</span> 
     </span>
     <span class='ocr_line' id='line_1_11' title="bbox 120 583 898 630; baseline 0.003 -12"><span class='ocrx_word' id='word_1_37' title='bbox 120 583 235 621; x_wconf 84' lang='lat' dir='ltr'>tuerit.</span> <span class='ocrx_word' id='word_1_38' title='bbox 251 583 492 619; x_wconf 80' lang='lat' dir='ltr'>ordinaverint</span> <span class='ocrx_word' id='word_1_39' title='bbox 506 588 626 619; x_wconf 84' lang='lat' dir='ltr'>contra</span> <span class='ocrx_word' id='word_1_40' title='bbox 646 584 898 630; x_wconf 85' lang='lat' dir='ltr'>praescriptum</span> 
     </span>
     <span class='ocr_line' id='line_1_12' title="bbox 118 628 564 673; baseline -0.002 -7"><span class='ocrx_word' id='word_1_41' title='bbox 118 643 198 666; x_wconf 80' lang='lat' dir='ltr'>cau.</span> <span class='ocrx_word' id='word_1_42' title='bbox 228 629 309 671; x_wconf 81' lang='lat'><strong>993,</strong></span> <span class='ocrx_word' id='word_1_43' title='bbox 339 642 370 666; x_wconf 91' lang='lat' dir='ltr'>n.</span> <span class='ocrx_word' id='word_1_44' title='bbox 401 628 435 671; x_wconf 83' lang='grc'>4,</span> <span class='ocrx_word' id='word_1_45' title='bbox 465 628 564 673; x_wconf 74' lang='lat'>994;</span> 
     </span>
    </p>

    <p class='ocr_par' dir='ltr' id='par_1_6' title="bbox 119 677 900 864">
     <span class='ocr_line' id='line_1_13' title="bbox 167 677 898 723; baseline 0.003 -12"><span class='ocrx_word' id='word_1_46' title='bbox 167 678 204 713; x_wconf 84' lang='lat'>30</span> <span class='ocrx_word' id='word_1_47' title='bbox 233 677 300 722; x_wconf 87' lang='lat' dir='ltr'>Qui</span> <span class='ocrx_word' id='word_1_48' title='bbox 339 677 493 723; x_wconf 83' lang='lat' dir='ltr'>aliquem</span> <span class='ocrx_word' id='word_1_49' title='bbox 531 678 575 713; x_wconf 86' lang='lat' dir='ltr'>ad</span> <span class='ocrx_word' id='word_1_50' title='bbox 613 678 754 713; x_wconf 82' lang='lat' dir='ltr'>ordines</span> <span class='ocrx_word' id='word_1_51' title='bbox 794 679 898 714; x_wconf 86' lang='lat' dir='ltr'>maio-</span> 
     </span>
     <span class='ocr_line' id='line_1_14' title="bbox 119 725 900 771; baseline 0.001 -11"><span class='ocrx_word' id='word_1_52' title='bbox 119 737 173 761; x_wconf 87' lang='lat' dir='ltr'>res</span> <span class='ocrx_word' id='word_1_53' title='bbox 212 725 288 761; x_wconf 90' lang='lat' dir='ltr'>sine</span> <span class='ocrx_word' id='word_1_54' title='bbox 326 725 427 760; x_wconf 91' lang='lat' dir='ltr'>titulo</span> <span class='ocrx_word' id='word_1_55' title='bbox 466 725 635 761; x_wconf 85' lang='lat' dir='ltr'>canonico</span> <span class='ocrx_word' id='word_1_56' title='bbox 663 726 900 771; x_wconf 84' lang='lat' dir='ltr'>promoverint</span> 
     </span>
     <span class='ocr_line' id='line_1_15' title="bbox 119 771 897 818; baseline -0.001 -10"><span class='ocrx_word' id='word_1_57' title='bbox 119 777 240 808; x_wconf 87' lang='lat' dir='ltr'>contra</span> <span class='ocrx_word' id='word_1_58' title='bbox 283 771 535 818; x_wconf 89' lang='lat' dir='ltr'>praescriptum</span> <span class='ocrx_word' id='word_1_59' title='bbox 574 784 652 808; x_wconf 88' lang='lat' dir='ltr'>can.</span> <span class='ocrx_word' id='word_1_60' title='bbox 686 771 768 815; x_wconf 68' lang='lat'>974,</span> <span class='ocrx_word' id='word_1_61' title='bbox 805 777 824 815; x_wconf 70' lang='grc' dir='ltr'>ξ</span> <span class='ocrx_word' id='word_1_62' title='bbox 867 775 897 815; x_wconf 88' lang='lat' dir='ltr'>l,</span> 
     </span>
     <span class='ocr_line' id='line_1_16' title="bbox 120 819 289 864; baseline 0 -10"><span class='ocrx_word' id='word_1_63' title='bbox 120 831 219 855; x_wconf 92' lang='lat' dir='ltr'>num.</span> <span class='ocrx_word' id='word_1_64' title='bbox 250 819 289 864; x_wconf 79' lang='lat'>73</span> 
     </span>
    </p>

    <p class='ocr_par' dir='ltr' id='par_1_7' title="bbox 119 865 901 1104">
     <span class='ocr_line' id='line_1_17' title="bbox 167 865 900 913; baseline 0.001 -11"><span class='ocrx_word' id='word_1_65' title='bbox 167 866 205 902; x_wconf 74' lang='lat'>40</span> <span class='ocrx_word' id='word_1_66' title='bbox 233 865 316 911; x_wconf 87' lang='lat' dir='ltr'>Qui,</span> <span class='ocrx_word' id='word_1_67' title='bbox 337 867 431 902; x_wconf 88' lang='lat' dir='ltr'>salvo</span> <span class='ocrx_word' id='word_1_68' title='bbox 459 867 613 912; x_wconf 86' lang='lat' dir='ltr'>legitimo</span> <span class='ocrx_word' id='word_1_69' title='bbox 642 867 833 913; x_wconf 85' lang='lat' dir='ltr'>privilegio,</span> <span class='ocrx_word' id='word_1_70' title='bbox 853 879 900 903; x_wconf 90' lang='lat' dir='ltr'>re-</span> 
     </span>
     <span class='ocr_line' id='line_1_18' title="bbox 121 914 901 961; baseline 0.003 -12"><span class='ocrx_word' id='word_1_71' title='bbox 121 915 296 959; x_wconf 82' lang='lat' dir='ltr'>ligiosum,</span> <span class='ocrx_word' id='word_1_72' title='bbox 312 914 355 950; x_wconf 88' lang='lat' dir='ltr'>ad</span> <span class='ocrx_word' id='word_1_73' title='bbox 372 914 542 950; x_wconf 77' lang='lat' dir='ltr'>familiam</span> <span class='ocrx_word' id='word_1_74' title='bbox 564 916 796 961; x_wconf 83' lang='lat' dir='ltr'>pertinentem</span> <span class='ocrx_word' id='word_1_75' title='bbox 812 926 901 961; x_wconf 85' lang='lat' dir='ltr'>quae</span> 
     </span>
     <span class='ocr_line' id='line_1_19' title="bbox 119 962 898 1009; baseline 0.001 -13"><span class='ocrx_word' id='word_1_76' title='bbox 119 962 164 996; x_wconf 89' lang='lat' dir='ltr'>sit</span> <span class='ocrx_word' id='word_1_77' title='bbox 189 966 286 998; x_wconf 80' lang='lat' dir='ltr'>extra</span> <span class='ocrx_word' id='word_1_78' title='bbox 311 962 523 998; x_wconf 85' lang='lat' dir='ltr'>territorium</span> <span class='ocrx_word' id='word_1_79' title='bbox 553 963 661 1009; x_wconf 90' lang='lat' dir='ltr'>ipsius</span> <span class='ocrx_word' id='word_1_80' title='bbox 687 963 898 1004; x_wconf 87' lang='lat' dir='ltr'>ordinantis,</span> 
     </span>
     <span class='ocr_line' id='line_1_20' title="bbox 123 1009 901 1055; baseline 0 -11"><span class='ocrx_word' id='word_1_81' title='bbox 123 1009 371 1055; x_wconf 80' lang='lat' dir='ltr'>promoverint,</span> <span class='ocrx_word' id='word_1_82' title='bbox 401 1010 504 1045; x_wconf 90' lang='lat' dir='ltr'>etiam</span> <span class='ocrx_word' id='word_1_83' title='bbox 525 1021 603 1045; x_wconf 85' lang='lat' dir='ltr'>cum</span> <span class='ocrx_word' id='word_1_84' title='bbox 632 1010 757 1046; x_wconf 87' lang='lat' dir='ltr'>litteris</span> <span class='ocrx_word' id='word_1_85' title='bbox 783 1010 901 1045; x_wconf 86' lang='lat' dir='ltr'>dimis-</span> 
     </span>
     <span class='ocr_line' id='line_1_21' title="bbox 120 1056 900 1104; baseline 0.003 -14"><span class='ocrx_word' id='word_1_86' title='bbox 120 1057 306 1092; x_wconf 87' lang='lat' dir='ltr'>sorialibus</span> <span class='ocrx_word' id='word_1_87' title='bbox 332 1057 462 1104; x_wconf 90' lang='lat' dir='ltr'>proprii</span> <span class='ocrx_word' id='word_1_88' title='bbox 491 1056 700 1103; x_wconf 88' lang='lat' dir='ltr'>Superioris,</span> <span class='ocrx_word' id='word_1_89' title='bbox 721 1058 788 1092; x_wconf 91' lang='lat' dir='ltr'>nisi</span> <span class='ocrx_word' id='word_1_90' title='bbox 818 1058 900 1103; x_wconf 88' lang='lat' dir='ltr'>legi-</span> 
     </span>
    </p>
   </div>
   <div class='ocr_carea' id='block_1_5' title="bbox 488 134 1744 177">
    <p class='ocr_par' dir='ltr' id='par_1_8' title="bbox 488 134 1744 177">
     <span class='ocr_line' id='line_1_22' title="bbox 488 134 1744 177; baseline 0.008 -10"><span class='ocrx_word' id='word_1_91' title='bbox 488 134 572 168; x_wconf 80' lang='lat' dir='ltr'>T1T.</span> <span class='ocrx_word' id='word_1_92' title='bbox 602 135 709 170; x_wconf 67' lang='lat' dir='ltr'><strong>XVI.</strong></span> <span class='ocrx_word' id='word_1_93' title='bbox 738 156 749 161; x_wconf 84' lang='lat'><em>-</em></span> <span class='ocrx_word' id='word_1_94' title='bbox 779 137 833 170; x_wconf 77' lang='lat' dir='ltr'>Dc</span> <span class='ocrx_word' id='word_1_95' title='bbox 851 138 1002 171; x_wconf 70' lang='lat' dir='ltr'>delictis</span> <span class='ocrx_word' id='word_1_96' title='bbox 1024 141 1063 172; x_wconf 70' lang='lat' dir='ltr'>ili</span> <span class='ocrx_word' id='word_1_97' title='bbox 1082 140 1234 173; x_wconf 61' lang='lat' dir='ltr'>(alvitiz.</span> <span class='ocrx_word' id='word_1_98' title='bbox 1265 140 1370 175; x_wconf 66' lang='lat' dir='ltr'>Savr.</span> <span class='ocrx_word' id='word_1_99' title='bbox 1675 143 1744 177; x_wconf 73' lang='lat'>277</span> 
     </span>
    </p>
   </div>
   <div class='ocr_carea' id='block_1_6' title="bbox 972 256 1748 1094">
    <p class='ocr_par' dir='ltr' id='par_1_9' title="bbox 972 256 1746 350">
     <span class='ocr_line' id='line_1_23' title="bbox 972 256 1746 305; baseline 0.006 -15"><span class='ocrx_word' id='word_1_100' title='bbox 972 256 1055 291; x_wconf 88' lang='lat' dir='ltr'>time</span> <span class='ocrx_word' id='word_1_101' title='bbox 1076 257 1255 301; x_wconf 89' lang='lat' dir='ltr'>probatum</span> <span class='ocrx_word' id='word_1_102' title='bbox 1280 259 1379 293; x_wconf 84' lang='lat' dir='ltr'>luerit</span> <span class='ocrx_word' id='word_1_103' title='bbox 1398 259 1548 305; x_wconf 80' lang='lat' dir='ltr'>aliquem</span> <span class='ocrx_word' id='word_1_104' title='bbox 1573 271 1590 295; x_wconf 82' lang='lat' dir='ltr'>e</span> <span class='ocrx_word' id='word_1_105' title='bbox 1609 261 1746 295; x_wconf 74' lang='lat' dir='ltr'>casibus</span> 
     </span>
     <span class='ocr_line' id='line_1_24' title="bbox 973 305 1659 350; baseline 0.009 -13"><span class='ocrx_word' id='word_1_106' title='bbox 973 314 1162 343; x_wconf 81' lang='lat' dir='ltr'>occurrere,</span> <span class='ocrx_word' id='word_1_107' title='bbox 1188 305 1230 339; x_wconf 87' lang='lat' dir='ltr'>de</span> <span class='ocrx_word' id='word_1_108' title='bbox 1256 306 1383 350; x_wconf 86' lang='lat' dir='ltr'>quibus</span> <span class='ocrx_word' id='word_1_109' title='bbox 1411 306 1443 340; x_wconf 88' lang='lat' dir='ltr'>in</span> <span class='ocrx_word' id='word_1_110' title='bbox 1473 318 1549 341; x_wconf 84' lang='lat' dir='ltr'>ran.</span> <span class='ocrx_word' id='word_1_111' title='bbox 1580 307 1659 342; x_wconf 71' lang='lat' dir='ltr'>tititi.</span> 
     </span>
    </p>

    <p class='ocr_par' dir='ltr' id='par_1_10' title="bbox 972 350 1747 776">
     <span class='ocr_line' id='line_1_25' title="bbox 1021 350 1744 396; baseline 0.007 -12"><span class='ocrx_word' id='word_1_112' title='bbox 1021 350 1103 385; x_wconf 55' lang='lat' dir='ltr'>(lix.</span> <span class='ocrx_word' id='word_1_113' title='bbox 1135 350 1237 386; x_wconf 78' lang='lat'>2374.</span> <span class='ocrx_word' id='word_1_114' title='bbox 1271 373 1286 377; x_wconf 95' lang='lat'>-</span> <span class='ocrx_word' id='word_1_115' title='bbox 1316 353 1382 396; x_wconf 82' lang='lat' dir='ltr'>Qui</span> <span class='ocrx_word' id='word_1_116' title='bbox 1423 353 1498 388; x_wconf 85' lang='lat' dir='ltr'>sine</span> <span class='ocrx_word' id='word_1_117' title='bbox 1539 354 1660 389; x_wconf 87' lang='lat' dir='ltr'>litteris</span> <span class='ocrx_word' id='word_1_118' title='bbox 1696 356 1744 389; x_wconf 74' lang='lat' dir='ltr'>vel</span> 
     </span>
     <span class='ocr_line' id='line_1_26' title="bbox 973 398 1747 437; baseline 0.006 -6"><span class='ocrx_word' id='word_1_119' title='bbox 973 408 1050 431; x_wconf 83' lang='lat' dir='ltr'>cum</span> <span class='ocrx_word' id='word_1_120' title='bbox 1081 398 1175 433; x_wconf 84' lang='lat' dir='ltr'>salsis</span> <span class='ocrx_word' id='word_1_121' title='bbox 1202 399 1410 434; x_wconf 87' lang='lat' dir='ltr'>dimissoriis</span> <span class='ocrx_word' id='word_1_122' title='bbox 1439 401 1572 437; x_wconf 89' lang='lat' dir='ltr'>litteris.</span> <span class='ocrx_word' id='word_1_123' title='bbox 1596 402 1645 437; x_wconf 52' lang='lat' dir='ltr'>wel</span> <span class='ocrx_word' id='word_1_124' title='bbox 1665 408 1747 437; x_wconf 85' lang='lat' dir='ltr'>ante</span> 
     </span>
     <span class='ocr_line' id='line_1_27' title="bbox 972 445 1745 493; baseline 0.008 -15"><span class='ocrx_word' id='word_1_125' title='bbox 972 445 1176 480; x_wconf 76' lang='lat' dir='ltr'>canonicam</span> <span class='ocrx_word' id='word_1_126' title='bbox 1204 451 1364 483; x_wconf 80' lang='lat' dir='ltr'>aetatem.</span> <span class='ocrx_word' id='word_1_127' title='bbox 1396 448 1445 481; x_wconf 70' lang='lat' dir='ltr'>vel</span> <span class='ocrx_word' id='word_1_128' title='bbox 1476 459 1533 493; x_wconf 80' lang='lat' dir='ltr'>per</span> <span class='ocrx_word' id='word_1_129' title='bbox 1559 449 1684 484; x_wconf 89' lang='lat' dir='ltr'>saltum</span> <span class='ocrx_word' id='word_1_130' title='bbox 1703 450 1745 484; x_wconf 88' lang='lat' dir='ltr'>ad</span> 
     </span>
     <span class='ocr_line' id='line_1_28' title="bbox 973 492 1747 542; baseline 0.006 -16"><span class='ocrx_word' id='word_1_131' title='bbox 973 492 1112 527; x_wconf 78' lang='lat' dir='ltr'>ordines·</span> <span class='ocrx_word' id='word_1_132' title='bbox 1152 494 1322 529; x_wconf 82' lang='lat' dir='ltr'>malitiose</span> <span class='ocrx_word' id='word_1_133' title='bbox 1360 495 1551 535; x_wconf 78' lang='lat' dir='ltr'>arcesserit,</span> <span class='ocrx_word' id='word_1_134' title='bbox 1584 501 1634 531; x_wconf 84' lang='lat' dir='ltr'>est</span> <span class='ocrx_word' id='word_1_135' title='bbox 1674 497 1747 542; x_wconf 88' lang='lat' dir='ltr'>ipso</span> 
     </span>
     <span class='ocr_line' id='line_1_29' title="bbox 975 539 1744 589; baseline 0.008 -17"><span class='ocrx_word' id='word_1_136' title='bbox 975 539 1061 573; x_wconf 78' lang='lat' dir='ltr'>facto</span> <span class='ocrx_word' id='word_1_137' title='bbox 1088 550 1107 574; x_wconf 88' lang='lat' dir='ltr'>a</span> <span class='ocrx_word' id='word_1_138' title='bbox 1134 546 1270 586; x_wconf 83' lang='lat' dir='ltr'>recepto</span> <span class='ocrx_word' id='word_1_139' title='bbox 1303 542 1424 577; x_wconf 81' lang='lat' dir='ltr'>ordine</span> <span class='ocrx_word' id='word_1_140' title='bbox 1450 554 1659 588; x_wconf 47' lang='lat' dir='ltr'>suspensum</span> <span class='ocrx_word' id='word_1_141' title='bbox 1687 544 1744 589; x_wconf 84' lang='lat' dir='ltr'>qui</span> 
     </span>
     <span class='ocr_line' id='line_1_30' title="bbox 973 587 1745 625; baseline 0.008 -6"><span class='ocrx_word' id='word_1_142' title='bbox 973 591 1086 620; x_wconf 87' lang='lat' dir='ltr'>autem</span> <span class='ocrx_word' id='word_1_143' title='bbox 1116 587 1191 621; x_wconf 89' lang='lat' dir='ltr'>sine</span> <span class='ocrx_word' id='word_1_144' title='bbox 1219 588 1341 622; x_wconf 76' lang='lat' dir='ltr'>litteris</span> <span class='ocrx_word' id='word_1_145' title='bbox 1376 589 1668 625; x_wconf 69' lang='lat' dir='ltr'>testimonialibus</span> <span class='ocrx_word' id='word_1_146' title='bbox 1695 591 1745 625; x_wconf 61' lang='lat' dir='ltr'>iel</span> 
     </span>
     <span class='ocr_line' id='line_1_31' title="bbox 973 632 1747 680; baseline 0.005 -13"><span class='ocrx_word' id='word_1_147' title='bbox 973 632 1134 668; x_wconf 89' lang='lat' dir='ltr'>detentus</span> <span class='ocrx_word' id='word_1_148' title='bbox 1163 635 1279 680; x_wconf 87' lang='lat' dir='ltr'>aliqua</span> <span class='ocrx_word' id='word_1_149' title='bbox 1311 647 1468 676; x_wconf 73' lang='lat' dir='ltr'>censura,</span> <span class='ocrx_word' id='word_1_150' title='bbox 1495 637 1747 680; x_wconf 73' lang='lat' dir='ltr'>irregularitate</span> 
     </span>
     <span class='ocr_line' id='line_1_32' title="bbox 973 680 1745 728; baseline 0.003 -13"><span class='ocrx_word' id='word_1_151' title='bbox 973 680 1083 715; x_wconf 75' lang='lat' dir='ltr'>aliove</span> <span class='ocrx_word' id='word_1_152' title='bbox 1101 681 1363 727; x_wconf 79' lang='lat' dir='ltr'>impedimento.</span> <span class='ocrx_word' id='word_1_153' title='bbox 1382 683 1547 727; x_wconf 79' lang='lat' dir='ltr'>gravibus</span> <span class='ocrx_word' id='word_1_154' title='bbox 1564 685 1682 728; x_wconf 85' lang='lat' dir='ltr'>poenis</span> <span class='ocrx_word' id='word_1_155' title='bbox 1697 698 1745 717; x_wconf 68' lang='lat' dir='ltr'>sc·-</span> 
     </span>
     <span class='ocr_line' id='line_1_33' title="bbox 973 728 1666 776; baseline 0.007 -15"><span class='ocrx_word' id='word_1_156' title='bbox 973 728 1127 762; x_wconf 90' lang='lat' dir='ltr'>cundum</span> <span class='ocrx_word' id='word_1_157' title='bbox 1156 740 1269 763; x_wconf 90' lang='lat' dir='ltr'>rerum</span> <span class='ocrx_word' id='word_1_158' title='bbox 1298 730 1460 765; x_wconf 81' lang='lat' dir='ltr'>adiuncta</span> <span class='ocrx_word' id='word_1_159' title='bbox 1491 731 1666 776; x_wconf 76' lang='lat' dir='ltr'>puniatur.</span> 
     </span>
    </p>

    <p class='ocr_par' dir='ltr' id='par_1_11' title="bbox 973 774 1748 1094">
     <span class='ocr_line' id='line_1_34' title="bbox 1022 774 1747 822; baseline 0.006 -13"><span class='ocrx_word' id='word_1_160' title='bbox 1022 774 1104 811; x_wconf 61' lang='lat' dir='ltr'>(ij.</span> <span class='ocrx_word' id='word_1_161' title='bbox 1136 775 1239 810; x_wconf 73' lang='lat'><strong>2375.</strong></span> <span class='ocrx_word' id='word_1_162' title='bbox 1262 796 1282 802; x_wconf 88' lang='lat'>-</span> <span class='ocrx_word' id='word_1_163' title='bbox 1308 777 1474 811; x_wconf 73' lang='lat' dir='ltr'>Catholici</span> <span class='ocrx_word' id='word_1_164' title='bbox 1496 778 1552 822; x_wconf 88' lang='lat' dir='ltr'>qui</span> <span class='ocrx_word' id='word_1_165' title='bbox 1575 779 1747 813; x_wconf 86' lang='lat' dir='ltr'>matrimo-</span> 
     </span>
     <span class='ocr_line' id='line_1_35' title="bbox 974 822 1745 863; baseline 0.005 -8"><span class='ocrx_word' id='word_1_166' title='bbox 974 822 1071 857; x_wconf 87' lang='lat' dir='ltr'>nium</span> <span class='ocrx_word' id='word_1_167' title='bbox 1110 823 1270 863; x_wconf 80' lang='lat' dir='ltr'>mixtum,</span> <span class='ocrx_word' id='word_1_168' title='bbox 1299 824 1360 858; x_wconf 83' lang='lat' dir='ltr'>etsi</span> <span class='ocrx_word' id='word_1_169' title='bbox 1390 825 1554 860; x_wconf 69' lang='lat' dir='ltr'>validum.</span> <span class='ocrx_word' id='word_1_170' title='bbox 1586 826 1661 860; x_wconf 82' lang='lat' dir='ltr'>sinc</span> <span class='ocrx_word' id='word_1_171' title='bbox 1690 826 1745 860; x_wconf 64' lang='lat' dir='ltr'>tiv-</span> 
     </span>
     <span class='ocr_line' id='line_1_36' title="bbox 973 869 1744 916; baseline 0.004 -12"><span class='ocrx_word' id='word_1_172' title='bbox 973 869 1098 904; x_wconf 85' lang='lat' dir='ltr'>clesiae</span> <span class='ocrx_word' id='word_1_173' title='bbox 1123 870 1384 916; x_wconf 77' lang='lat' dir='ltr'>dispensatione</span> <span class='ocrx_word' id='word_1_174' title='bbox 1405 872 1491 907; x_wconf 84' lang='lat' dir='ltr'>inire</span> <span class='ocrx_word' id='word_1_175' title='bbox 1509 873 1581 906; x_wconf 86' lang='lat' dir='ltr'>ausi</span> <span class='ocrx_word' id='word_1_176' title='bbox 1605 873 1744 911; x_wconf 71' lang='lat' dir='ltr'>luerint,</span> 
     </span>
     <span class='ocr_line' id='line_1_37' title="bbox 975 916 1747 963; baseline 0.006 -13"><span class='ocrx_word' id='word_1_177' title='bbox 975 916 1047 962; x_wconf 89' lang='lat' dir='ltr'>ipso</span> <span class='ocrx_word' id='word_1_178' title='bbox 1071 918 1157 952; x_wconf 84' lang='lat' dir='ltr'>t&#39;acto</span> <span class='ocrx_word' id='word_1_179' title='bbox 1176 918 1219 952; x_wconf 85' lang='lat' dir='ltr'>ab</span> <span class='ocrx_word' id='word_1_180' title='bbox 1237 918 1373 953; x_wconf 83' lang='lat' dir='ltr'>actibus</span> <span class='ocrx_word' id='word_1_181' title='bbox 1401 919 1563 963; x_wconf 76' lang='lat' dir='ltr'>legitimis</span> <span class='ocrx_word' id='word_1_182' title='bbox 1589 921 1747 955; x_wconf 73' lang='lat' dir='ltr'>ecclesia-</span> 
     </span>
     <span class='ocr_line' id='line_1_38' title="bbox 974 964 1745 1002; baseline 0.004 -4"><span class='ocrx_word' id='word_1_183' title='bbox 974 964 1069 999; x_wconf 85' lang='lat' dir='ltr'>sticis</span> <span class='ocrx_word' id='word_1_184' title='bbox 1094 969 1126 999; x_wconf 84' lang='lat' dir='ltr'>et</span> <span class='ocrx_word' id='word_1_185' title='bbox 1153 964 1474 1001; x_wconf 83' lang='lat' dir='ltr'>Sacramentalibus</span> <span class='ocrx_word' id='word_1_186' title='bbox 1512 966 1638 1001; x_wconf 66' lang='lat' dir='ltr'>exclusi</span> <span class='ocrx_word' id='word_1_187' title='bbox 1678 980 1745 1002; x_wconf 82' lang='lat' dir='ltr'>nia-</span> 
     </span>
     <span class='ocr_line' id='line_1_39' title="bbox 975 1012 1748 1059; baseline 0 -14"><span class='ocrx_word' id='word_1_188' title='bbox 975 1016 1074 1054; x_wconf 72' lang='lat' dir='ltr'>nent7</span> <span class='ocrx_word' id='word_1_189' title='bbox 1103 1012 1212 1047; x_wconf 84' lang='lat' dir='ltr'>donec</span> <span class='ocrx_word' id='word_1_190' title='bbox 1238 1012 1281 1047; x_wconf 87' lang='lat' dir='ltr'>ab</span> <span class='ocrx_word' id='word_1_191' title='bbox 1310 1012 1497 1048; x_wconf 83' lang='lat' dir='ltr'>Ordinario</span> <span class='ocrx_word' id='word_1_192' title='bbox 1523 1014 1748 1059; x_wconf 75' lang='lat' dir='ltr'>dispensatio-</span> 
     </span>
     <span class='ocr_line' id='line_1_40' title="bbox 975 1059 1313 1094; baseline 0.003 -1"><span class='ocrx_word' id='word_1_193' title='bbox 975 1070 1055 1094; x_wconf 90' lang='lat' dir='ltr'>nem</span> <span class='ocrx_word' id='word_1_194' title='bbox 1083 1059 1313 1094; x_wconf 84' lang='lat' dir='ltr'>obtinuerint.</span> 
     </span>
    </p>
   </div>
   <div class='ocr_carea' id='block_1_7' title="bbox 0 0 52 3313">
    <p class='ocr_par' dir='ltr' id='par_1_12' title="bbox 0 0 52 3313">
     <span class='ocr_line' id='line_1_41' title="bbox 0 0 52 3313; baseline 0 0"><span class='ocrx_word' id='word_1_195' title='bbox 0 0 52 3313; x_wconf 95' lang='lat' dir='ltr'> </span> 
     </span>
    </p>
   </div>
   <div class='ocr_carea' id='block_1_8' title="bbox 126 1174 1747 1303">
    <p class='ocr_par' dir='ltr' id='par_1_13' title="bbox 126 1174 1747 1303">
     <span class='ocr_line' id='line_1_42' title="bbox 241 1174 1745 1233; baseline 0.005 -15"><span class='ocrx_word' id='word_1_196' title='bbox 241 1174 338 1218; x_wconf 73' lang='lat'>⁶205.</span> <span class='ocrx_word' id='word_1_197' title='bbox 374 1177 632 1233; x_wconf 81' lang='lat' dir='ltr'>Inscriptio</span> <span class='ocrx_word' id='word_1_198' title='bbox 664 1177 812 1222; x_wconf 85' lang='lat' dir='ltr'>Tituli</span> <span class='ocrx_word' id='word_1_199' title='bbox 845 1180 894 1222; x_wconf 88' lang='lat' dir='ltr'>et</span> <span class='ocrx_word' id='word_1_200' title='bbox 926 1180 1093 1222; x_wconf 86' lang='lat' dir='ltr'>mutua</span> <span class='ocrx_word' id='word_1_201' title='bbox 1126 1191 1366 1223; x_wconf 87' lang='lat' dir='ltr'>canonum</span> <span class='ocrx_word' id='word_1_202' title='bbox 1400 1180 1660 1225; x_wconf 83' lang='lat' dir='ltr'>ordinatio.</span> <span class='ocrx_word' id='word_1_203' title='bbox 1695 1205 1745 1209; x_wconf 90' lang='lat'><strong>—</strong></span> 
     </span>
     <span class='ocr_line' id='line_1_43' title="bbox 126 1243 1747 1303; baseline 0.002 -16"><span class='ocrx_word' id='word_1_204' title='bbox 126 1243 288 1287; x_wconf 72' lang='lat' dir='ltr'>Titulus</span> <span class='ocrx_word' id='word_1_205' title='bbox 322 1243 427 1288; x_wconf 70' lang='lat' dir='ltr'>XVI</span> <span class='ocrx_word' id='word_1_206' title='bbox 453 1250 527 1300; x_wconf 76' lang='lat' dir='ltr'>est,</span> <span class='ocrx_word' id='word_1_207' title='bbox 551 1248 621 1303; x_wconf 90' lang='lat' dir='ltr'>qui</span> <span class='ocrx_word' id='word_1_208' title='bbox 645 1246 847 1289; x_wconf 79' lang='lat' dir='ltr'>directam</span> <span class='ocrx_word' id='word_1_209' title='bbox 873 1249 1175 1290; x_wconf 83' lang='lat' dir='ltr'>connexionem</span> <span class='ocrx_word' id='word_1_210' title='bbox 1199 1260 1292 1290; x_wconf 90' lang='lat' dir='ltr'>cum</span> <span class='ocrx_word' id='word_1_211' title='bbox 1315 1246 1621 1291; x_wconf 77' lang='lat' dir='ltr'>Commentario</span> <span class='ocrx_word' id='word_1_212' title='bbox 1650 1266 1671 1289; x_wconf 70' lang='grc' dir='ltr'><em>α</em></span> <span class='ocrx_word' id='word_1_213' title='bbox 1693 1250 1747 1293; x_wconf 74' lang='lat' dir='ltr'>l)o</span> 
     </span>
    </p>
   </div>
   <div class='ocr_carea' id='block_1_9' title="bbox 88 1314 1751 2932">
    <p class='ocr_par' dir='ltr' id='par_1_14' title="bbox 88 1314 1751 2932">
     <span class='ocr_line' id='line_1_44' title="bbox 120 1314 1746 1376; baseline 0.002 -18"><span class='ocrx_word' id='word_1_214' title='bbox 120 1314 399 1359; x_wconf 69' lang='lat' dir='ltr'>§aeramentis</span> <span class='ocrx_word' id='word_1_215' title='bbox 412 1332 434 1357; x_wconf 86' lang='lat'>))</span> <span class='ocrx_word' id='word_1_216' title='bbox 459 1318 654 1373; x_wconf 84' lang='lat' dir='ltr'>exprimit</span> <span class='ocrx_word' id='word_1_217' title='bbox 672 1318 757 1373; x_wconf 93' lang='lat' dir='ltr'>ipsa</span> <span class='ocrx_word' id='word_1_218' title='bbox 774 1319 1054 1374; x_wconf 81' lang='lat' dir='ltr'>inscriptione:</span> <span class='ocrx_word' id='word_1_219' title='bbox 1071 1317 1130 1360; x_wconf 89' lang='lat' dir='ltr'>De</span> <span class='ocrx_word' id='word_1_220' title='bbox 1148 1317 1448 1376; x_wconf 74' lang='lat' dir='ltr'>clelt&#39;ctis,quae</span> <span class='ocrx_word' id='word_1_221' title='bbox 1464 1321 1500 1362; x_wconf 90' lang='lat' dir='ltr'>in</span> <span class='ocrx_word' id='word_1_222' title='bbox 1516 1333 1605 1363; x_wconf 89' lang='lat' dir='ltr'>can.</span> <span class='ocrx_word' id='word_1_223' title='bbox 1622 1320 1746 1366; x_wconf 65' lang='lat'>2193,</span> 
     </span>
     <span class='ocr_line' id='line_1_45' title="bbox 119 1384 1748 1446; baseline 0.002 -17"><span class='ocrx_word' id='word_1_224' title='bbox 119 1384 147 1444; x_wconf 64' lang='grc' dir='ltr'>ξ</span> <span class='ocrx_word' id='word_1_225' title='bbox 180 1386 198 1429; x_wconf 84' lang='grc'><strong>1</strong></span> <span class='ocrx_word' id='word_1_226' title='bbox 236 1386 405 1431; x_wconf 83' lang='lat' dir='ltr'>definita</span> <span class='ocrx_word' id='word_1_227' title='bbox 440 1388 618 1442; x_wconf 76' lang='lat' dir='ltr'>suerunt,</span> <span class='ocrx_word' id='word_1_228' title='bbox 653 1387 694 1444; x_wconf 91' lang='lat' dir='ltr'>a)</span> <span class='ocrx_word' id='word_1_229' title='bbox 729 1387 773 1430; x_wconf 66' lang='lat' dir='ltr'>in</span> <span class='ocrx_word' id='word_1_230' title='bbox 807 1387 1193 1439; x_wconf 62' lang='lat' dir='ltr'>administratione,</span> <span class='ocrx_word' id='word_1_231' title='bbox 1219 1402 1326 1446; x_wconf 85' lang='lat' dir='ltr'>quae</span> <span class='ocrx_word' id='word_1_232' title='bbox 1352 1390 1523 1446; x_wconf 83' lang='lat' dir='ltr'>proinde</span> <span class='ocrx_word' id='word_1_233' title='bbox 1557 1393 1594 1433; x_wconf 87' lang='lat' dir='ltr'>in</span> <span class='ocrx_word' id='word_1_234' title='bbox 1632 1393 1748 1433; x_wconf 84' lang='lat' dir='ltr'>ruini-</span> 
     </span>
     <span class='ocr_line' id='line_1_46' title="bbox 119 1456 1747 1516; baseline 0.002 -16"><span class='ocrx_word' id='word_1_235' title='bbox 119 1463 204 1500; x_wconf 89' lang='lat' dir='ltr'>stro</span> <span class='ocrx_word' id='word_1_236' title='bbox 239 1460 478 1514; x_wconf 82' lang='lat' dir='ltr'>puniuntur,</span> <span class='ocrx_word' id='word_1_237' title='bbox 513 1461 587 1502; x_wconf 83' lang='lat' dir='ltr'>etsi</span> <span class='ocrx_word' id='word_1_238' title='bbox 622 1461 726 1502; x_wconf 87' lang='lat' dir='ltr'>ratio</span> <span class='ocrx_word' id='word_1_239' title='bbox 761 1456 926 1502; x_wconf 91' lang='lat' dir='ltr'>illorum</span> <span class='ocrx_word' id='word_1_240' title='bbox 952 1462 989 1502; x_wconf 92' lang='lat' dir='ltr'>iu</span> <span class='ocrx_word' id='word_1_241' title='bbox 1013 1462 1276 1516; x_wconf 88' lang='lat' dir='ltr'>suscipientis</span> <span class='ocrx_word' id='word_1_242' title='bbox 1298 1460 1530 1504; x_wconf 78' lang='lat' dir='ltr'>defectibus</span> <span class='ocrx_word' id='word_1_243' title='bbox 1565 1463 1747 1505; x_wconf 82' lang='lat' dir='ltr'>invenia-</span> 
     </span>
     <span class='ocr_line' id='line_1_47' title="bbox 121 1528 1747 1588; baseline 0.003 -17"><span class='ocrx_word' id='word_1_244' title='bbox 121 1533 199 1583; x_wconf 85' lang='lat' dir='ltr'>tur,</span> <span class='ocrx_word' id='word_1_245' title='bbox 226 1528 267 1586; x_wconf 92' lang='lat' dir='ltr'>b)</span> <span class='ocrx_word' id='word_1_246' title='bbox 292 1529 355 1572; x_wconf 79' lang='lat' dir='ltr'>vel</span> <span class='ocrx_word' id='word_1_247' title='bbox 377 1530 654 1588; x_wconf 74' lang='lat' dir='ltr'>susceptione,</span> <span class='ocrx_word' id='word_1_248' title='bbox 681 1530 895 1574; x_wconf 81' lang='lat' dir='ltr'>videlicet:</span> <span class='ocrx_word' id='word_1_249' title='bbox 930 1544 1105 1588; x_wconf 86' lang='lat' dir='ltr'>quorum</span> <span class='ocrx_word' id='word_1_250' title='bbox 1143 1545 1236 1574; x_wconf 90' lang='lat' dir='ltr'>reus</span> <span class='ocrx_word' id='word_1_251' title='bbox 1269 1537 1329 1574; x_wconf 87' lang='lat' dir='ltr'>est</span> <span class='ocrx_word' id='word_1_252' title='bbox 1361 1534 1591 1588; x_wconf 82' lang='lat' dir='ltr'>suscipiens</span> <span class='ocrx_word' id='word_1_253' title='bbox 1612 1545 1747 1576; x_wconf 89' lang='lat' dir='ltr'>sacra-</span> 
     </span>
     <span class='ocr_line' id='line_1_48' title="bbox 123 1600 1750 1660; baseline 0.003 -18"><span class='ocrx_word' id='word_1_254' title='bbox 123 1604 322 1655; x_wconf 88' lang='lat' dir='ltr'>mentum,</span> <span class='ocrx_word' id='word_1_255' title='bbox 356 1603 550 1658; x_wconf 74' lang='lat' dir='ltr'>quamvis</span> <span class='ocrx_word' id='word_1_256' title='bbox 583 1600 720 1645; x_wconf 87' lang='lat' dir='ltr'>delicti</span> <span class='ocrx_word' id='word_1_257' title='bbox 755 1614 879 1645; x_wconf 88' lang='lat' dir='ltr'>causa</span> <span class='ocrx_word' id='word_1_258' title='bbox 912 1604 963 1645; x_wconf 91' lang='lat' dir='ltr'>sit</span> <span class='ocrx_word' id='word_1_259' title='bbox 997 1606 1153 1645; x_wconf 90' lang='lat' dir='ltr'>tautum</span> <span class='ocrx_word' id='word_1_260' title='bbox 1190 1607 1357 1659; x_wconf 87' lang='lat' dir='ltr'>propter</span> <span class='ocrx_word' id='word_1_261' title='bbox 1390 1602 1508 1646; x_wconf 90' lang='lat' dir='ltr'>electi</span> <span class='ocrx_word' id='word_1_262' title='bbox 1533 1603 1750 1660; x_wconf 78' lang='lat' dir='ltr'>qualitates</span> 
     </span>
     <span class='ocr_line' id='line_1_49' title="bbox 123 1670 1747 1728; baseline 0.002 -16"><span class='ocrx_word' id='word_1_263' title='bbox 123 1672 313 1724; x_wconf 88' lang='lat' dir='ltr'>ministri,</span> <span class='ocrx_word' id='word_1_264' title='bbox 346 1670 399 1714; x_wconf 92' lang='lat' dir='ltr'>ob</span> <span class='ocrx_word' id='word_1_265' title='bbox 431 1684 535 1728; x_wconf 85' lang='lat' dir='ltr'>quas</span> <span class='ocrx_word' id='word_1_266' title='bbox 567 1671 633 1715; x_wconf 91' lang='lat' dir='ltr'>hic</span> <span class='ocrx_word' id='word_1_267' title='bbox 667 1676 727 1716; x_wconf 87' lang='lat' dir='ltr'>est</span> <span class='ocrx_word' id='word_1_268' title='bbox 760 1671 991 1728; x_wconf 88' lang='lat' dir='ltr'>prohibitus</span> <span class='ocrx_word' id='word_1_269' title='bbox 1023 1678 1329 1716; x_wconf 83' lang='lat' dir='ltr'>sacramentum</span> <span class='ocrx_word' id='word_1_270' title='bbox 1364 1675 1611 1728; x_wconf 82' lang='lat' dir='ltr'>ministrare,</span> <span class='ocrx_word' id='word_1_271' title='bbox 1635 1673 1747 1717; x_wconf 77' lang='lat' dir='ltr'>ordi-</span> 
     </span>
     <span class='ocr_line' id='line_1_50' title="bbox 88 1742 1750 1806; baseline 0.003 -24"><span class='ocrx_word' id='word_1_272' title='bbox 88 1790 100 1806; x_wconf 49' lang='lat'><em>&#39;</em></span> <span class='ocrx_word' id='word_1_273' title='bbox 123 1756 218 1783; x_wconf 74' lang='lat' dir='ltr'>›21an</span> <span class='ocrx_word' id='word_1_274' title='bbox 252 1743 291 1784; x_wconf 91' lang='lat' dir='ltr'>in</span> <span class='ocrx_word' id='word_1_275' title='bbox 336 1742 527 1799; x_wconf 89' lang='lat' dir='ltr'>ampliori</span> <span class='ocrx_word' id='word_1_276' title='bbox 569 1744 872 1799; x_wconf 82' lang='lat' dir='ltr'>significatione</span> <span class='ocrx_word' id='word_1_277' title='bbox 915 1744 963 1787; x_wconf 93' lang='lat' dir='ltr'>ad</span> <span class='ocrx_word' id='word_1_278' title='bbox 1004 1757 1192 1787; x_wconf 89' lang='lat' dir='ltr'>normam</span> <span class='ocrx_word' id='word_1_279' title='bbox 1226 1757 1317 1787; x_wconf 85' lang='lat' dir='ltr'>can.</span> <span class='ocrx_word' id='word_1_280' title='bbox 1352 1745 1449 1799; x_wconf 76' lang='lat'>950,</span> <span class='ocrx_word' id='word_1_281' title='bbox 1485 1743 1750 1802; x_wconf 76' lang='lat' dir='ltr'>aliorumque</span> 
     </span>
     <span class='ocr_line' id='line_1_51' title="bbox 120 1813 1750 1872; baseline 0.003 -20"><span class='ocrx_word' id='word_1_282' title='bbox 120 1817 497 1872; x_wconf 61' lang='lat' dir='ltr'>sacramentomyri,</span> <span class='ocrx_word' id='word_1_283' title='bbox 533 1818 617 1856; x_wconf 89' lang='lat' dir='ltr'>tum</span> <span class='ocrx_word' id='word_1_284' title='bbox 652 1816 837 1856; x_wconf 90' lang='lat' dir='ltr'>omnium</span> <span class='ocrx_word' id='word_1_285' title='bbox 873 1813 1175 1869; x_wconf 88' lang='lat' dir='ltr'>comprehenso</span> <span class='ocrx_word' id='word_1_286' title='bbox 1208 1817 1330 1857; x_wconf 89' lang='lat' dir='ltr'>etiam</span> <span class='ocrx_word' id='word_1_287' title='bbox 1366 1815 1524 1867; x_wconf 81' lang='lat' dir='ltr'>ordine,</span> <span class='ocrx_word' id='word_1_288' title='bbox 1560 1820 1642 1858; x_wconf 92' lang='lat' dir='ltr'>tum</span> <span class='ocrx_word' id='word_1_289' title='bbox 1672 1818 1750 1858; x_wconf 90' lang='lat' dir='ltr'>sin-</span> 
     </span>
     <span class='ocr_line' id='line_1_52' title="bbox 120 1882 1745 1941; baseline 0.002 -17"><span class='ocrx_word' id='word_1_290' title='bbox 120 1882 322 1938; x_wconf 87' lang='lat' dir='ltr'>gulariter</span> <span class='ocrx_word' id='word_1_291' title='bbox 355 1884 694 1940; x_wconf 84' lang='lat' dir='ltr'>confirmationis,</span> <span class='ocrx_word' id='word_1_292' title='bbox 729 1886 1007 1941; x_wconf 88' lang='lat' dir='ltr'>poenitentiae</span> <span class='ocrx_word' id='word_1_293' title='bbox 1039 1897 1087 1928; x_wconf 92' lang='lat' dir='ltr'>ac</span> <span class='ocrx_word' id='word_1_294' title='bbox 1130 1887 1382 1928; x_wconf 85' lang='lat' dir='ltr'>matrimonii</span> <span class='ocrx_word' id='word_1_295' title='bbox 1417 1887 1534 1928; x_wconf 83' lang='lat' dir='ltr'>mixti</span> <span class='ocrx_word' id='word_1_296' title='bbox 1567 1888 1655 1928; x_wconf 88' lang='lat' dir='ltr'>sine</span> <span class='ocrx_word' id='word_1_297' title='bbox 1688 1886 1745 1927; x_wconf 89' lang='lat' dir='ltr'>di-</span> 
     </span>
     <span class='ocr_line' id='line_1_53' title="bbox 121 1954 1749 2013; baseline 0.002 -18"><span class='ocrx_word' id='word_1_298' title='bbox 121 1955 397 2009; x_wconf 83' lang='lat' dir='ltr'>spensatione.</span> <span class='ocrx_word' id='word_1_299' title='bbox 431 1980 487 1984; x_wconf 88' lang='lat'>——</span> <span class='ocrx_word' id='word_1_300' title='bbox 521 1954 677 1998; x_wconf 87' lang='lat' dir='ltr'>Delicta</span> <span class='ocrx_word' id='word_1_301' title='bbox 711 1967 818 2012; x_wconf 87' lang='lat' dir='ltr'>quae</span> <span class='ocrx_word' id='word_1_302' title='bbox 840 1954 918 1999; x_wconf 89' lang='lat' dir='ltr'>sub</span> <span class='ocrx_word' id='word_1_303' title='bbox 942 1955 1018 1999; x_wconf 90' lang='lat' dir='ltr'>hoc</span> <span class='ocrx_word' id='word_1_304' title='bbox 1042 1955 1160 1998; x_wconf 83' lang='lat' dir='ltr'>titulo</span> <span class='ocrx_word' id='word_1_305' title='bbox 1195 1961 1476 2009; x_wconf 83' lang='lat' dir='ltr'>recensentur,</span> <span class='ocrx_word' id='word_1_306' title='bbox 1500 1956 1749 2013; x_wconf 85' lang='lat' dir='ltr'>quandoque</span> 
     </span>
     <span class='ocr_line' id='line_1_54' title="bbox 120 2024 1746 2084; baseline 0.001 -17"><span class='ocrx_word' id='word_1_307' title='bbox 120 2024 383 2068; x_wconf 89' lang='lat' dir='ltr'>solummodo</span> <span class='ocrx_word' id='word_1_308' title='bbox 418 2028 456 2068; x_wconf 93' lang='lat' dir='ltr'>in</span> <span class='ocrx_word' id='word_1_309' title='bbox 492 2028 680 2069; x_wconf 87' lang='lat' dir='ltr'>ministro</span> <span class='ocrx_word' id='word_1_310' title='bbox 717 2025 779 2069; x_wconf 80' lang='lat' dir='ltr'>rel</span> <span class='ocrx_word' id='word_1_311' title='bbox 813 2025 1000 2070; x_wconf 90' lang='lat' dir='ltr'>subiecto</span> <span class='ocrx_word' id='word_1_312' title='bbox 1025 2028 1264 2083; x_wconf 71' lang='lat' dir='ltr'>puniuntur,</span> <span class='ocrx_word' id='word_1_313' title='bbox 1290 2027 1539 2084; x_wconf 85' lang='lat' dir='ltr'>quandoque</span> <span class='ocrx_word' id='word_1_314' title='bbox 1563 2027 1683 2070; x_wconf 90' lang='lat' dir='ltr'>simul</span> <span class='ocrx_word' id='word_1_315' title='bbox 1711 2030 1746 2069; x_wconf 90' lang='lat' dir='ltr'>in</span> 
     </span>
     <span class='ocr_line' id='line_1_55' title="bbox 121 2095 1750 2155; baseline 0.001 -17"><span class='ocrx_word' id='word_1_316' title='bbox 121 2099 312 2154; x_wconf 79' lang='lat' dir='ltr'>utroque,</span> <span class='ocrx_word' id='word_1_317' title='bbox 348 2109 425 2140; x_wconf 90' lang='lat' dir='ltr'>nec</span> <span class='ocrx_word' id='word_1_318' title='bbox 457 2095 592 2140; x_wconf 90' lang='lat' dir='ltr'>aliena</span> <span class='ocrx_word' id='word_1_319' title='bbox 635 2101 730 2140; x_wconf 90' lang='lat' dir='ltr'>sunt</span> <span class='ocrx_word' id='word_1_320' title='bbox 772 2096 823 2141; x_wconf 91' lang='lat' dir='ltr'>ab</span> <span class='ocrx_word' id='word_1_321' title='bbox 862 2096 939 2140; x_wconf 91' lang='lat' dir='ltr'>hoc</span> <span class='ocrx_word' id='word_1_322' title='bbox 982 2097 1099 2140; x_wconf 89' lang='lat' dir='ltr'>titulo</span> <span class='ocrx_word' id='word_1_323' title='bbox 1141 2097 1219 2140; x_wconf 90' lang='lat' dir='ltr'>alia</span> <span class='ocrx_word' id='word_1_324' title='bbox 1263 2097 1427 2152; x_wconf 78' lang='lat' dir='ltr'>delicta,</span> <span class='ocrx_word' id='word_1_325' title='bbox 1461 2110 1566 2155; x_wconf 88' lang='lat' dir='ltr'>quae</span> <span class='ocrx_word' id='word_1_326' title='bbox 1604 2097 1655 2141; x_wconf 88' lang='lat' dir='ltr'>ab</span> <span class='ocrx_word' id='word_1_327' title='bbox 1688 2097 1750 2140; x_wconf 78' lang='lat' dir='ltr'>liis</span> 
     </span>
     <span class='ocr_line' id='line_1_56' title="bbox 122 2167 1746 2226; baseline 0 -15"><span class='ocrx_word' id='word_1_328' title='bbox 122 2169 452 2222; x_wconf 78' lang='lat' dir='ltr'>committuntur,</span> <span class='ocrx_word' id='word_1_329' title='bbox 483 2179 531 2211; x_wconf 91' lang='lat' dir='ltr'>ac</span> <span class='ocrx_word' id='word_1_330' title='bbox 564 2167 717 2211; x_wconf 90' lang='lat' dir='ltr'>habent</span> <span class='ocrx_word' id='word_1_331' title='bbox 750 2167 991 2211; x_wconf 87' lang='lat' dir='ltr'>relationem</span> <span class='ocrx_word' id='word_1_332' title='bbox 1027 2168 1207 2226; x_wconf 86' lang='lat' dir='ltr'>aliquam</span> <span class='ocrx_word' id='word_1_333' title='bbox 1242 2182 1335 2212; x_wconf 90' lang='lat' dir='ltr'>cum</span> <span class='ocrx_word' id='word_1_334' title='bbox 1370 2171 1654 2223; x_wconf 81' lang='lat' dir='ltr'>sacramentis,</span> <span class='ocrx_word' id='word_1_335' title='bbox 1678 2170 1746 2213; x_wconf 86' lang='lat' dir='ltr'>sed</span> 
     </span>
     <span class='ocr_line' id='line_1_57' title="bbox 123 2238 1750 2296; baseline 0.001 -15"><span class='ocrx_word' id='word_1_336' title='bbox 123 2243 237 2282; x_wconf 79' lang='lat' dir='ltr'>extra</span> <span class='ocrx_word' id='word_1_337' title='bbox 263 2239 446 2294; x_wconf 91' lang='lat' dir='ltr'>ipsorum</span> <span class='ocrx_word' id='word_1_338' title='bbox 470 2238 872 2282; x_wconf 83' lang='lat' dir='ltr'>administrationem</span> <span class='ocrx_word' id='word_1_339' title='bbox 897 2238 948 2282; x_wconf 90' lang='lat' dir='ltr'>ab</span> <span class='ocrx_word' id='word_1_340' title='bbox 973 2238 1135 2282; x_wconf 92' lang='lat' dir='ltr'>illorum</span> <span class='ocrx_word' id='word_1_341' title='bbox 1161 2239 1360 2283; x_wconf 91' lang='lat' dir='ltr'>alterutro</span> <span class='ocrx_word' id='word_1_342' title='bbox 1384 2245 1610 2296; x_wconf 90' lang='lat' dir='ltr'>patrantur.</span> <span class='ocrx_word' id='word_1_343' title='bbox 1635 2238 1750 2284; x_wconf 89' lang='lat' dir='ltr'>Ordo</span> 
     </span>
     <span class='ocr_line' id='line_1_58' title="bbox 122 2309 1751 2368; baseline 0.001 -17"><span class='ocrx_word' id='word_1_344' title='bbox 122 2322 221 2365; x_wconf 90' lang='lat' dir='ltr'>ergo</span> <span class='ocrx_word' id='word_1_345' title='bbox 255 2311 509 2353; x_wconf 86' lang='lat' dir='ltr'>conveniens</span> <span class='ocrx_word' id='word_1_346' title='bbox 541 2309 633 2353; x_wconf 91' lang='lat' dir='ltr'>talis</span> <span class='ocrx_word' id='word_1_347' title='bbox 665 2314 739 2354; x_wconf 91' lang='lat' dir='ltr'>est.</span> <span class='ocrx_word' id='word_1_348' title='bbox 774 2309 936 2354; x_wconf 90' lang='lat' dir='ltr'>Primus</span> <span class='ocrx_word' id='word_1_349' title='bbox 968 2312 1151 2354; x_wconf 92' lang='lat' dir='ltr'>occurrit</span> <span class='ocrx_word' id='word_1_350' title='bbox 1172 2322 1262 2354; x_wconf 91' lang='lat' dir='ltr'>can.</span> <span class='ocrx_word' id='word_1_351' title='bbox 1289 2310 1399 2353; x_wconf 68' lang='lat'>2364</span> <span class='ocrx_word' id='word_1_352' title='bbox 1424 2310 1475 2354; x_wconf 85' lang='lat' dir='ltr'>dc</span> <span class='ocrx_word' id='word_1_353' title='bbox 1499 2310 1751 2368; x_wconf 77' lang='lat' dir='ltr'>quibuslibet</span> 
     </span>
     <span class='ocr_line' id='line_1_59' title="bbox 121 2379 1747 2436; baseline 0.001 -14"><span class='ocrx_word' id='word_1_354' title='bbox 121 2381 393 2423; x_wconf 88' lang='lat' dir='ltr'>sacramentis</span> <span class='ocrx_word' id='word_1_355' title='bbox 427 2385 700 2436; x_wconf 85' lang='lat' dir='ltr'>pertractans,</span> <span class='ocrx_word' id='word_1_356' title='bbox 730 2383 857 2424; x_wconf 89' lang='lat' dir='ltr'>ceteri</span> <span class='ocrx_word' id='word_1_357' title='bbox 891 2386 1102 2424; x_wconf 89' lang='lat' dir='ltr'>servatum</span> <span class='ocrx_word' id='word_1_358' title='bbox 1139 2383 1177 2424; x_wconf 91' lang='lat' dir='ltr'>in</span> <span class='ocrx_word' id='word_1_359' title='bbox 1210 2379 1362 2425; x_wconf 83' lang='lat' dir='ltr'>Codice</span> <span class='ocrx_word' id='word_1_360' title='bbox 1394 2386 1747 2424; x_wconf 87' lang='lat' dir='ltr'>sacramentorum</span> 
     </span>
     <span class='ocr_line' id='line_1_60' title="bbox 122 2449 1748 2509; baseline 0.002 -17"><span class='ocrx_word' id='word_1_361' title='bbox 122 2449 309 2493; x_wconf 89' lang='lat' dir='ltr'>ordinem</span> <span class='ocrx_word' id='word_1_362' title='bbox 359 2455 605 2508; x_wconf 81' lang='lat' dir='ltr'>sequuntur,</span> <span class='ocrx_word' id='word_1_363' title='bbox 655 2456 695 2495; x_wconf 89' lang='lat' dir='ltr'>et</span> <span class='ocrx_word' id='word_1_364' title='bbox 742 2451 910 2509; x_wconf 86' lang='lat' dir='ltr'>quidem</span> <span class='ocrx_word' id='word_1_365' title='bbox 945 2464 1034 2504; x_wconf 74' lang='lat' dir='ltr'>can,</span> <span class='ocrx_word' id='word_1_366' title='bbox 1072 2451 1184 2494; x_wconf 65' lang='lat'>2365</span> <span class='ocrx_word' id='word_1_367' title='bbox 1217 2457 1278 2495; x_wconf 88' lang='lat' dir='ltr'>est</span> <span class='ocrx_word' id='word_1_368' title='bbox 1322 2452 1372 2495; x_wconf 89' lang='lat' dir='ltr'>‹le</span> <span class='ocrx_word' id='word_1_369' title='bbox 1420 2453 1748 2506; x_wconf 76' lang='lat' dir='ltr'>confirmatione,</span> 
     </span>
     <span class='ocr_line' id='line_1_61' title="bbox 122 2520 1745 2579; baseline 0.001 -16"><span class='ocrx_word' id='word_1_370' title='bbox 122 2533 212 2568; x_wconf 83' lang='lat' dir='ltr'>can.</span> <span class='ocrx_word' id='word_1_371' title='bbox 248 2520 498 2564; x_wconf 71' lang='lat'><strong>2366-2369</strong></span> <span class='ocrx_word' id='word_1_372' title='bbox 548 2522 599 2565; x_wconf 90' lang='lat' dir='ltr'>de</span> <span class='ocrx_word' id='word_1_373' title='bbox 649 2524 925 2579; x_wconf 87' lang='lat' dir='ltr'>poenitentiae</span> <span class='ocrx_word' id='word_1_374' title='bbox 967 2527 1242 2576; x_wconf 84' lang='lat' dir='ltr'>sacramento,</span> <span class='ocrx_word' id='word_1_375' title='bbox 1283 2536 1460 2579; x_wconf 86' lang='lat' dir='ltr'>quocum</span> <span class='ocrx_word' id='word_1_376' title='bbox 1507 2522 1745 2566; x_wconf 85' lang='lat' dir='ltr'>relationem</span> 
     </span>
     <span class='ocr_line' id='line_1_62' title="bbox 122 2590 1745 2637; baseline 0.001 -4"><span class='ocrx_word' id='word_1_377' title='bbox 122 2590 275 2635; x_wconf 88' lang='lat' dir='ltr'>habent</span> <span class='ocrx_word' id='word_1_378' title='bbox 307 2590 457 2635; x_wconf 87' lang='lat' dir='ltr'>delicta</span> <span class='ocrx_word' id='word_1_379' title='bbox 493 2594 532 2635; x_wconf 90' lang='lat' dir='ltr'>in</span> <span class='ocrx_word' id='word_1_380' title='bbox 566 2595 755 2637; x_wconf 89' lang='lat' dir='ltr'>ministro</span> <span class='ocrx_word' id='word_1_381' title='bbox 788 2592 840 2637; x_wconf 92' lang='lat' dir='ltr'>ob</span> <span class='ocrx_word' id='word_1_382' title='bbox 874 2594 1170 2637; x_wconf 89' lang='lat' dir='ltr'>iurisdictionis</span> <span class='ocrx_word' id='word_1_383' title='bbox 1203 2593 1408 2637; x_wconf 88' lang='lat' dir='ltr'>desectum</span> <span class='ocrx_word' id='word_1_384' title='bbox 1436 2593 1599 2637; x_wconf 82' lang='lat' dir='ltr'>illiusre</span> <span class='ocrx_word' id='word_1_385' title='bbox 1630 2607 1745 2637; x_wconf 86' lang='lat' dir='ltr'>usum</span> 
     </span>
     <span class='ocr_line' id='line_1_63' title="bbox 122 2661 1745 2720; baseline 0 -16"><span class='ocrx_word' id='word_1_386' title='bbox 122 2674 220 2718; x_wconf 82' lang='lat' dir='ltr'>erga</span> <span class='ocrx_word' id='word_1_387' title='bbox 250 2661 569 2706; x_wconf 86' lang='lat' dir='ltr'>determinatam</span> <span class='ocrx_word' id='word_1_388' title='bbox 596 2676 829 2720; x_wconf 80' lang='lat' dir='ltr'>personam,</span> <span class='ocrx_word' id='word_1_389' title='bbox 855 2677 1025 2720; x_wconf 91' lang='lat' dir='ltr'>nempe:</span> <span class='ocrx_word' id='word_1_390' title='bbox 1059 2663 1319 2720; x_wconf 77' lang='lat' dir='ltr'>complicem,</span> <span class='ocrx_word' id='word_1_391' title='bbox 1344 2663 1395 2707; x_wconf 91' lang='lat' dir='ltr'>ob</span> <span class='ocrx_word' id='word_1_392' title='bbox 1419 2663 1745 2707; x_wconf 83' lang='lat' dir='ltr'>sollicitationem</span> 
     </span>
     <span class='ocr_line' id='line_1_64' title="bbox 124 2733 1748 2792; baseline 0.001 -17"><span class='ocrx_word' id='word_1_393' title='bbox 124 2734 299 2776; x_wconf 90' lang='lat' dir='ltr'>ministri</span> <span class='ocrx_word' id='word_1_394' title='bbox 334 2738 374 2777; x_wconf 89' lang='lat' dir='ltr'>et</span> <span class='ocrx_word' id='word_1_395' title='bbox 405 2733 700 2790; x_wconf 82' lang='lat' dir='ltr'>negligentiam</span> <span class='ocrx_word' id='word_1_396' title='bbox 744 2739 961 2792; x_wconf 90' lang='lat' dir='ltr'>sequutam</span> <span class='ocrx_word' id='word_1_397' title='bbox 1008 2736 1266 2791; x_wconf 80' lang='lat' dir='ltr'>poenitentis,</span> <span class='ocrx_word' id='word_1_398' title='bbox 1301 2734 1444 2777; x_wconf 90' lang='lat' dir='ltr'>ultimo</span> <span class='ocrx_word' id='word_1_399' title='bbox 1479 2736 1515 2776; x_wconf 92' lang='lat' dir='ltr'>in</span> <span class='ocrx_word' id='word_1_400' title='bbox 1552 2735 1748 2777; x_wconf 83' lang='lat' dir='ltr'>fractione</span> 
     </span>
     <span class='ocr_line' id='line_1_65' title="bbox 122 2802 1745 2860; baseline 0.001 -15"><span class='ocrx_word' id='word_1_401' title='bbox 122 2802 246 2860; x_wconf 90' lang='lat' dir='ltr'>sigilli</span> <span class='ocrx_word' id='word_1_402' title='bbox 283 2803 345 2848; x_wconf 84' lang='lat' dir='ltr'>vel</span> <span class='ocrx_word' id='word_1_403' title='bbox 381 2806 468 2848; x_wconf 91' lang='lat' dir='ltr'>sine</span> <span class='ocrx_word' id='word_1_404' title='bbox 503 2804 570 2848; x_wconf 93' lang='lat' dir='ltr'>illa</span> <span class='ocrx_word' id='word_1_405' title='bbox 605 2804 657 2849; x_wconf 91' lang='lat' dir='ltr'>ob</span> <span class='ocrx_word' id='word_1_406' title='bbox 691 2819 810 2849; x_wconf 91' lang='lat' dir='ltr'>usum</span> <span class='ocrx_word' id='word_1_407' title='bbox 845 2807 1043 2849; x_wconf 88' lang='lat' dir='ltr'>scientiae</span> <span class='ocrx_word' id='word_1_408' title='bbox 1065 2807 1124 2848; x_wconf 88' lang='lat' dir='ltr'>sic</span> <span class='ocrx_word' id='word_1_409' title='bbox 1152 2804 1356 2848; x_wconf 90' lang='lat' dir='ltr'>obtentae.</span> <span class='ocrx_word' id='word_1_410' title='bbox 1392 2805 1545 2848; x_wconf 85' lang='lat' dir='ltr'>Delicta</span> <span class='ocrx_word' id='word_1_411' title='bbox 1581 2806 1745 2847; x_wconf 87' lang='lat' dir='ltr'>denium</span> 
     </span>
     <span class='ocr_line' id='line_1_66' title="bbox 125 2872 1748 2932; baseline -0.001 -16"><span class='ocrx_word' id='word_1_412' title='bbox 125 2879 313 2932; x_wconf 88' lang='lat' dir='ltr'>respectu</span> <span class='ocrx_word' id='word_1_413' title='bbox 340 2875 389 2918; x_wconf 89' lang='lat' dir='ltr'>ad</span> <span class='ocrx_word' id='word_1_414' title='bbox 413 2872 585 2920; x_wconf 89' lang='lat' dir='ltr'>Ordinis</span> <span class='ocrx_word' id='word_1_415' title='bbox 606 2881 928 2930; x_wconf 73' lang='lat' dir='ltr'>sacramentum,</span> <span class='ocrx_word' id='word_1_416' title='bbox 954 2881 1038 2919; x_wconf 90' lang='lat' dir='ltr'>tum</span> <span class='ocrx_word' id='word_1_417' title='bbox 1065 2878 1102 2918; x_wconf 91' lang='lat' dir='ltr'>in</span> <span class='ocrx_word' id='word_1_418' title='bbox 1128 2878 1329 2930; x_wconf 74' lang='lat' dir='ltr'>ministro,</span> <span class='ocrx_word' id='word_1_419' title='bbox 1355 2881 1438 2919; x_wconf 87' lang='lat' dir='ltr'>tum</span> <span class='ocrx_word' id='word_1_420' title='bbox 1476 2879 1512 2919; x_wconf 92' lang='lat' dir='ltr'>in</span> <span class='ocrx_word' id='word_1_421' title='bbox 1549 2880 1748 2932; x_wconf 62' lang='lat' dir='ltr'>promoto,</span> 
     </span>
    </p>
   </div>
  </div>
 </body>
</html>
