<?xml version="1.0" encoding="UTF-8"?>
<!DOCTYPE html PUBLIC "-//W3C//DTD XHTML 1.0 Transitional//EN"
    "http://www.w3.org/TR/xhtml1/DTD/xhtml1-transitional.dtd">
<html xmlns="http://www.w3.org/1999/xhtml" xml:lang="en" lang="en">
 <head>
  <title>
</title>
<meta http-equiv="Content-Type" content="text/html;charset=utf-8" />
  <meta name='ocr-system' content='tesseract 3.04.00' />
  <meta name='ocr-capabilities' content='ocr_page ocr_carea ocr_par ocr_line ocrx_word'/>
</head>
<body>
  <div class='ocr_page' id='page_1' title='image "./commentariumtext01blatuoft_0541.png"; bbox 0 0 1950 3313; ppageno 0'>
   <div class='ocr_carea' id='block_1_1' title="bbox 683 543 1155 609">
    <p class='ocr_par' dir='ltr' id='par_1_1' title="bbox 683 543 1155 609">
     <span class='ocr_line' id='line_1_1' title="bbox 683 543 1155 609; baseline 0 -1"><span class='ocrx_word' id='word_1_1' title='bbox 683 543 1155 609; x_wconf 75' lang='lat' dir='ltr'><strong>APPENDIX.</strong></span> 
     </span>
    </p>
   </div>
   <div class='ocr_carea' id='block_1_2' title="bbox 423 703 1409 768">
    <p class='ocr_par' dir='ltr' id='par_1_2' title="bbox 423 703 1409 768">
     <span class='ocr_line' id='line_1_2' title="bbox 423 703 1409 768; baseline -0.001 -14"><span class='ocrx_word' id='word_1_2' title='bbox 423 704 498 754; x_wconf 89' lang='lat' dir='ltr'><strong>De</strong></span> <span class='ocrx_word' id='word_1_3' title='bbox 539 704 759 767; x_wconf 86' lang='lat' dir='ltr'><strong>legibus</strong></span> <span class='ocrx_word' id='word_1_4' title='bbox 798 717 865 755; x_wconf 85' lang='lat' dir='ltr'><strong>ac</strong></span> <span class='ocrx_word' id='word_1_5' title='bbox 905 703 1067 754; x_wconf 83' lang='lat' dir='ltr'><strong>libris</strong></span> <span class='ocrx_word' id='word_1_6' title='bbox 1105 703 1409 768; x_wconf 78' lang='lat' dir='ltr'><strong>liturgicis.</strong></span> 
     </span>
    </p>
   </div>
   <div class='ocr_carea' id='block_1_3' title="bbox 100 896 1736 2869">
    <p class='ocr_par' dir='ltr' id='par_1_3' title="bbox 100 896 1736 1733">
     <span class='ocr_line' id='line_1_3' title="bbox 222 896 1729 955; baseline 0 -15"><span class='ocrx_word' id='word_1_7' title='bbox 222 899 315 941; x_wconf 79' lang='lat'><strong>158.</strong></span> <span class='ocrx_word' id='word_1_8' title='bbox 350 901 494 944; x_wconf 86' lang='lat' dir='ltr'><strong>Notio</strong></span> <span class='ocrx_word' id='word_1_9' title='bbox 533 913 708 944; x_wconf 85' lang='lat' dir='ltr'><strong>sacrae</strong></span> <span class='ocrx_word' id='word_1_10' title='bbox 746 900 991 955; x_wconf 81' lang='lat' dir='ltr'><strong>liturgiae.</strong></span> <span class='ocrx_word' id='word_1_11' title='bbox 1035 896 1094 940; x_wconf 85' lang='lat' dir='ltr'><strong>Ex</strong></span> <span class='ocrx_word' id='word_1_12' title='bbox 1141 911 1215 940; x_wconf 86' lang='lat' dir='ltr'><strong>usu</strong></span> <span class='ocrx_word' id='word_1_13' title='bbox 1257 898 1426 953; x_wconf 82' lang='lat' dir='ltr'><strong>profano</strong></span> <span class='ocrx_word' id='word_1_14' title='bbox 1465 899 1729 955; x_wconf 79' lang='lat' dir='ltr'><strong>antiquorum</strong></span> 
     </span>
     <span class='ocr_line' id='line_1_4' title="bbox 100 968 1733 1028; baseline -0.002 -15"><span class='ocrx_word' id='word_1_15' title='bbox 100 983 346 1028; x_wconf 82' lang='lat' dir='ltr'><strong>graecorum</strong></span> <span class='ocrx_word' id='word_1_16' title='bbox 381 969 547 1025; x_wconf 83' lang='lat' dir='ltr'><strong>liturgia</strong></span> <span class='ocrx_word' id='word_1_17' title='bbox 581 969 793 1012; x_wconf 69' lang='lat' dir='ltr'><strong>denotavit</strong></span> <span class='ocrx_word' id='word_1_18' title='bbox 827 968 995 1026; x_wconf 81' lang='lat' dir='ltr'><strong>quidem</strong></span> <span class='ocrx_word' id='word_1_19' title='bbox 1020 968 1216 1015; x_wconf 87' lang='lat' dir='ltr'><strong>officium,</strong></span> <span class='ocrx_word' id='word_1_20' title='bbox 1260 968 1321 1011; x_wconf 77' lang='lat' dir='ltr'><strong>vel</strong></span> <span class='ocrx_word' id='word_1_21' title='bbox 1364 970 1636 1011; x_wconf 88' lang='lat' dir='ltr'><strong>ministerium</strong></span> <span class='ocrx_word' id='word_1_22' title='bbox 1664 982 1733 1024; x_wconf 92' lang='lat' dir='ltr'><strong>pu-</strong></span> 
     </span>
     <span class='ocr_line' id='line_1_5' title="bbox 103 1030 1732 1097; baseline -0.002 -12"><span class='ocrx_word' id='word_1_23' title='bbox 103 1041 255 1085; x_wconf 87' lang='lat' dir='ltr'><strong>blicum</strong></span> <span class='ocrx_word' id='word_1_24' title='bbox 293 1054 363 1097; x_wconf 85' lang='lat' dir='ltr'><strong>pro</strong></span> <span class='ocrx_word' id='word_1_25' title='bbox 409 1039 559 1096; x_wconf 88' lang='lat' dir='ltr'><strong>populo</strong></span> <span class='ocrx_word' id='word_1_26' title='bbox 606 1044 858 1096; x_wconf 85' lang='lat' dir='ltr'><strong>susceptum.</strong></span> <span class='ocrx_word' id='word_1_27' title='bbox 905 1039 946 1082; x_wconf 91' lang='lat' dir='ltr'><strong>ln</strong></span> <span class='ocrx_word' id='word_1_28' title='bbox 993 1038 1109 1082; x_wconf 90' lang='lat' dir='ltr'><strong>libris</strong></span> <span class='ocrx_word' id='word_1_29' title='bbox 1156 1030 1446 1082; x_wconf 68' lang='lat' dir='ltr'><strong>vero‘Sacrae</strong></span> <span class='ocrx_word' id='word_1_30' title='bbox 1494 1040 1732 1094; x_wconf 84' lang='lat' dir='ltr'><strong>Scripturae</strong></span> 
     </span>
     <span class='ocr_line' id='line_1_6' title="bbox 102 1109 1731 1169; baseline -0.002 -14"><span class='ocrx_word' id='word_1_31' title='bbox 102 1115 318 1169; x_wconf 88' lang='lat' dir='ltr'><strong>utriusque</strong></span> <span class='ocrx_word' id='word_1_32' title='bbox 352 1110 545 1154; x_wconf 84' lang='lat' dir='ltr'><strong>Foederis</strong></span> <span class='ocrx_word' id='word_1_33' title='bbox 578 1112 758 1153; x_wconf 78' lang='lat' dir='ltr'><strong>maxime</strong></span> <span class='ocrx_word' id='word_1_34' title='bbox 790 1110 979 1166; x_wconf 80' lang='lat' dir='ltr'><strong>designat</strong></span> <span class='ocrx_word' id='word_1_35' title='bbox 1018 1109 1204 1166; x_wconf 87' lang='lat' dir='ltr'><strong>publicas</strong></span> <span class='ocrx_word' id='word_1_36' title='bbox 1238 1112 1466 1153; x_wconf 77' lang='lat' dir='ltr'><strong>functiones</strong></span> <span class='ocrx_word' id='word_1_37' title='bbox 1499 1121 1638 1152; x_wconf 72' lang='lat' dir='ltr'><strong>sacras</strong></span> <span class='ocrx_word' id='word_1_38' title='bbox 1670 1121 1731 1152; x_wconf 88' lang='lat' dir='ltr'><strong>sa-</strong></span> 
     </span>
     <span class='ocr_line' id='line_1_7' title="bbox 101 1179 1732 1236; baseline -0.002 -10"><span class='ocrx_word' id='word_1_39' title='bbox 101 1183 315 1226; x_wconf 81' lang='lat' dir='ltr'><strong>cerdotum</strong></span> <span class='ocrx_word' id='word_1_40' title='bbox 349 1194 396 1224; x_wconf 85' lang='lat' dir='ltr'><strong>ac</strong></span> <span class='ocrx_word' id='word_1_41' title='bbox 432 1180 652 1225; x_wconf 74' lang='lat' dir='ltr'><strong>levitarum</strong></span> <span class='ocrx_word' id='word_1_42' title='bbox 680 1182 901 1236; x_wconf 78' lang='lat' dir='ltr'><strong>praecipue</strong></span> <span class='ocrx_word' id='word_1_43' title='bbox 926 1182 964 1223; x_wconf 93' lang='lat' dir='ltr'><strong>in</strong></span> <span class='ocrx_word' id='word_1_44' title='bbox 999 1181 1300 1223; x_wconf 81' lang='lat' dir='ltr'><strong>sacrificiorum</strong></span> <span class='ocrx_word' id='word_1_45' title='bbox 1335 1179 1544 1223; x_wconf 86' lang='lat' dir='ltr'><strong>oblatione</strong></span> <span class='ocrx_word' id='word_1_46' title='bbox 1578 1179 1626 1222; x_wconf 68' lang='lat' dir='ltr'><strong>acl</strong></span> <span class='ocrx_word' id='word_1_47' title='bbox 1662 1179 1732 1222; x_wconf 80' lang='lat' dir='ltr'><strong>lio·</strong></span> 
     </span>
     <span class='ocr_line' id='line_1_8' title="bbox 102 1249 1732 1308; baseline -0.002 -12"><span class='ocrx_word' id='word_1_48' title='bbox 102 1266 243 1297; x_wconf 87' lang='lat' dir='ltr'><strong>uorem</strong></span> <span class='ocrx_word' id='word_1_49' title='bbox 280 1252 351 1295; x_wconf 90' lang='lat' dir='ltr'><strong>Dei</strong></span> <span class='ocrx_word' id='word_1_50' title='bbox 384 1264 432 1295; x_wconf 88' lang='lat' dir='ltr'><strong>ac</strong></span> <span class='ocrx_word' id='word_1_51' title='bbox 467 1266 539 1308; x_wconf 90' lang='lat' dir='ltr'><strong>pro</strong></span> <span class='ocrx_word' id='word_1_52' title='bbox 561 1251 693 1295; x_wconf 90' lang='lat' dir='ltr'><strong>salute</strong></span> <span class='ocrx_word' id='word_1_53' title='bbox 728 1251 878 1307; x_wconf 85' lang='lat' dir='ltr'><strong>populi.</strong></span> <span class='ocrx_word' id='word_1_54' title='bbox 903 1276 961 1281; x_wconf 43' lang='grc' dir='ltr'><strong>-ψ</strong></span> <span class='ocrx_word' id='word_1_55' title='bbox 985 1251 1025 1293; x_wconf 92' lang='lat' dir='ltr'><strong>ln</strong></span> <span class='ocrx_word' id='word_1_56' title='bbox 1053 1250 1236 1294; x_wconf 77' lang='lat' dir='ltr'><strong>Ecclesia</strong></span> <span class='ocrx_word' id='word_1_57' title='bbox 1261 1250 1409 1294; x_wconf 79' lang='lat' dir='ltr'><strong>Christi</strong></span> <span class='ocrx_word' id='word_1_58' title='bbox 1436 1253 1548 1293; x_wconf 67' lang='lat' dir='ltr'><strong>iuxta</strong></span> <span class='ocrx_word' id='word_1_59' title='bbox 1569 1249 1732 1293; x_wconf 81' lang='lat' dir='ltr'><strong>hodier-</strong></span> 
     </span>
     <span class='ocr_line' id='line_1_9' title="bbox 102 1320 1734 1378; baseline -0.003 -11"><span class='ocrx_word' id='word_1_60' title='bbox 102 1338 201 1367; x_wconf 92' lang='lat' dir='ltr'><strong>num</strong></span> <span class='ocrx_word' id='word_1_61' title='bbox 235 1336 390 1366; x_wconf 90' lang='lat' dir='ltr'><strong>morem</strong></span> <span class='ocrx_word' id='word_1_62' title='bbox 426 1335 542 1366; x_wconf 87' lang='lat' dir='ltr'><strong>sacra</strong></span> <span class='ocrx_word' id='word_1_63' title='bbox 576 1322 741 1378; x_wconf 77' lang='lat' dir='ltr'><strong>liturgia</strong></span> <span class='ocrx_word' id='word_1_64' title='bbox 785 1324 963 1365; x_wconf 84' lang='lat' dir='ltr'><strong>sumitur</strong></span> <span class='ocrx_word' id='word_1_65' title='bbox 1003 1337 1023 1362; x_wconf 88' lang='grc'><strong>((</strong></span> <span class='ocrx_word' id='word_1_66' title='bbox 1050 1336 1121 1378; x_wconf 87' lang='lat' dir='ltr'><strong>pro</strong></span> <span class='ocrx_word' id='word_1_67' title='bbox 1163 1321 1297 1365; x_wconf 85' lang='lat' dir='ltr'><strong>cultus</strong></span> <span class='ocrx_word' id='word_1_68' title='bbox 1343 1320 1494 1378; x_wconf 81' lang='lat' dir='ltr'><strong>publici</strong></span> <span class='ocrx_word' id='word_1_69' title='bbox 1535 1323 1734 1365; x_wconf 86' lang='lat' dir='ltr'><strong>exercitio</strong></span> 
     </span>
     <span class='ocr_line' id='line_1_10' title="bbox 101 1391 1735 1453; baseline -0.002 -15"><span class='ocrx_word' id='word_1_70' title='bbox 101 1395 236 1453; x_wconf 87' lang='lat' dir='ltr'><strong>quoad</strong></span> <span class='ocrx_word' id='word_1_71' title='bbox 273 1397 425 1438; x_wconf 91' lang='lat' dir='ltr'><strong>rituum</strong></span> <span class='ocrx_word' id='word_1_72' title='bbox 450 1406 497 1437; x_wconf 92' lang='lat' dir='ltr'><strong>ac</strong></span> <span class='ocrx_word' id='word_1_73' title='bbox 521 1395 880 1437; x_wconf 89' lang='lat' dir='ltr'><strong>caeremoniarum</strong></span> <span class='ocrx_word' id='word_1_74' title='bbox 905 1393 1274 1436; x_wconf 79' lang='lat' dir='ltr'><strong>determinationes</strong></span> <span class='ocrx_word' id='word_1_75' title='bbox 1293 1409 1333 1437; x_wconf 84' lang='lat'><strong>».</strong></span> <span class='ocrx_word' id='word_1_76' title='bbox 1368 1391 1455 1436; x_wconf 88' lang='lat' dir='ltr'><strong>Hoc</strong></span> <span class='ocrx_word' id='word_1_77' title='bbox 1478 1392 1735 1436; x_wconf 84' lang='lat' dir='ltr'><strong>sufficienter</strong></span> 
     </span>
     <span class='ocr_line' id='line_1_11' title="bbox 103 1462 1733 1521; baseline -0.002 -12"><span class='ocrx_word' id='word_1_78' title='bbox 103 1468 233 1509; x_wconf 75' lang='lat' dir='ltr'><strong>innuit</strong></span> <span class='ocrx_word' id='word_1_79' title='bbox 266 1478 355 1510; x_wconf 89' lang='lat' dir='ltr'><strong>can.</strong></span> <span class='ocrx_word' id='word_1_80' title='bbox 391 1465 428 1509; x_wconf 80' lang='lat'><strong>4.</strong></span> <span class='ocrx_word' id='word_1_81' title='bbox 464 1491 516 1495; x_wconf 97' lang='lat'><strong>—</strong></span> <span class='ocrx_word' id='word_1_82' title='bbox 550 1463 694 1509; x_wconf 88' lang='lat' dir='ltr'><strong>Cultus</strong></span> <span class='ocrx_word' id='word_1_83' title='bbox 721 1478 818 1507; x_wconf 76' lang='lat' dir='ltr'><strong>vero</strong></span> <span class='ocrx_word' id='word_1_84' title='bbox 841 1464 994 1507; x_wconf 69' lang='lat' dir='ltr'><strong>(licitur</strong></span> <span class='ocrx_word' id='word_1_85' title='bbox 1017 1464 1220 1521; x_wconf 67' lang='lat' dir='ltr'><strong>publicus,</strong></span> <span class='ocrx_word' id='word_1_86' title='bbox 1261 1480 1280 1504; x_wconf 76' lang='grc'><strong>((</strong></span> <span class='ocrx_word' id='word_1_87' title='bbox 1304 1466 1334 1506; x_wconf 89' lang='lat' dir='ltr'><strong>si</strong></span> <span class='ocrx_word' id='word_1_88' title='bbox 1360 1464 1570 1506; x_wconf 76' lang='lat' dir='ltr'><strong>(let&#39;eratur</strong></span> <span class='ocrx_word' id='word_1_89' title='bbox 1594 1462 1637 1520; x_wconf 79' lang='lat' dir='ltr'><strong>a)</strong></span> <span class='ocrx_word' id='word_1_90' title='bbox 1662 1477 1733 1506; x_wconf 88' lang='lat' dir='ltr'><strong>no-</strong></span> 
     </span>
     <span class='ocr_line' id='line_1_12' title="bbox 102 1534 1736 1592; baseline -0.002 -12"><span class='ocrx_word' id='word_1_91' title='bbox 102 1539 211 1580; x_wconf 90' lang='lat' dir='ltr'><strong>mine</strong></span> <span class='ocrx_word' id='word_1_92' title='bbox 244 1536 454 1580; x_wconf 83' lang='lat' dir='ltr'><strong>Ecclesiae</strong></span> <span class='ocrx_word' id='word_1_93' title='bbox 488 1535 527 1592; x_wconf 86' lang='lat' dir='ltr'><strong>b)</strong></span> <span class='ocrx_word' id='word_1_94' title='bbox 562 1549 581 1579; x_wconf 88' lang='lat' dir='ltr'><strong>a</strong></span> <span class='ocrx_word' id='word_1_95' title='bbox 619 1538 805 1591; x_wconf 88' lang='lat' dir='ltr'><strong>personis</strong></span> <span class='ocrx_word' id='word_1_96' title='bbox 846 1535 1029 1590; x_wconf 83' lang='lat' dir='ltr'><strong>legitime</strong></span> <span class='ocrx_word' id='word_1_97' title='bbox 1062 1535 1111 1578; x_wconf 83' lang='lat' dir='ltr'><strong>ad</strong></span> <span class='ocrx_word' id='word_1_98' title='bbox 1148 1534 1225 1578; x_wconf 87' lang='lat' dir='ltr'><strong>hoc</strong></span> <span class='ocrx_word' id='word_1_99' title='bbox 1259 1535 1480 1591; x_wconf 74' lang='lat' dir='ltr'><strong>deputatis,</strong></span> <span class='ocrx_word' id='word_1_100' title='bbox 1519 1534 1557 1591; x_wconf 77' lang='lat' dir='ltr'><strong>e)</strong></span> <span class='ocrx_word' id='word_1_101' title='bbox 1591 1539 1629 1577; x_wconf 89' lang='lat' dir='ltr'><strong>et</strong></span> <span class='ocrx_word' id='word_1_102' title='bbox 1664 1548 1736 1590; x_wconf 90' lang='lat' dir='ltr'><strong>per</strong></span> 
     </span>
     <span class='ocr_line' id='line_1_13' title="bbox 102 1605 1736 1662; baseline -0.002 -11"><span class='ocrx_word' id='word_1_103' title='bbox 102 1613 218 1651; x_wconf 88' lang='lat' dir='ltr'><strong>actus</strong></span> <span class='ocrx_word' id='word_1_104' title='bbox 250 1621 299 1650; x_wconf 83' lang='lat' dir='ltr'><strong>ex</strong></span> <span class='ocrx_word' id='word_1_105' title='bbox 333 1606 544 1650; x_wconf 85' lang='lat' dir='ltr'><strong>Ecclesiae</strong></span> <span class='ocrx_word' id='word_1_106' title='bbox 578 1609 832 1650; x_wconf 88' lang='lat' dir='ltr'><strong>institutione</strong></span> <span class='ocrx_word' id='word_1_107' title='bbox 865 1605 964 1662; x_wconf 83' lang='lat' dir='ltr'><strong>Dee,</strong></span> <span class='ocrx_word' id='word_1_108' title='bbox 998 1607 1157 1649; x_wconf 84' lang='lat' dir='ltr'><strong>Sanctis</strong></span> <span class='ocrx_word' id='word_1_109' title='bbox 1180 1619 1228 1649; x_wconf 90' lang='lat' dir='ltr'><strong>ac</strong></span> <span class='ocrx_word' id='word_1_110' title='bbox 1262 1605 1394 1649; x_wconf 89' lang='lat' dir='ltr'><strong>Beatis</strong></span> <span class='ocrx_word' id='word_1_111' title='bbox 1429 1610 1586 1648; x_wconf 88' lang='lat' dir='ltr'><strong>tantum</strong></span> <span class='ocrx_word' id='word_1_112' title='bbox 1621 1605 1736 1648; x_wconf 73' lang='lat' dir='ltr'><strong>exhi-</strong></span> 
     </span>
     <span class='ocr_line' id='line_1_14' title="bbox 105 1676 632 1733; baseline -0.008 -12"><span class='ocrx_word' id='word_1_113' title='bbox 105 1677 260 1721; x_wconf 87' lang='lat' dir='ltr'><strong>bendos</strong></span> <span class='ocrx_word' id='word_1_114' title='bbox 283 1693 303 1718; x_wconf 84' lang='lat'>»</span> <span class='ocrx_word' id='word_1_115' title='bbox 341 1679 449 1733; x_wconf 86' lang='lat' dir='ltr'><strong>(can.</strong></span> <span class='ocrx_word' id='word_1_116' title='bbox 486 1676 632 1729; x_wconf 66' lang='lat'><strong>1256).</strong></span> 
     </span>
    </p>

    <p class='ocr_par' dir='ltr' id='par_1_4' title="bbox 102 1747 1736 2160">
     <span class='ocr_line' id='line_1_15' title="bbox 225 1747 1734 1806; baseline -0.001 -14"><span class='ocrx_word' id='word_1_117' title='bbox 225 1749 319 1792; x_wconf 74' lang='lat'><strong>159.</strong></span> <span class='ocrx_word' id='word_1_118' title='bbox 354 1751 511 1805; x_wconf 88' lang='lat' dir='ltr'><strong>Leges</strong></span> <span class='ocrx_word' id='word_1_119' title='bbox 548 1750 808 1805; x_wconf 86' lang='lat' dir='ltr'><strong>liturgicae</strong></span> <span class='ocrx_word' id='word_1_120' title='bbox 839 1753 931 1791; x_wconf 88' lang='lat' dir='ltr'><strong>sunt</strong></span> <span class='ocrx_word' id='word_1_121' title='bbox 965 1761 1071 1806; x_wconf 83' lang='lat' dir='ltr'><strong>quae</strong></span> <span class='ocrx_word' id='word_1_122' title='bbox 1110 1747 1262 1791; x_wconf 82' lang='lat' dir='ltr'><strong>liabent</strong></span> <span class='ocrx_word' id='word_1_123' title='bbox 1287 1752 1329 1790; x_wconf 88' lang='lat' dir='ltr'><strong>ut</strong></span> <span class='ocrx_word' id='word_1_124' title='bbox 1351 1747 1561 1791; x_wconf 89' lang='lat' dir='ltr'><strong>obiectum</strong></span> <span class='ocrx_word' id='word_1_125' title='bbox 1594 1747 1734 1790; x_wconf 68' lang='lat' dir='ltr'><strong>mocle-</strong></span> 
     </span>
     <span class='ocr_line' id='line_1_16' title="bbox 104 1817 1732 1877; baseline -0.001 -15"><span class='ocrx_word' id='word_1_126' title='bbox 104 1820 280 1863; x_wconf 85' lang='lat' dir='ltr'><strong>randum</strong></span> <span class='ocrx_word' id='word_1_127' title='bbox 314 1825 397 1863; x_wconf 87' lang='lat' dir='ltr'><strong>tam</strong></span> <span class='ocrx_word' id='word_1_128' title='bbox 432 1821 534 1862; x_wconf 87' lang='lat' dir='ltr'><strong>ritus</strong></span> <span class='ocrx_word' id='word_1_129' title='bbox 556 1832 680 1877; x_wconf 87' lang='lat' dir='ltr'><strong>quam</strong></span> <span class='ocrx_word' id='word_1_130' title='bbox 705 1822 989 1862; x_wconf 87' lang='lat' dir='ltr'><strong>caeremonias</strong></span> <span class='ocrx_word' id='word_1_131' title='bbox 1014 1819 1122 1862; x_wconf 88' lang='lat' dir='ltr'><strong>illius</strong></span> <span class='ocrx_word' id='word_1_132' title='bbox 1146 1819 1280 1863; x_wconf 88' lang='lat' dir='ltr'><strong>cultus</strong></span> <span class='ocrx_word' id='word_1_133' title='bbox 1304 1818 1474 1875; x_wconf 86' lang='lat' dir='ltr'><strong>publici.</strong></span> <span class='ocrx_word' id='word_1_134' title='bbox 1507 1817 1594 1861; x_wconf 87' lang='lat' dir='ltr'><strong>Hae</strong></span> <span class='ocrx_word' id='word_1_135' title='bbox 1622 1818 1732 1875; x_wconf 82' lang='lat' dir='ltr'><strong>leges</strong></span> 
     </span>
     <span class='ocr_line' id='line_1_17' title="bbox 103 1889 1733 1948; baseline -0.001 -16"><span class='ocrx_word' id='word_1_136' title='bbox 103 1896 305 1948; x_wconf 83' lang='lat' dir='ltr'><strong>quatenus</strong></span> <span class='ocrx_word' id='word_1_137' title='bbox 348 1892 619 1946; x_wconf 79' lang='lat' dir='ltr'><strong>«respiciunt</strong></span> <span class='ocrx_word' id='word_1_138' title='bbox 664 1889 848 1934; x_wconf 81' lang='lat' dir='ltr'><strong>Latinam</strong></span> <span class='ocrx_word' id='word_1_139' title='bbox 894 1890 1166 1934; x_wconf 84' lang='lat' dir='ltr'><strong>Ecclesiam»</strong></span> <span class='ocrx_word' id='word_1_140' title='bbox 1215 1889 1324 1946; x_wconf 86' lang='lat' dir='ltr'><strong>(can.</strong></span> <span class='ocrx_word' id='word_1_141' title='bbox 1372 1889 1428 1946; x_wconf 75' lang='lat'><strong>1),</strong></span> <span class='ocrx_word' id='word_1_142' title='bbox 1468 1902 1614 1947; x_wconf 83' lang='lat' dir='ltr'><strong>«quae</strong></span> <span class='ocrx_word' id='word_1_143' title='bbox 1650 1891 1733 1931; x_wconf 79' lang='lat' dir='ltr'><strong>vim</strong></span> 
     </span>
     <span class='ocr_line' id='line_1_18' title="bbox 102 1960 1732 2019; baseline -0.001 -15"><span class='ocrx_word' id='word_1_144' title='bbox 102 1974 219 2005; x_wconf 90' lang='lat' dir='ltr'><strong>suam</strong></span> <span class='ocrx_word' id='word_1_145' title='bbox 255 1965 444 2015; x_wconf 74' lang='lat' dir='ltr'><strong>retinent,</strong></span> <span class='ocrx_word' id='word_1_146' title='bbox 479 1963 555 2005; x_wconf 88' lang='lat' dir='ltr'><strong>nisi</strong></span> <span class='ocrx_word' id='word_1_147' title='bbox 589 1974 732 2004; x_wconf 89' lang='lat' dir='ltr'><strong>earum</strong></span> <span class='ocrx_word' id='word_1_148' title='bbox 767 1961 903 2019; x_wconf 85' lang='lat' dir='ltr'><strong>aliqua</strong></span> <span class='ocrx_word' id='word_1_149' title='bbox 940 1964 977 2004; x_wconf 92' lang='lat' dir='ltr'><strong>in</strong></span> <span class='ocrx_word' id='word_1_150' title='bbox 1022 1960 1173 2005; x_wconf 80' lang='lat' dir='ltr'><strong>Codice</strong></span> <span class='ocrx_word' id='word_1_151' title='bbox 1216 1963 1495 2017; x_wconf 82' lang='lat' dir='ltr'><strong>corrigatur»</strong></span> <span class='ocrx_word' id='word_1_152' title='bbox 1533 1963 1640 2013; x_wconf 90' lang='lat' dir='ltr'><strong>(can.</strong></span> <span class='ocrx_word' id='word_1_153' title='bbox 1677 1960 1732 2018; x_wconf 69' lang='lat'><strong>2),</strong></span> 
     </span>
     <span class='ocr_line' id='line_1_19' title="bbox 102 2030 1736 2090; baseline -0.001 -15"><span class='ocrx_word' id='word_1_154' title='bbox 102 2035 365 2076; x_wconf 88' lang='lat' dir='ltr'><strong>continentur</strong></span> <span class='ocrx_word' id='word_1_155' title='bbox 397 2038 689 2090; x_wconf 83' lang='lat' dir='ltr'><strong>praeterquam</strong></span> <span class='ocrx_word' id='word_1_156' title='bbox 715 2034 752 2075; x_wconf 86' lang='lat' dir='ltr'><strong>in</strong></span> <span class='ocrx_word' id='word_1_157' title='bbox 779 2032 894 2076; x_wconf 89' lang='lat' dir='ltr'><strong>libris</strong></span> <span class='ocrx_word' id='word_1_158' title='bbox 918 2032 1121 2089; x_wconf 85' lang='lat' dir='ltr'><strong>liturgicis</strong></span> <span class='ocrx_word' id='word_1_159' title='bbox 1144 2035 1266 2075; x_wconf 86' lang='lat' dir='ltr'><strong>etiam</strong></span> <span class='ocrx_word' id='word_1_160' title='bbox 1298 2034 1336 2074; x_wconf 87' lang='lat' dir='ltr'><strong>in</strong></span> <span class='ocrx_word' id='word_1_161' title='bbox 1362 2031 1547 2075; x_wconf 81' lang='lat' dir='ltr'><strong>Decretis</strong></span> <span class='ocrx_word' id='word_1_162' title='bbox 1572 2031 1610 2075; x_wconf 78' lang='lat' dir='ltr'><strong>S.</strong></span> <span class='ocrx_word' id='word_1_163' title='bbox 1635 2030 1736 2075; x_wconf 88' lang='lat' dir='ltr'><strong>Con-</strong></span> 
     </span>
     <span class='ocr_line' id='line_1_20' title="bbox 103 2104 572 2160; baseline 0 -14"><span class='ocrx_word' id='word_1_164' title='bbox 103 2106 357 2160; x_wconf 82' lang='lat' dir='ltr'><strong>gregationis</strong></span> <span class='ocrx_word' id='word_1_165' title='bbox 390 2104 572 2148; x_wconf 87' lang='lat' dir='ltr'><strong>Rituum.</strong></span> 
     </span>
    </p>

    <p class='ocr_par' dir='ltr' id='par_1_5' title="bbox 103 2173 1736 2659">
     <span class='ocr_line' id='line_1_21' title="bbox 226 2173 1735 2232; baseline -0.001 -14"><span class='ocrx_word' id='word_1_166' title='bbox 226 2175 319 2218; x_wconf 80' lang='lat'><strong>160.</strong></span> <span class='ocrx_word' id='word_1_167' title='bbox 353 2177 482 2221; x_wconf 85' lang='lat' dir='ltr'><strong>Libri</strong></span> <span class='ocrx_word' id='word_1_168' title='bbox 525 2176 728 2222; x_wconf 87' lang='lat' dir='ltr'><strong>Sacram</strong></span> <span class='ocrx_word' id='word_1_169' title='bbox 773 2177 1046 2232; x_wconf 83' lang='lat' dir='ltr'><strong>Liturgiam</strong></span> <span class='ocrx_word' id='word_1_170' title='bbox 1089 2178 1374 2232; x_wconf 86' lang='lat' dir='ltr'><strong>spectantes</strong></span> <span class='ocrx_word' id='word_1_171' title='bbox 1413 2173 1457 2230; x_wconf 83' lang='grc' dir='ltr'><strong>α)</strong></span> <span class='ocrx_word' id='word_1_172' title='bbox 1491 2176 1579 2217; x_wconf 76' lang='lat' dir='ltr'><strong>sive</strong></span> <span class='ocrx_word' id='word_1_173' title='bbox 1620 2173 1735 2217; x_wconf 81' lang='lat' dir='ltr'><strong>Ritus</strong></span> 
     </span>
     <span class='ocr_line' id='line_1_22' title="bbox 104 2242 1733 2303; baseline -0.001 -14"><span class='ocrx_word' id='word_1_174' title='bbox 104 2246 209 2290; x_wconf 87' lang='lat' dir='ltr'><strong>idest</strong></span> <span class='ocrx_word' id='word_1_175' title='bbox 240 2246 438 2290; x_wconf 84' lang='lat' dir='ltr'><strong>formulas</strong></span> <span class='ocrx_word' id='word_1_176' title='bbox 471 2252 511 2290; x_wconf 92' lang='lat' dir='ltr'><strong>et</strong></span> <span class='ocrx_word' id='word_1_177' title='bbox 545 2260 688 2303; x_wconf 87' lang='lat' dir='ltr'><strong>preces</strong></span> <span class='ocrx_word' id='word_1_178' title='bbox 723 2249 759 2289; x_wconf 89' lang='lat' dir='ltr'><strong>in</strong></span> <span class='ocrx_word' id='word_1_179' title='bbox 800 2247 936 2290; x_wconf 84' lang='lat' dir='ltr'><strong>Sacris</strong></span> <span class='ocrx_word' id='word_1_180' title='bbox 979 2245 1275 2289; x_wconf 87' lang='lat' dir='ltr'><strong>Functionibus</strong></span> <span class='ocrx_word' id='word_1_181' title='bbox 1317 2242 1571 2302; x_wconf 85' lang='lat' dir='ltr'><strong>quibuslibet</strong></span> <span class='ocrx_word' id='word_1_182' title='bbox 1616 2257 1733 2300; x_wconf 89' lang='lat' dir='ltr'><strong>pera-</strong></span> 
     </span>
     <span class='ocr_line' id='line_1_23' title="bbox 103 2316 1734 2374; baseline -0.001 -14"><span class='ocrx_word' id='word_1_183' title='bbox 103 2316 250 2373; x_wconf 86' lang='lat' dir='ltr'><strong>gendis</strong></span> <span class='ocrx_word' id='word_1_184' title='bbox 281 2319 505 2369; x_wconf 73' lang='lat' dir='ltr'><strong>continent,</strong></span> <span class='ocrx_word' id='word_1_185' title='bbox 540 2317 579 2374; x_wconf 86' lang='lat' dir='ltr'><strong>b)</strong></span> <span class='ocrx_word' id='word_1_186' title='bbox 612 2319 702 2360; x_wconf 69' lang='lat' dir='ltr'><strong>sive</strong></span> <span class='ocrx_word' id='word_1_187' title='bbox 735 2317 881 2361; x_wconf 85' lang='lat' dir='ltr'><strong>Sacras</strong></span> <span class='ocrx_word' id='word_1_188' title='bbox 913 2317 1205 2361; x_wconf 84' lang='lat' dir='ltr'><strong>Caeremonias</strong></span> <span class='ocrx_word' id='word_1_189' title='bbox 1238 2316 1341 2360; x_wconf 87' lang='lat' dir='ltr'><strong>idest</strong></span> <span class='ocrx_word' id='word_1_190' title='bbox 1374 2318 1558 2359; x_wconf 84' lang='lat' dir='ltr'><strong>actiones</strong></span> <span class='ocrx_word' id='word_1_191' title='bbox 1590 2328 1734 2372; x_wconf 88' lang='lat' dir='ltr'><strong>supra-</strong></span> 
     </span>
     <span class='ocr_line' id='line_1_24' title="bbox 103 2386 1736 2445; baseline -0.001 -15"><span class='ocrx_word' id='word_1_192' title='bbox 103 2387 235 2431; x_wconf 88' lang='lat' dir='ltr'><strong>dictos</strong></span> <span class='ocrx_word' id='word_1_193' title='bbox 268 2387 383 2432; x_wconf 88' lang='lat' dir='ltr'><strong>Ritus</strong></span> <span class='ocrx_word' id='word_1_194' title='bbox 415 2388 647 2445; x_wconf 86' lang='lat' dir='ltr'><strong>Precesque</strong></span> <span class='ocrx_word' id='word_1_195' title='bbox 680 2390 925 2431; x_wconf 86' lang='lat' dir='ltr'><strong>comitantes</strong></span> <span class='ocrx_word' id='word_1_196' title='bbox 959 2387 1261 2444; x_wconf 80' lang='lat' dir='ltr'><strong>praescribunt,</strong></span> <span class='ocrx_word' id='word_1_197' title='bbox 1297 2387 1334 2444; x_wconf 79' lang='lat' dir='ltr'><strong>c)</strong></span> <span class='ocrx_word' id='word_1_198' title='bbox 1367 2389 1457 2430; x_wconf 88' lang='lat' dir='ltr'><strong>sive</strong></span> <span class='ocrx_word' id='word_1_199' title='bbox 1483 2386 1549 2430; x_wconf 90' lang='lat' dir='ltr'><strong>illa</strong></span> <span class='ocrx_word' id='word_1_200' title='bbox 1573 2387 1610 2430; x_wconf 83' lang='lat' dir='ltr'><strong>S.</strong></span> <span class='ocrx_word' id='word_1_201' title='bbox 1636 2386 1736 2431; x_wconf 87' lang='lat' dir='ltr'><strong>Con-</strong></span> 
     </span>
     <span class='ocr_line' id='line_1_25' title="bbox 104 2456 1734 2514; baseline 0 -14"><span class='ocrx_word' id='word_1_202' title='bbox 104 2460 356 2514; x_wconf 86' lang='lat' dir='ltr'><strong>gregationis</strong></span> <span class='ocrx_word' id='word_1_203' title='bbox 389 2458 555 2503; x_wconf 88' lang='lat' dir='ltr'><strong>Rituum</strong></span> <span class='ocrx_word' id='word_1_204' title='bbox 593 2458 764 2503; x_wconf 88' lang='lat' dir='ltr'><strong>Decreta</strong></span> <span class='ocrx_word' id='word_1_205' title='bbox 800 2461 837 2502; x_wconf 89' lang='lat' dir='ltr'><strong>in</strong></span> <span class='ocrx_word' id='word_1_206' title='bbox 876 2472 1001 2502; x_wconf 92' lang='lat' dir='ltr'><strong>unum</strong></span> <span class='ocrx_word' id='word_1_207' title='bbox 1025 2458 1196 2503; x_wconf 87' lang='lat' dir='ltr'><strong>collecta</strong></span> <span class='ocrx_word' id='word_1_208' title='bbox 1238 2460 1430 2502; x_wconf 75' lang='lat' dir='ltr'><strong>referunt.</strong></span> <span class='ocrx_word' id='word_1_209' title='bbox 1467 2457 1524 2501; x_wconf 91' lang='lat' dir='ltr'><strong>lta</strong></span> <span class='ocrx_word' id='word_1_210' title='bbox 1547 2471 1596 2501; x_wconf 80' lang='lat' dir='ltr'><strong>ex</strong></span> <span class='ocrx_word' id='word_1_211' title='bbox 1619 2456 1734 2501; x_wconf 88' lang='lat' dir='ltr'><strong>Dec⁰.</strong></span> 
     </span>
     <span class='ocr_line' id='line_1_26' title="bbox 104 2528 1734 2587; baseline 0 -16"><span class='ocrx_word' id='word_1_212' title='bbox 104 2528 290 2572; x_wconf 81' lang='lat' dir='ltr'><strong>eiusdem</strong></span> <span class='ocrx_word' id='word_1_213' title='bbox 322 2529 360 2572; x_wconf 88' lang='lat' dir='ltr'><strong>S.</strong></span> <span class='ocrx_word' id='word_1_214' title='bbox 395 2529 737 2587; x_wconf 82' lang='lat' dir='ltr'><strong>Congregationis</strong></span> <span class='ocrx_word' id='word_1_215' title='bbox 775 2530 904 2575; x_wconf 77' lang='lat' dir='ltr'><strong>n.1¹.</strong></span> <span class='ocrx_word' id='word_1_216' title='bbox 939 2529 1058 2573; x_wconf 76' lang='lat' dir='ltr'><strong>Libri</strong></span> <span class='ocrx_word' id='word_1_217' title='bbox 1095 2529 1289 2587; x_wconf 64' lang='lat' dir='ltr'><strong>liturqiei</strong></span> <span class='ocrx_word' id='word_1_218' title='bbox 1327 2531 1492 2586; x_wconf 89' lang='lat' dir='ltr'><strong>proprie</strong></span> <span class='ocrx_word' id='word_1_219' title='bbox 1534 2532 1734 2572; x_wconf 79' lang='lat' dir='ltr'><strong>vocantur</strong></span> 
     </span>
     <span class='ocr_line' id='line_1_27' title="bbox 105 2599 781 2659; baseline 0.003 -17"><span class='ocrx_word' id='word_1_220' title='bbox 105 2599 300 2655; x_wconf 78' lang='lat' dir='ltr'><strong>descripti</strong></span> <span class='ocrx_word' id='word_1_221' title='bbox 323 2599 400 2644; x_wconf 88' lang='lat' dir='ltr'><strong>sub</strong></span> <span class='ocrx_word' id='word_1_222' title='bbox 424 2600 569 2644; x_wconf 88' lang='lat' dir='ltr'><strong>litteris</strong></span> <span class='ocrx_word' id='word_1_223' title='bbox 592 2602 636 2658; x_wconf 77' lang='lat' dir='ltr'><strong>a)</strong></span> <span class='ocrx_word' id='word_1_224' title='bbox 655 2601 704 2659; x_wconf 64' lang='lat' dir='ltr'><strong>{et</strong></span> <span class='ocrx_word' id='word_1_225' title='bbox 729 2600 781 2658; x_wconf 82' lang='lat' dir='ltr'><strong>b).</strong></span> 
     </span>
    </p>

    <p class='ocr_par' dir='ltr' id='par_1_6' title="bbox 109 2670 1731 2800">
     <span class='ocr_line' id='line_1_28' title="bbox 225 2670 1731 2718; baseline -0.001 -6"><span class='ocrx_word' id='word_1_226' title='bbox 225 2670 319 2713; x_wconf 82' lang='lat'><strong>161.</strong></span> <span class='ocrx_word' id='word_1_227' title='bbox 356 2672 596 2718; x_wconf 84' lang='lat' dir='ltr'><strong>Diversae</strong></span> <span class='ocrx_word' id='word_1_228' title='bbox 638 2674 881 2718; x_wconf 85' lang='lat' dir='ltr'><strong>editiones</strong></span> <span class='ocrx_word' id='word_1_229' title='bbox 925 2675 1097 2718; x_wconf 85' lang='lat' dir='ltr'><strong>horum</strong></span> <span class='ocrx_word' id='word_1_230' title='bbox 1136 2674 1372 2717; x_wconf 86' lang='lat' dir='ltr'><strong>librorum</strong></span> <span class='ocrx_word' id='word_1_231' title='bbox 1417 2672 1529 2713; x_wconf 85' lang='lat' dir='ltr'><strong>iuxta</strong></span> <span class='ocrx_word' id='word_1_232' title='bbox 1563 2671 1731 2712; x_wconf 80' lang='lat' dir='ltr'><strong>citatum</strong></span> 
     </span>
     <span class='ocr_line' id='line_1_29' title="bbox 109 2740 1498 2800; baseline -0.001 -16"><span class='ocrx_word' id='word_1_233' title='bbox 109 2744 330 2784; x_wconf 89' lang='lat' dir='ltr'><strong>Decretum</strong></span> <span class='ocrx_word' id='word_1_234' title='bbox 369 2756 389 2781; x_wconf 64' lang='grc' dir='ltr'><em>α</em></span> <span class='ocrx_word' id='word_1_235' title='bbox 412 2746 507 2784; x_wconf 90' lang='lat' dir='ltr'><strong>sunt</strong></span> <span class='ocrx_word' id='word_1_236' title='bbox 542 2742 603 2785; x_wconf 73' lang='lat' dir='ltr'><strong>vel</strong></span> <span class='ocrx_word' id='word_1_237' title='bbox 645 2741 824 2800; x_wconf 74' lang='lat' dir='ltr'><strong>Typz&#39;eae</strong></span> <span class='ocrx_word' id='word_1_238' title='bbox 859 2742 921 2785; x_wconf 67' lang='lat' dir='ltr'><strong>vel</strong></span> <span class='ocrx_word' id='word_1_239' title='bbox 948 2744 1060 2785; x_wconf 83' lang='lat' dir='ltr'><strong>iuxta</strong></span> <span class='ocrx_word' id='word_1_240' title='bbox 1091 2741 1268 2799; x_wconf 52' lang='lat' dir='ltr'><strong>[typicas</strong></span> <span class='ocrx_word' id='word_1_241' title='bbox 1293 2757 1312 2781; x_wconf 86' lang='lat'>»</span> <span class='ocrx_word' id='word_1_242' title='bbox 1352 2740 1408 2795; x_wconf 94' lang='lat' dir='ltr'><strong>(n.</strong></span> <span class='ocrx_word' id='word_1_243' title='bbox 1446 2741 1498 2793; x_wconf 78' lang='lat'><strong>1).</strong></span> 
     </span>
    </p>

    <p class='ocr_par' dir='ltr' id='par_1_7' title="bbox 284 2810 1728 2869">
     <span class='ocr_line' id='line_1_30' title="bbox 284 2810 1728 2869; baseline -0.001 -16"><span class='ocrx_word' id='word_1_244' title='bbox 284 2810 328 2856; x_wconf 86' lang='lat' dir='ltr'><strong>ll.</strong></span> <span class='ocrx_word' id='word_1_245' title='bbox 364 2810 575 2854; x_wconf 88' lang='lat' dir='ltr'><strong>Editiones</strong></span> <span class='ocrx_word' id='word_1_246' title='bbox 604 2810 782 2869; x_wconf 71' lang='lat' dir='ltr'><strong>Typz&#39;eae</strong></span> <span class='ocrx_word' id='word_1_247' title='bbox 814 2812 1022 2856; x_wconf 83' lang='lat' dir='ltr'><strong>excudere</strong></span> <span class='ocrx_word' id='word_1_248' title='bbox 1056 2816 1214 2854; x_wconf 87' lang='lat' dir='ltr'><strong>tantum</strong></span> <span class='ocrx_word' id='word_1_249' title='bbox 1241 2815 1407 2867; x_wconf 88' lang='lat' dir='ltr'><strong>possunt</strong></span> <span class='ocrx_word' id='word_1_250' title='bbox 1435 2810 1496 2853; x_wconf 76' lang='lat' dir='ltr'><strong>vel</strong></span> <span class='ocrx_word' id='word_1_251' title='bbox 1520 2810 1728 2852; x_wconf 83' lang='lat' dir='ltr'><strong>Pontiticia</strong></span> 
     </span>
    </p>
   </div>
   <div class='ocr_carea' id='block_1_4' title="bbox 226 2963 881 3008">
    <p class='ocr_par' dir='ltr' id='par_1_8' title="bbox 226 2963 881 3008">
     <span class='ocr_line' id='line_1_31' title="bbox 226 2963 881 3008; baseline 0.002 -11"><span class='ocrx_word' id='word_1_252' title='bbox 226 2966 235 2987; x_wconf 82' lang='lat'><strong>1</strong></span> <span class='ocrx_word' id='word_1_253' title='bbox 264 2965 306 2999; x_wconf 79' lang='lat'><strong>17</strong></span> <span class='ocrx_word' id='word_1_254' title='bbox 334 2963 428 2998; x_wconf 66' lang='lat' dir='ltr'><strong>Maii</strong></span> <span class='ocrx_word' id='word_1_255' title='bbox 456 2965 560 3005; x_wconf 82' lang='lat'>1911,</span> <span class='ocrx_word' id='word_1_256' title='bbox 589 2964 667 2999; x_wconf 77' lang='lat' dir='ltr'><strong>co,</strong></span> <span class='ocrx_word' id='word_1_257' title='bbox 697 2964 769 3008; x_wconf 74' lang='lat' dir='ltr'><strong>m,</strong></span> <span class='ocrx_word' id='word_1_258' title='bbox 797 2965 881 2998; x_wconf 79' lang='lat'><strong>242.</strong></span> 
     </span>
    </p>
   </div>
  </div>
 </body>
</html>
