1950 3313
71 155 165 192 Can.
192 156 287 191 2319
446 157 529 193 Tl'r.
557 159 647 195 XII.
666 180 677 186 —
697 161 753 196 De
779 164 929 200 delictis
953 170 1088 202 contra
1107 171 1330 213 reliyionem
1627 177 1695 211 ⁶207

70 289 256 344 praecise
288 287 339 332 de
372 287 450 332 hoc
474 289 583 346 qnod
618 295 818 348 sequitur,
844 294 906 337 rel
939 296 1145 354 implicito
1181 302 1216 342 in
1251 301 1327 345 alia
1362 310 1568 361 assumpta
1604 306 1700 349 olili-

69 359 249 414 gatione,
274 364 319 401 ut
352 358 487 402 onmis
521 362 737 418 utriusque
771 376 894 408 sexus
929 366 991 408 rel
1024 367 1168 425 aliqua
1200 371 1341 427 proles
1368 387 1402 416 r.
1428 389 1489 430 gr.
1514 377 1696 419 eiusdem

68 441 193 473 sexus
225 441 274 473 ac
306 431 459 473 coniux
494 430 763 488 acatholicus,
798 447 933 479 unave
967 442 1138 493 tantum,
1174 441 1372 485 educetur
1403 450 1524 487 estre
1559 446 1697 489 cellm-

69 498 196 542 licam
228 498 477 551 Ecclesiam,
512 502 621 558 quod
656 505 985 561 comprehendit,
1021 513 1104 551 tum
1144 516 1297 555 sectam
1343 513 1590 559 haereticam
1635 518 1696 560 vel

69 569 393 626 schismaticam,
427 575 514 614 tum
549 571 707 630 absque
742 574 954 632 religione,
990 579 1051 621 vel
1089 582 1125 623 in
1155 582 1337 638 qualibet
1360 585 1609 634 acatholica:
1646 614 1697 619 —

68 643 116 685 3⁰
162 640 246 694 Qui
287 642 470 685 scienter
512 644 648 700 quoad
693 652 914 703 sequentes
956 651 1288 696 circumstantias
1330 658 1366 710 a)
1411 656 1561 699 liberos
1603 672 1699 701 snos

72 711 116 770 b)
149 711 400 756 acatholicis
433 714 647 758 ministris
678 715 854 760 alicuius
885 723 1035 774 sectae,
1069 721 1276 780 salsaeque
1312 726 1533 782 religionis.
1558 731 1597 783 c)
1631 729 1697 770 lui-

69 783 310 842 ptizandos‚
333 798 405 828 seu
439 787 477 828 in
513 784 624 829 hunc
658 787 780 830 finem
816 788 967 846 offerre
995 797 1411 852 praesumant,quod
1449 804 1697 853 postremum

78 871 97 896 «
120 854 294 900 verbum
320 855 484 912 plenam
511 859 790 913 cognitionem
816 871 864 903 ac
889 860 1230 907 deliberationem
1256 868 1421 922 exigit»
1451 870 1553 921 (can.
1574 869 1698 919 2229,

71 926 99 984 ἓ
131 925 176 984 2)
210 926 312 984 legis
344 939 393 972 ac
426 939 586 985 poenae
619 929 670 972 ad
706 930 999 975 incurrendam
1046 946 1278 990 censuram,
1314 950 1391 980 non
1426 939 1474 981 ad
1510 941 1698 983 ellectum

71 1002 346 1056 sequuturum
380 1011 429 1042 ex
465 1001 491 1053 ἓ
524 999 573 1055 2;
609 1025 661 1031 -
696 1002 743 1043 40
778 999 995 1054 Parentes,
1020 1009 1062 1047 ut
1096 1007 1133 1047 in
1169 1008 1227 1048 n.⁰
1262 1020 1398 1063 praec.
1434 1012 1602 1053 maritus
1639 1012 1698 1054 iel

72 1083 191 1125 uxor,
225 1069 288 1112 vel
317 1075 545 1128 parentum
578 1070 713 1114 locum
749 1076 947 1130 tenentes,
972 1079 1015 1117 ut
1047 1088 1162 1131 avus,
1194 1081 1317 1133 tutor,
1343 1079 1405 1122 vel
1440 1081 1545 1135 apud
1579 1094 1699 1138 quem

72 1140 332 1195 reliquerunt
374 1141 431 1184 illi
477 1144 691 1199 proprium
737 1142 883 1198 tilium,
917 1145 990 1202 qui
1024 1145 1065 1203 a)
1099 1146 1251 1190 liberos
1295 1155 1481 1205 respectu
1520 1166 1539 1190 «
1565 1164 1703 1208 paren-

73 1217 157 1255 tum
182 1228 205 1253 ))
244 1212 407 1256 illorum
442 1211 488 1270 b)
521 1213 567 1256 in
599 1212 809 1271 reliqioize
853 1214 1091 1259 acatholica
1134 1231 1396 1276 quacumque
1440 1233 1486 1264 ac
1530 1224 1704 1277 positixo

73 1282 196 1326 modo
229 1288 269 1339 c)
303 1281 543 1326 educandos
575 1284 711 1341 quoad
757 1298 918 1328 morum
964 1287 1296 1331 informationem
1334 1289 1393 1331 cel
1425 1290 1703 1334 instituendos

72 1353 209 1411 quoad
243 1353 542 1411 intelligentiae
576 1355 808 1399 doctrinam
839 1355 883 1413 d)
908 1357 1088 1400 scienter
1122 1358 1321 1411 lraclunt;
1352 1361 1422 1404 sed
1457 1362 1701 1406 adverbium

73 1424 388 1481 intelligendum
423 1425 474 1469 de
509 1425 589 1469 illis
621 1428 946 1471 circumstantiis
982 1428 1058 1472 sub
1093 1430 1136 1485 a)
1169 1429 1208 1486 b)
1242 1435 1279 1474 et
1314 1431 1351 1487 e)
1385 1437 1469 1474 tum
1516 1439 1701 1489 respectu

72 1495 112 1552 ἕ
147 1495 224 1551 288,
255 1499 344 1540 tum
377 1497 514 1555 quoad
551 1510 725 1554 poenam
757 1499 1064 1555 incurrendam,
1102 1513 1174 1557 pro
1208 1500 1285 1545 hac
1321 1515 1420 1545 vero
1453 1507 1608 1546 tantum
1646 1506 1702 1546 in-

72 1580 201 1623 super
223 1566 323 1611 illud
354 1583 376 1609 «
395 1567 574 1611 verbum
599 1568 763 1625 plenam
788 1572 1068 1626 cognitionem
1093 1584 1140 1615 ac
1164 1571 1504 1616 deliberationem
1528 1577 1654 1631 exigit
1680 1590 1699 1615 »

75 1637 184 1695 (can.
220 1638 346 1694 2229,
380 1638 409 1697 ἓ
443 1637 486 1696 2)
522 1639 624 1696 legis
657 1652 705 1683 ac
741 1653 910 1696 poenae.

192 1708 373 1752 Additur
417 1709 610 1753 notabilis
645 1710 674 1768 ᾗ·
707 1711 745 1756 2.
779 1710 818 1754 Ji
859 1711 910 1755 de
950 1711 1097 1770 qm‘bus
1129 1712 1173 1755 in
1213 1712 1241 1770 ἓ
1286 1713 1325 1767 1,
1358 1728 1423 1757 nn.
1458 1717 1552 1765 2-4,
1588 1720 1704 1772 prout

75 1779 231 1823 ibidem
263 1779 461 1824 declarati
498 1786 679 1836 manent,
703 1788 801 1825 sunt
832 1789 1070 1840 praeterea,
1103 1784 1228 1827 idest:
1265 1797 1342 1827 non
1376 1784 1506 1839 solum
1542 1789 1705 1842 proprie

75 1849 377 1909 delinquentes,
402 1857 446 1896 ut
476 1865 618 1908 supra,
641 1853 712 1896 sed
748 1855 932 1910 suspecti
964 1854 1014 1898 de
1047 1853 1212 1897 haeresi
1245 1860 1386 1898 contra
1420 1859 1703 1900 necessitatem

75 1922 340 1977 professionis
363 1921 576 1980 religionis
599 1923 829 1968 catholicae
852 1925 902 1968 ad
927 1933 1136 1969 aeternam
1161 1924 1335 1969 salutem
1355 1928 1702 1984 consequendam.

76 1991 127 2036 lis
160 2005 259 2050 ergo
292 1992 566 2050 applicandus
599 2000 659 2038 est
692 2008 783 2039 can.
819 1996 945 2040 2315.

714 2199 950 2237 TITULUS
981 2200 1070 2237 XII.

491 2293 557 2335 De
589 2292 775 2337 delictis
805 2295 968 2337 contra
1002 2294 1294 2347 religionem.

123 2427 207 2464 CAN.
233 2429 337 2466 2320.
365 2451 383 2457 ·
412 2430 480 2476 Qui
511 2433 643 2479 species
677 2444 858 2470 consecra·
932 2434 983 2470 vel
1011 2444 1087 2470 eam
1122 2434 1295 2469 celebrare
1322 2445 1391 2469 non
1420 2434 1539 2475 ieiuni,
1568 2445 1699 2480 suspen

74 2480 127 2510 tas
152 2476 321 2513 abiecerit
347 2478 400 2514 vel
425 2480 468 2515 ad
497 2480 627 2516 malum
665 2480 771 2517 finem
798 2481 858 2517 ab·
931 2481 1060 2517 dantur
1085 2492 1102 2516 a
1130 2481 1254 2516 Missae
1284 2481 1512 2516 celebratione
1547 2481 1588 2516 ad
1625 2486 1704 2515 tem—

74 2523 212 2559 duxerit
238 2530 298 2560 aut
323 2526 520 2569 retinuerit,
541 2532 592 2563 est
610 2534 791 2574 suspectus
816 2529 858 2564 de
932 2541 995 2574 pus
1033 2528 1076 2563 ab
1116 2527 1302 2563 Ordinario
1340 2529 1529 2563 secundum
1569 2528 1702 2563 diversa

76 2570 226 2613 haeresi;
246 2571 394 2608 incurrit
407 2573 444 2608 in
458 2576 856 2611 excommunicationem
930 2587 1046 2611 rerum
1072 2575 1237 2610 adiuncta
1265 2575 1553 2621 praefiniendum.

77 2618 167 2654 latae
179 2619 374 2656 sententiae
388 2621 641 2667 specialissimo
660 2623 761 2659 modo
775 2622 856 2659 Sedi
979 2622 1061 2658 CAN.
1088 2622 1192 2656 2322.
1224 2643 1240 2648 -
1273 2623 1323 2657 Ad
1357 2623 1512 2658 ordinem
1548 2622 1702 2657 sacerdo-

77 2665 295 2712 Apostolicae
321 2673 557 2713 reservatam3
585 2674 637 2706 est
663 2670 738 2716 ipso
770 2671 858 2706 facto
932 2670 1033 2705 talem
1063 2681 1131 2705 non
1162 2674 1361 2715 promotus:
1620 2714 1625 2719 .

76 2713 232 2755 infamis,
252 2717 286 2749 et
303 2713 449 2751 clericus
475 2721 653 2763 praeterea
678 2722 730 2753 est
755 2717 857 2764 depo·
1028 2716 1062 2751 10
1090 2715 1123 2751 Si
1153 2716 1277 2752 Missae
1302 2715 1566 2751 celebrationem
1585 2726 1702 2766 'simn-

77 2760 226 2796 nendUS.
929 2763 1051 2799 laverit
1067 2769 1127 2799 aut
1145 2763 1430 2799 sacramentalem
1447 2762 1697 2797 consessionem

123 2806 209 2843 CAN.
237 2807 342 2843 2321.
374 2829 391 2834 -
419 2808 621 2847 Sacerdotes
647 2811 705 2856 qui
738 2816 857 2847 contra
927 2810 1106 2856 exceperit,
1118 2810 1509 2846 excommunicationem
1527 2809 1599 2854 ipso
1615 2808 1701 2842 sarto

77 2855 290 2901 praescripta
328 2866 407 2891 can.
436 2855 517 2898 806,
546 2862 566 2901 ξ
595 2859 626 2900 1,
655 2857 722 2894 808
760 2869 856 2904 prae·
927 2857 1113 2897 contrahit,
1141 2857 1279 2903 speciali
1321 2857 1419 2891 modo
1454 2855 1530 2889 Sedi
1564 2856 1703 2906 Aposto—

76 2903 292 2948 sumpserint
317 2902 459 2940 Missam
485 2905 604 2941 eodem
640 2907 696 2942 die
733 2906 857 2942 iterare
928 2905 1013 2940 licae
1033 2910 1264 2948 reservatam3
1292 2909 1324 2939 et
1343 2904 1486 2947 insuper
1504 2902 1611 2937 laicus
1629 2912 1701 2946 qui·
