1950 3313
133 147 228 182 s'nn.
255 145 463 181 2355-2356
511 145 594 178 TlT.
621 144 728 178 XIV.
750 165 760 170 -
781 145 836 179 Dc
853 146 1003 180 delictis
1021 149 1156 180 contra
1179 149 1297 180 vitam
1317 149 1384 180 etc.
1691 146 1756 179 ‘261

134 268 314 310 matione
346 269 434 308 orta
467 261 727 316 reparanda,
763 262 803 319 b)
838 262 910 306 sed
939 270 1177 322 praeterea,
1212 265 1337 308 idest:
1371 266 1564 321 quamvis
1589 264 1654 307 illa
1680 277 1758 307 non

131 340 397 382 remittantur
429 334 480 379 ab
510 334 679 387 ostenso,
713 334 910 391 conyrm's
944 335 1095 378 delicto
1126 335 1272 393 poenis
1310 335 1573 378 vindicatixis
1596 349 1644 376 ac
1665 348 1758 391 poe-

130 408 326 452 nitentiis
361 408 496 450 forsan
530 405 902 449 extraiudicialiter
931 406 1096 464 puniri,
1134 419 1211 448 non
1246 405 1416 448 esclusa
1453 408 1506 448 uti
1547 407 1760 461 superiore

137 480 282 534 limite,
315 478 354 522 si
386 477 436 521 de
468 475 634 519 clericis
667 476 1005 533 delinquentilnis
1038 481 1194 531 aqatw·
1227 481 1265 518 et
1303 489 1423 518 casus
1463 478 1619 519 ratione
1661 488 1760 518 suae

135 552 355 608 gravitatis
385 547 513 606 ferat,
552 562 571 588 <t
597 545 732 590 habita
770 549 926 590 ratione
960 560 1103 590 eorum
1140 559 1245 603 quae
1279 546 1432 589 attendi
1467 545 1617 589 debent
1651 545 1758 601 (can.

135 621 248 665 2218
281 615 320 675 §⁹
341 619 382 677 1)
428 621 465 661 in
512 620 654 674 poenis
696 617 1034 670 decernendis»,
1066 616 1106 673 c)
1141 617 1411 671 suspensione
1454 632 1473 656 «
1504 617 1553 659 ad
1600 622 1761 672 tempus

135 692 413 749 praefinitum,
452 689 520 740 vel
549 689 598 732 ad
641 688 944 745 beneplacitum
989 689 1262 744 Superioris»
1302 687 1409 744 (can.
1447 686 1654 742 229820)
1688 691 1761 728 ctu!

132 762 364 806 remotione.
396 760 445 804 ab
478 759 609 818 officio
643 765 682 802 et
714 759 920 815 beneficio,
964 759 1072 816 quod
1117 758 1294 802 clericus
1339 758 1556 813 possideat,
1599 757 1667 800 sed
1709 757 1758 799 ad

133 846 321 878 normam
356 845 446 876 can.
482 831 609 875 2299.
646 830 854 874 Postrema
891 829 1016 874 verba
1045 846 1064 870 «
1090 829 1140 873 ab
1165 830 1300 872 officio
1328 829 1390 872 vel
1417 828 1616 872 beneticio
1642 844 1659 868 »
1692 841 1762 883 per

132 919 176 949 se
209 904 395 948 afficiunt
429 904 713 956 remotionem,
748 900 818 944 scd
854 913 903 943 ex
938 902 1205 958 consequenti
1240 901 1427 956 sequitur
1450 900 1758 954 suspensionem

132 975 304 1032 intelligi
341 987 458 1031 posse
491 972 543 1017 ab
578 972 639 1015 bis
672 977 711 1015 et
743 971 795 1015 ab
828 970 1057 1026 ordinibus,
1093 975 1233 1027 utpote
1260 983 1366 1027 quae
1390 974 1449 1012 est
1474 971 1606 1011 minor
1631 980 1758 1024 poena

133 1049 171 1090 in
207 1048 364 1089 maiore
396 1057 502 1103 quae
536 1045 786 1100 exprimitur
819 1046 1024 1085 contenta.

253 1117 349 1160 198.
387 1118 571 1163 Contra
602 1116 855 1171 bigamiae
887 1115 1129 1159 delictum.
1164 1139 1219 1146 —
1254 1110 1311 1154 Ex
1338 1113 1425 1153 iure
1451 1110 1617 1166 praec.¹
1644 1108 1764 1152 liabe-

133 1202 226 1232 mus
249 1188 262 1211 ¹
297 1187 408 1245 quod
450 1188 532 1229 «in
570 1186 845 1228 matrimoniis
877 1183 1184 1236 contrahendis,
1220 1195 1297 1225 non
1334 1183 1433 1224 iuris
1475 1181 1658 1233 effectus,
1691 1179 1760 1222 sed

131 1261 257 1303 animi
293 1259 514 1302 destinatio
547 1255 803 1300 attendatur:
839 1254 948 1298 uude
981 1253 1095 1297 illum
1121 1255 1342 1297 comitatur
1367 1253 1546 1302 infamia,
1570 1253 1636 1307 qui
1663 1250 1763 1293 duas

131 1329 254 1374 simul
290 1328 415 1373 habet
449 1341 663 1381 uxores»,
696 1326 747 1370 ad
783 1326 892 1383 quod
929 1338 1099 1368 necesse
1133 1328 1192 1367 est
1225 1337 1273 1367 ex
1311 1328 1424 1379 parte
1460 1324 1606 1378 prioris
1631 1323 1764 1363 matri·

133 1403 274 1456 monii,
310 1404 354 1443 ut
388 1401 512 1443 suerit
548 1398 732 1442 validum
767 1402 806 1441 et
839 1396 975 1440 adbuc
998 1395 1217 1450 subsistat,
1241 1408 1291 1438 ex
1317 1399 1431 1450 parte
1457 1406 1555 1435 vcro
1578 1391 1765 1446 secundi,

133 1476 177 1516 ut
198 1473 378 1516 scienter
402 1471 523 1514 fuerit
541 1473 785 1513 attentatum
806 1470 944 1512 animo
965 1465 1227 1510 maritali.—
1247 1466 1370 1508 Porro
1394 1477 1487 1508 cum
1511 1462 1634 1508 Conc.
1653 1462 1762 1505 Trid.

131 1543 340 1586 definierit
363 1540 402 1583 ²:
443 1557 463 1582 ‹<
486 1541 526 1584 Si
559 1543 652 1598 quis
685 1539 853 1594 dixerit,
887 1538 1012 1582 licere
1046 1537 1282 1582 christianis
1306 1535 1443 1593 plures
1465 1533 1585 1578 simul
1612 1533 1764 1578 habere

132 1626 299 1668 uxores,
332 1618 372 1656 et
404 1611 482 1655 hoc
517 1611 628 1654 nulla
665 1610 754 1667 lege
788 1610 929 1653 divina
965 1622 1053 1652 esse
1098 1606 1364 1664 prohibitum,
1399 1605 1616 1657 anathema
1650 1607 1700 1648 sit
1724 1621 1763 1659 »‚

131 1683 316 1728 Ecclesia
352 1685 453 1726 iuris
485 1682 618 1725 divini
653 1686 791 1725 custos
824 1686 863 1724 et
909 1680 1059 1723 vindex
1105 1678 1213 1721 illam
1260 1678 1468 1721 infamiam
1515 1678 1681 1719 retinuit
1725 1678 1762 1718 in

130 1769 221 1798 can.
254 1755 395 1798 2356.
433 1752 603 1810 Biyami
640 1767 660 1792 c(
684 1751 918 1795 secundum
969 1752 1179 1807 propriam
1216 1748 1330 1792 verbi
1369 1748 1712 1804 significationem
1739 1762 1759 1787 )>

133 1826 242 1883 (can.
278 1824 367 1881 18),
399 1826 510 1876 (nam
545 1825 576 1865 si
611 1835 718 1880 quae
751 1820 945 1865 habuerit
984 1820 1122 1877 plures
1158 1822 1280 1873 viros,
1315 1820 1388 1862 etsi
1413 1820 1584 1874 gravius
1609 1822 1762 1873 peccet,

132 1901 274 1953 utpote
307 1908 400 1939 raro
435 1893 702 1947 invenienda,
737 1906 814 1936 non
849 1892 1138 1936 consideratur
1173 1890 1350 1933 bumana
1392 1888 1514 1946 lege),
1548 1901 1595 1931 ac
1638 1887 1765 1944 expli-

131 1969 239 2011 catio
272 1967 474 2024 sequitur,
509 1964 617 2007 idest
654 1965 730 2006 viri
765 1962 851 2020 qui,
884 1961 1075 2006 obstante
1108 1960 1280 2017 proinde
1315 1959 1452 2003 valido
1490 1971 1537 2003 ac
1581 1958 1761 2001 nondum

130 2038 265 2082 soluto
298 2035 514 2094 eom'uqali
547 2034 727 2086 vinculo,
761 2032 883 2077 aliud
924 2031 1242 2076 matrimonium
1283 2030 1461 2074 scilicet:
1505 2034 1761 2073 contractum

133 2107 495 2162 matrimonialem,
530 2106 609 2149 elsi
644 2111 808 2148 lantum
841 2103 977 2155 civile,
1012 2109 1055 2146 ut
1088 2102 1224 2151 aium,
1248 2115 1295 2146 ac
1328 2103 1450 2145 etiam
1487 2100 1581 2144 hinc
1616 2101 1763 2143 invali-

131 2180 245 2235 dum,
270 2192 292 2223 a
327 2180 483 2222 fortiori
518 2179 549 2221 si
574 2190 714 2221 coram
739 2175 940 2229 Ecclesia,
965 2169 1282 2224 attentaverint,
1307 2174 1402 2230 quia
1426 2171 1558 2215 solum
1583 2171 1634 2214 de
1659 2172 1765 2214 tacto

133 2264 212 2294 non
248 2252 337 2294 iure
372 2249 469 2293 illud
508 2250 601 2291 iniri
627 2252 772 2305 potest,
799 2260 873 2290 1166
897 2246 1047 2290 sufficit
1071 2244 1387 2297 concubinatus,
1408 2257 1501 2287 cum
1522 2242 1598 2286 boc
1617 2254 1765 2297 nempe

132 2323 271 2366 animo
304 2320 649 2371 contubernium3
684 2318 882 2376 praedicti
923 2317 1166 2374 «bigami»
1204 2321 1301 2358 sunt
1336 2315 1424 2373 ipso
1457 2313 1570 2372 farlo
1593 2314 1762 2357 secundi

132 2394 319 2436 attentati
356 2392 622 2445 matrimonii,
658 2402 734 2433 1166
770 2390 900 2453 refert
929 2401 978 2431 an
1003 2388 1306 2432 consummatio
1329 2385 1568 2429 alterutrius
1591 2388 1763 2441 sequuta

136 2462 200 2507 vel
236 2476 316 2506 non
352 2463 489 2517 suerit,
529 2478 551 2503 «
573 2465 668 2505 sunt
691 2476 713 2502 ))
752 2459 949 2518 infames,
984 2459 1157 2516 proinde
1195 2458 1404 2501 «infamia
1440 2458 1600 2509 iuris»,
1639 2467 1761 2512 quam

133 2534 310 2578 iuridice
343 2535 511 2590 exponit
544 2545 635 2578 can.
672 2532 800 2576 2294.
821 2558 874 2561 -
900 2530 985 2575 Ν66
1017 2532 1122 2574 sistit
1144 2542 1273 2573 canon
1300 2528 1478 2572 addens:
1512 2532 1551 2569 e!
1573 2526 1622 2570 si,
1649 2527 1764 2568 tactis

131 2610 277 2664 spreta
314 2602 541 2648 Ordinarii
579 2619 599 2645 <t
624 2605 826 2660 proprii»
872 2602 978 2658 (can.
1016 2601 1088 2657 94)
1132 2600 1373 2650 mom'tione,
1415 2598 1465 2641 ad
1510 2597 1617 2654 quod
1665 2595 1763 2637 baec

134 2677 463 2734 praerequiritur
498 2674 710 2732 implicite,
744 2673 789 2717 in
811 2672 965 2716 illicito
989 2670 1270 2723 contubernio,
1297 2672 1391 2727 quia
1421 2670 1635 2712 convictus
1661 2668 1765 2707 inter

131 2760 202 2791 eos
224 2760 304 2790 non
329 2751 389 2790 est
412 2745 643 2803 coniugalis
665 2745 885 2790 deficiente
913 2758 1010 2788 vero
1037 2744 1313 2794 matrimonio,
1329 2739 1576 2798 persistant,
1601 2748 1761 2790 nempe:

251 2854 264 2876 ¹
291 2852 383 2898 Cap.
412 2854 433 2886 4
465 2867 479 2882 e
499 2851 545 2887 de
571 2851 742 2897 bigamis
768 2862 847 2885 non
873 2849 1104 2885 ordinandis
1123 2860 1142 2882 5>
1170 2848 1236 2882 tit.
1269 2849 1328 2887 21,
1359 2846 1443 2880 Lib.
1477 2848 1505 2878 l.
1544 2863 1582 2870 ——-
1619 2843 1632 2864 ‘·'
1659 2842 1761 2876 Sess.

133 2899 270 2935 XXIV
294 2900 342 2935 de
368 2906 610 2934 sacramento
636 2904 752 2934 matr.
781 2909 865 2932 can.
893 2900 926 2931 2.
