1950 3313
157 154 225 187 166
615 151 701 184 Llss.
730 151 778 185 V.
806 170 817 176 -
845 151 956 185 PARS
980 150 1032 185 ΙΙ.
1062 170 1075 176 -
1100 151 1158 186 De
1181 153 1315 195 poenis
1570 150 1662 186 Can.
1689 150 1784 186 2284

155 272 188 329 i)
221 271 271 315 ab
305 271 439 314 ossicio
472 270 762 323 determinatO,
795 268 962 326 quando
998 270 1037 311 vi
1071 268 1193 312 huius
1217 269 1339 312 officii
1363 268 1496 312 solum
1522 268 1782 313 administra-

152 346 208 387 tio
242 342 333 386 talis
365 353 563 397 suspenso
587 344 855 397 competeret,
881 339 1076 397 idemque
1100 340 1373 396 repetendum
1397 339 1513 398 estj)
1537 339 1589 383 de
1613 353 1784 397 suspen-

155 416 269 458 sione
302 426 322 456 a
358 412 558 456 beneficio
591 411 712 454 simul
747 415 786 454 et
818 411 953 455 offic-io
986 413 1110 455 certis
1140 415 1180 454 et
1212 411 1406 466 definitis,
1441 410 1623 468 denique
1657 423 1680 454 a
1703 412 1785 455 for-

156 486 247 526 tiori
285 482 327 540 lc)
360 483 573 539 suspensio
607 480 859 538 generaliter
893 481 986 525 lata.

275 553 384 609 Ergo
422 569 444 594 «
466 555 498 596 si
533 555 698 596 incursa
731 553 854 596 fuerit
885 552 1090 610 quaedam
1125 564 1301 596 censura
1324 568 1344 593 2>
1383 565 1431 596 ex
1458 553 1686 606 recensitis,
1705 566 1787 595 sei·-

159 630 278 666 relm-
321 622 635 680 praescriptum
682 636 772 666 can.
821 624 955 665 2261.
1005 649 1058 653 —
1107 621 1296 666 Scilicet:
1346 623 1415 676 «ᾗ
1459 621 1495 664 1.
1543 620 1787 665 Prohibetur

159 694 396 738 huiusmodi
429 707 655 750 suspensus
688 693 798 737 licite
830 694 1096 737 Sacramenta
1130 697 1170 736 et
1201 692 1538 747 Sacramentalia,
1574 697 1617 735 ut
1648 704 1787 749 supra,

161 767 394 821 respective
425 765 632 808 conticere
655 768 694 808 et
718 766 966 816 ministrare,
990 763 1117 807 salvis
1137 763 1452 820 exceptionibus
1474 776 1581 821 quae
1613 776 1790 821 sequun-

161 841 239 880 tur.
274 862 331 867 —
361 834 390 893 ἓ
422 836 460 878 Ως
494 835 668 890 Fideles,
702 837 828 878 etiam
863 834 1018 889 clerici,
1052 834 1169 878 salvo
1203 836 1458 891 praescripto
1490 834 1518 892 ξ
1551 834 1590 886 3,
1620 839 1789 891 possunt

160 921 209 951 ex
245 906 429 964 qualibet
463 909 567 950 iusta
601 914 725 950 causa
759 905 810 949 ab
843 905 1081 949 huiusmodi
1114 918 1314 962 suspenso
1347 905 1614 949 Sacramenta
1647 911 1686 949 et
1717 906 1787 949 Sa-

159 977 428 1022 cramentalia
461 980 496 1021 ei
534 979 657 1020 vetita
694 981 846 1033 petere,
871 978 1052 1019 maxime
1085 978 1116 1019 si
1152 975 1220 1019 alii
1256 977 1431 1019 ministri
1457 976 1605 1031 desint,
1628 981 1668 1019 et
1690 980 1789 1020 tunc

159 1049 397 1092 huiusmodi
430 1061 654 1105 suspensus
678 1049 901 1105 requisitus
926 1051 1057 1103 potest
1081 1046 1244 1102 eadem,
1267 1048 1461 1104 quamvis
1485 1046 1586 1090 alias
1608 1046 1685 1090 sibi
1709 1059 1789 1104 qua

157 1133 358 1176 suspenso
397 1121 536 1173 vetita,
572 1121 819 1173 ministrare,
855 1131 988 1176 neque
1022 1117 1103 1161 ulla
1137 1121 1300 1161 tenetur
1332 1116 1585 1173 obligatione
1618 1130 1785 1161 causam

161 1204 181 1234 a
218 1193 455 1248 requirente
490 1190 824 1247 percontandi».

286 1277 306 1303 ((
330 1262 367 1305 3.
397 1262 475 1305 Sed
501 1260 552 1304 ab
576 1260 811 1304 huiusmodi
835 1262 1057 1316 suspensis,
1084 1264 1298 1316 postquam
1326 1261 1557 1303 intercessit
1588 1261 1791 1303 sententia

162 1334 502 1377 condemnatoria
537 1336 606 1375 aut
638 1331 926 1385 declaratoria,
961 1330 1104 1374 fideles
1137 1333 1175 1373 in
1209 1330 1295 1374 solo
1319 1332 1463 1374 mortis
1498 1330 1681 1387 periculo
1707 1344 1791 1387 pos·

163 1409 258 1448 sunt
292 1408 430 1460 petere
455 1407 539 1446 tum
564 1401 864 1446 absolutionem
900 1401 1244 1445 sacramentalem
1279 1401 1329 1444 ad
1365 1413 1554 1444 normam
1577 1413 1666 1444 can.
1693 1401 1790 1454 88⁶2,

166 1475 294 1529 2252,
328 1480 412 1518 tum
448 1476 585 1528 etiam,
620 1477 652 1516 si
687 1473 755 1516 alii
789 1473 925 1516 desint
960 1475 1148 1528 ministri,
1183 1477 1320 1516 cetera
1353 1473 1619 1516 Sacramenta
1654 1476 1693 1515 et
1725 1473 1792 1516 Sa-

164 1545 433 1590 cramentalia
456 1560 477 1585 ›>
515 1544 752 1588 huiusmodi
786 1556 985 1600 suspenso
1022 1545 1161 1587 vetita.
1183 1569 1241 1573 —
1273 1542 1561 1587 Clausularum
1585 1541 1707 1586 huius
1731 1555 1793 1586 ca·

165 1619 283 1660 nonis
315 1615 617 1659 declarationes
661 1617 699 1657 in
743 1614 1050 1659 Commentario
1083 1613 1237 1657 Textus
1270 1613 1320 1657 ad
1355 1626 1444 1657 can.
1480 1613 1587 1656 2261
1627 1615 1791 1671 perqui-

168 1692 323 1731 rantur.

284 1758 380 1802 Pars
424 1757 606 1801 secunda
650 1770 738 1800 can.
780 1756 892 1799 2284
937 1760 1019 1802 est:
1054 1756 1092 1798 si
1130 1758 1337 1799 «incursa
1382 1756 1548 1798 fuerit»
1587 1754 1794 1812 quaelibet

167 1843 343 1872 censura
367 1828 670 1886 suspensionis,
689 1832 812 1885 atque
837 1827 932 1871 hinc
955 1827 1156 1883 implicite
1179 1826 1418 1870 excluditur
1439 1828 1670 1883 suspensio,
1688 1838 1795 1883 quae

165 1903 216 1944 sit
251 1912 380 1957 poena
417 1899 684 1955 vindicativa,
719 1913 826 1957 quae
865 1897 1057 1956 prohibet
1100 1903 1237 1941 aeliam
1280 1896 1592 1940 iurisdictionis
1630 1899 1795 1953 proprie

168 1972 315 2025 dictae,
356 1986 376 2011 «
399 1984 470 2014 seu
507 1973 718 2027 potestatis
750 1972 964 2026 regiminis
997 1981 1104 2026 quae
1137 1982 1185 2012 ex
1221 1969 1363 2011 divina
1394 1970 1649 2011 institutione
1672 1972 1731 2011 est
1756 1969 1793 2010 in

168 2042 396 2086 Ecclesia»
427 2041 535 2098 (can.
563 2042 660 2095 196)
694 2041 735 2083 iii
770 2040 864 2098 foro
900 2042 1133 2096 respective
1166 2039 1206 2096 a)
1240 2053 1313 2082 seu
1346 2039 1513 2081 interno
1549 2037 1590 2095 b)
1624 2051 1698 2080 seu
1730 2051 1796 2080 θω-

171 2118 288 2155 {erno
322 2116 392 2155 aut
424 2112 463 2168 c)
500 2117 685 2169 utroque,
721 2117 840 2154 aetus
874 2110 1106 2167 prohibitus
1138 2116 1199 2152 es!
1232 2123 1397 2167 quoque
1430 2107 1645 2152 invalidus
1668 2122 1793 2165 6129.

174 2199 196 2225 «
220 2186 257 2226 in
293 2184 380 2226 soro
414 2185 574 2226 interno
600 2199 619 2223 )>
648 2181 856 2225 absolutio
879 2180 1217 2236 sacramentalis,
1251 2180 1291 2237 a)
1325 2180 1363 2222 si
1396 2179 1486 2222 lata
1506 2179 1563 2222 ›sit
1586 2179 1794 2222 sententia

168 2256 450 2310 suspensionis
482 2253 827 2296 eomlezmmtom’a
860 2252 909 2295 ad
943 2251 1203 2295 subeundam
1239 2251 1349 2294 illam
1384 2263 1603 2294 censuram
1638 2249 1700 2292 vel
1732 2249 1796 2293 de-

169 2325 447 2368 claratoriam
481 2324 665 2368 eiusdem
702 2326 781 2366 iam
817 2326 1022 2377 incursae,
1059 2321 1100 2379 b)
1136 2327 1210 2364 aut
1244 2321 1448 2379 Superior
1480 2333 1570 2364 eam
1607 2321 1798 2377 infligens

170 2396 219 2439 ad
257 2398 443 2453 modum
461 2397 668 2451 praecepti
702 2407 898 2451 eoepi'esse
929 2391 1116 2435 declaret
1140 2397 1237 2436 tunc
1261 2406 1303 2434 se
1326 2392 1462 2449 ipsam
1485 2390 1798 2434 iurisdictionis

167 2472 415 2524 potestatem
450 2478 660 2520 revocare,
694 2465 859 2522 quando
893 2463 944 2507 ab
984 2476 1031 2506 eo
1070 2463 1248 2520 pendeat
1280 2462 1382 2506 haec
1415 2464 1649 2516 revocati03
1682 2475 1799 2504 secus

172 2538 210 2580 id
245 2542 326 2580 est:
366 2539 398 2580 si
438 2542 613 2594 utraque
656 2537 761 2579 desit
803 2525 984 2579 conditio
1017 2535 1094 2579 sub
1129 2534 1274 2577 litteris
1307 2532 1347 2590 a)
1381 2538 1421 2576 et
1454 2533 1495 2590 b)
1528 2538 1588 2576 est
1620 2531 1799 2575 illicitus

175 2614 336 2651 {stillum
379 2612 495 2651 actus
539 2607 836 2650 iurisdictionis
877 2608 1043 2662 vetitus⁷
1077 2605 1163 2648 wisi
1196 2619 1221 2647 α
1254 2603 1445 2661 fidelibus
1476 2603 1635 2661 petitus
1668 2602 1800 2660 fuerit

174 2679 229 2722 acl
261 2692 451 2722 normam
475 2692 590 2721 mem.
616 2692 706 2722 caii.
731 2680 865 2730 2261,
900 2677 927 2734 ξ
958 2679 1014 2728 2,·
1045 2678 1141 2734 quia
1165 2678 1204 2718 in
1228 2675 1305 2719 hac
1338 2680 1545 2731 postrema
1579 2672 1797 2730 hypothesi

173 2754 281 2793 esset
323 2762 488 2807 quoque
532 2749 680 2792 licitus.
726 2748 1096 2791 Animadvertatur
1138 2746 1248 2804 quod
1283 2759 1332 2789 ex
1367 2748 1491 2789 citato
1522 2744 1549 2802 ξ
1583 2744 1620 2798 ⁶2,
1662 2747 1799 2786 manet

174 2834 340 2878 quoque
362 2820 523 2864 salvum
550 2822 849 2876 praescriptum
874 2819 901 2877 ξ
925 2819 962 2862 3ἰ
986 2817 1171 2861 eiusdem
1196 2819 1380 2871 canonis,
1404 2819 1517 2859 iuxta
1550 2814 1657 2872 quod
1683 2819 1798 2857 actus

173 2891 443 2935 absolutionis
475 2890 800 2945 sacramentalis,
824 2903 948 2947 quam
982 2889 1099 2932 daret
1121 2901 1344 2944 suspensus
1367 2900 1388 2930 a
1413 2885 1697 2929 iurisdictione
1720 2885 1797 2927 fori
