1950 3313
171 165 238 199 194
631 162 715 197 LIB.
745 162 790 197 V.
821 182 832 188 -
858 163 969 197 PARS
994 162 1048 197 ΙΙ.
1075 183 1086 188 -
1113 163 1171 198 De
1190 166 1328 208 poenis
1581 163 1672 199 Can.
1698 165 1791 200 2312

167 284 362 341 spondet:
403 299 425 324 «
446 295 469 326 a
501 282 723 325 diaconatu
747 294 913 339 quoque
938 281 1103 326 biennio
1139 282 1202 326 vel
1227 285 1404 327 triennio
1429 297 1503 340 pro
1536 288 1606 328 tua
1629 289 1794 328 maneat

168 356 404 411 provisione
435 366 672 409 suspensus
707 351 765 395 De
789 351 990 396 beneficio
1018 357 1157 397 autem
1180 354 1507 398 misericorditer
1529 359 1677 411 agatur
1699 368 1794 410 cum

167 438 229 480 eo,
265 438 314 467 ne
344 425 642 467 sustentatione
677 425 876 479 privatus,
911 424 961 467 ad
995 424 1149 468 saeculi
1183 427 1347 481 negotia
1382 430 1631 468 revertatur.
1654 425 1705 470 Ut
1728 438 1796 469 au-

167 501 248 539 tem
280 496 468 538 securius
490 496 550 538 eis
584 496 714 551 possis
747 493 853 538 banc
879 495 1208 539 misericordiam
1242 497 1393 551 facere,
1417 496 1468 540 de
1501 496 1662 553 agenda
1696 510 1790 553 poe-

167 568 338 610 nitentia
371 565 612 622 diligentem
658 567 770 609 eirca
801 579 896 609 enm
939 578 1083 609 curam
1116 579 1195 610 non
1238 567 1403 611 desinas
1435 566 1634 611 exhibere
1655 583 1696 609 ».
1731 568 1790 612 Ac

167 637 335 680 demum
369 636 487 680 Alex.
533 636 583 679 111
623 636 894 680 Pictaviensis
941 636 1134 694 Episcopi
1160 637 1172 660 ¹
1212 639 1510 695 «inquisitioni
1556 638 1692 682 taliter
1732 651 1793 682 re-

167 707 369 764 spondet;
403 707 512 765 quod
537 709 569 750 si
595 711 768 751 matrem
793 720 968 763 sponsae
990 720 1089 751 snae
1113 710 1299 765 (nempe:
1329 708 1470 752 latoris
1494 709 1793 766 praesentium)

168 780 378 835 cognovit,
412 782 452 821 et
483 791 658 835 sponsae
691 790 918 836 numquam
953 778 1176 822 carnaliter
1208 779 1407 835 adhaesit,
1442 780 1692 836 imponenda
1735 785 1796 824 est

168 851 205 893 ei
239 851 488 906 poenitentia
523 849 644 906 paulo
677 852 821 905 maior,
856 861 980 907 quam
1018 863 1089 905 pro
1126 849 1354 894 adulterio:
1388 863 1470 908 qua
1504 856 1684 908 peracta,
1731 850 1792 894 vel

168 925 283 977 parte
316 923 460 977 ipsius,
492 922 643 978 poterit
675 934 724 963 ex
759 921 1081 977 dispensatione,
1115 933 1210 964 cum
1242 920 1321 965 alia
1354 924 1666 965 matrimonium
1699 935 1795 965 con-

168 991 334 1035 trahere
356 1007 398 1035 )).

286 1061 510 1106 Decretum
553 1061 730 1118 legimus
762 1063 802 1104 in
836 1059 958 1105 Cone.
993 1060 1103 1105 Trid.
1197 1062 1462 1119 «Apostolus
1496 1068 1635 1106 monet
1659 1064 1687 1117 ³,
1723 1077 1794 1119 pu-

168 1132 274 1176 blice
307 1137 526 1190 peccantes
560 1134 696 1189 palam
730 1145 819 1175 esse
861 1133 1161 1189 corripiendos.
1194 1130 1370 1186 Quando
1404 1135 1530 1189 igitur
1572 1133 1623 1178 ab
1656 1134 1795 1191 aliquo

168 1203 345 1261 publice,
379 1207 419 1247 et
451 1205 490 1246 in
527 1203 750 1247 multorum
778 1207 1003 1260 conspectu
1037 1205 1194 1247 crimen
1220 1207 1486 1248 commissum
1522 1205 1660 1260 fuerit,
1684 1205 1792 1248 unde

168 1274 268 1318 alios
299 1274 494 1318 scandalo
518 1274 695 1318 ostensos
717 1280 1030 1331 commotosque
1053 1275 1177 1320 fuisse
1195 1288 1274 1318 non
1298 1278 1349 1319 sit
1372 1274 1670 1320 dubitandum:
1695 1275 1792 1319 huic

168 1346 416 1402 condignam
454 1358 526 1402 pro
561 1345 683 1389 modo
716 1344 863 1402 culpae
896 1347 1190 1402 poenitentiam
1227 1345 1391 1402 publice
1424 1348 1582 1403 iniungi
1607 1351 1790 1403 oportet,

169 1422 212 1460 ut
244 1430 347 1474 quos
370 1416 561 1473 exemplo
584 1429 657 1460 suo
691 1416 741 1460 ad
768 1415 896 1460 malos
918 1429 1055 1460 mores
1078 1419 1338 1473 provocavit,
1361 1430 1461 1461 suae
1494 1417 1795 1461 emendationis

169 1489 404 1531 testimonio
435 1487 486 1531 ad
520 1492 675 1530 rectam
712 1491 880 1530 revocet
914 1489 1056 1532 vitam.
1082 1487 1309 1544 Episcopus
1340 1492 1476 1532 tamen
1502 1488 1693 1544 publicae
1719 1488 1796 1532 hoc

169 1560 447 1615 poenitentiae
480 1571 611 1614 genus
644 1561 682 1601 in
717 1557 827 1601 alind
872 1562 1078 1602 secretum
1124 1560 1273 1614 poterIt
1315 1563 1585 1608 commutare,
1629 1559 1796 1617 quando

170 1632 222 1673 ita
257 1631 388 1686 magis
411 1629 662 1672 iudicaverit
684 1629 884 1685 expedire
907 1645 945 1672 )).
983 1629 1068 1672 Duo
1092 1643 1143 1672 ex
1167 1629 1244 1673 hoc
1267 1633 1382 1673 textu
1406 1630 1633 1686 interimus,
1664 1633 1796 1687 primo

169 1700 337 1758 quidem
373 1702 647 1757 poenitentiae
680 1700 1004 1755 distinctionem,
1038 1705 1099 1743 ast
1131 1700 1328 1755 secundo,
1372 1703 1468 1758 quia
1503 1703 1542 1744 in
1586 1713 1683 1744 casu
1715 1703 1798 1744 cri-

171 1773 292 1814 minis
326 1771 479 1828 publici
512 1769 651 1815 Codex
687 1784 766 1814 non
802 1773 1113 1828 poenitentiam,
1145 1771 1216 1815 sed
1252 1784 1426 1828 poenam
1452 1771 1721 1828 praescribat,
1754 1777 1794 1815 et

169 1843 220 1885 de
255 1845 505 1898 poenitentia
538 1842 788 1900 quandoque
822 1842 1071 1899 imponenda
1105 1855 1194 1886 can.
1229 1856 1407 1900 sequens
1439 1845 1477 1885 in
1512 1843 1592 1886 fine
1617 1848 1794 1898 moneat,

171 1913 221 1956 de
255 1912 499 1957 limitatione
532 1912 723 1970 publicae
757 1915 1034 1969 poenitentiae
1058 1914 1132 1956 fuit
1163 1913 1363 1957 sollicitus
1393 1913 1421 1971 ἓ
1442 1915 1486 1958 2.
1515 1912 1572 1957 Ob
1594 1912 1792 1957 delictam

172 1983 280 2041 (can.
308 1984 436 2039 2195)
470 1985 635 2040 proprie
659 1983 829 2039 dictum,
865 1989 939 2026 aut
964 1984 1343 2041 transgyressz'onem
1367 1983 1470 2040 legis
1487 1983 1794 2028 ecclesiasticae

172 2054 223 2098 ad
258 2054 356 2098 illud
391 2068 471 2098 non
495 2056 813 2111 pertingentem,
837 2054 1056 2106 occultam,
1089 2054 1254 2112 quando
1277 2068 1427 2111 nempe
1462 2054 1561 2098 illud
1585 2057 1707 2098 etiam
1733 2057 1796 2098 iu·

172 2125 376 2169 dicialiter
409 2127 545 2181 puniri
579 2139 657 2169 non
694 2130 830 2182 posset
861 2125 911 2169 ad
947 2138 1132 2168 normam
1166 2131 1275 2170 can.⁸
1310 2125 1420 2168 1933
1453 2125 1481 2183 ἓ
1510 2125 1547 2180 1,
1582 2138 1796 2183 nunquam

170 2195 433 2254 poenitentia
463 2195 633 2254 publica
666 2196 923 2254 imponatur,
966 2198 1160 2253 quamvis
1193 2195 1287 2238 illae
1330 2199 1516 2239 secretae
1550 2195 1684 2239 locum
1729 2196 1798 2238 (let

173 2272 279 2311 can.⁸
314 2266 425 2310 2312
459 2269 517 2320 {¹³⁸
546 2267 597 2309 la.
633 2266 880 2324 Exemplum
914 2266 1032 2309 nobis
1065 2266 1181 2309 ottert
1222 2265 1412 2310 Clemens
1444 2265 1492 2308 lll
1528 2266 1578 2309 de
1619 2284 1633 2304 «
1660 2278 1796 2310 sacer-

171 2337 337 2381 dotibus
369 2339 542 2394 graecis,
576 2337 727 2395 quibus
759 2337 944 2392 legitimo
979 2339 1241 2380 matrimonio
1276 2336 1370 2380 licet
1403 2339 1458 2379 uti
1483 2353 1503 2378 »
1533 2337 1561 2381 4.

290 2408 462 2464 Propter
496 2410 770 2464 poenitentiae
804 2413 993 2451 naturam
1027 2406 1103 2451 sub
1137 2409 1404 2463 inscriptione
1435 2409 1582 2464 capitis
1613 2407 1796 2452 declara-

172 2482 270 2534 tam,
302 2478 498 2522 admonet
527 2481 547 2532 ἓ
577 2480 620 2522 3.
650 2477 949 2535 Paenitentiae‚
973 2480 1079 2521 sicut
1103 2480 1141 2520 in
1176 2479 1264 2521 foro
1289 2480 1448 2521 interno
1473 2480 1526 2522 ita
1546 2480 1584 2521 in
1609 2483 1794 2529 externo,

172 2561 254 2590 non
290 2553 371 2590 tam
395 2550 621 2591 seeundum
644 2548 923 2606 quantitatem
948 2550 1248 2604 praesuppositi
1281 2561 1330 2591 ex
1354 2547 1400 2606 §⁰
1426 2549 1470 2591 1²
1491 2547 1651 2602 delicti,
1674 2562 1797 2606 qaam

173 2618 399 2661 secandam
427 2619 684 2676 poenitentis
716 2619 767 2663 de
802 2623 960 2676 patrato
993 2619 1145 2662 delicto
1178 2618 1473 2662 contritionem
1515 2621 1700 2662 exterius
1731 2632 1795 2662 re-

175 2688 379 2732 lucentem
414 2688 698 2732 moderandae
730 2694 841 2746 sant,
876 2691 928 2732 ita
964 2694 1007 2732 ut
1039 2688 1269 2732 secundum
1313 2688 1422 2732 illins
1465 2689 1794 2744 magnitudinem

292 2817 303 2839 1
331 2816 423 2861 Cap.
453 2820 471 2850 2
506 2832 518 2847 α
532 2817 578 2851 de
592 2828 636 2851 eo
655 2817 722 2862 qui
740 2817 927 2862 cognovit
945 2816 1279 2862 consanguineam
1297 2817 1432 2851 uxoris
1450 2828 1543 2852 suae
1559 2832 1573 2847 »
1597 2816 1662 2850 tit.
1683 2816 1795 2860 XIII,

174 2863 260 2898 Lib.
289 2864 355 2904 IV,
384 2863 434 2898 X.
463 2884 508 2890 -
533 2864 547 2886 2
574 2864 666 2908 Cap.
694 2864 727 2906 8,
755 2875 849 2899 sess.
878 2864 1023 2905 XXIV,
1049 2864 1106 2898 De
1132 2863 1217 2898 Res.
1248 2885 1291 2889 —
1316 2865 1330 2887 3
1356 2865 1374 2898 Ι
1393 2864 1440 2898 ad
1460 2863 1632 2898 Timoth.
1661 2863 1707 2907 V,
1736 2864 1795 2897 20.

178 2930 221 2937 -
246 2913 260 2933 ⁴
287 2911 378 2955 Cap.
407 2911 428 2946 7
460 2927 473 2941 ‹
490 2910 535 2945 de
555 2912 816 2956 poenitentiis
834 2915 874 2946 et:
892 2911 1190 2946 remissionibus
1206 2927 1219 2941 ι
1251 2912 1316 2945 tit.
1337 2911 1565 2952 XXXVIII,
1582 2910 1666 2945 Lib.
1685 2910 1728 2945 V.
1747 2910 1796 2945 X.
