1950 3313
183 130 252 164 320
554 127 636 161 LIB.
659 127 703 160 V.
726 147 737 152 -
759 127 868 161 PARS
886 126 957 160 ΙΙΙ.
980 147 992 152 -
1011 127 1068 162 De
1079 130 1218 172 poenis
1237 129 1279 161 in
1297 129 1437 162 delicta
1489 127 1581 163 Can.
1608 128 1813 164 2411-‘2412

185 246 456 303 amplitudine
489 245 590 289 alias
622 247 744 288 etiam
783 245 923 301 plectit
955 258 1134 302 sequens
1166 260 1255 289 can.
1289 248 1418 289 2411.
1463 246 1711 304 Superiores
1752 261 1814 290 re-

185 316 342 374 limosi,
357 315 541 359 scilicet:
579 318 756 359 maiores
787 315 837 359 ad
872 327 1060 359 normam
1097 328 1187 359 can.
1224 315 1322 372 543,
1345 320 1525 360 attamen
1552 321 1719 373 propter
1745 331 1815 360 vo-

184 386 318 431 cabuli
339 385 653 443 generalitatem
673 385 929 442 intelligendi
954 387 1256 444 cuiuscumque
1275 386 1486 443 religionis
1513 388 1603 430 sive
1630 389 1812 431 virorum

182 461 270 501 sive
304 456 541 511 mulierum,
574 456 645 499 sed
682 458 783 499 iuris
808 456 1036 512 pontificii,
1070 456 1249 500 exclusis
1288 459 1549 500 monasteriis
1573 457 1812 501 monialium

183 529 260 572 loci
285 525 508 572 Ordinario
532 526 729 571 subiectis
752 531 791 570 et
813 525 1214 583 Congregationibus
1250 529 1351 570 iuris
1373 528 1625 582 dioecesani,
1648 541 1695 571 eo
1719 531 1815 586 quia

183 602 220 642 in
257 600 343 642 istis
375 597 425 641 ad
462 596 575 641 illum
615 597 778 641 videtur
813 599 1020 654 pertinere
1045 598 1153 655 quod
1180 600 1217 641 in
1253 597 1330 641 hoc
1354 612 1512 642 canone
1546 601 1728 655 punitur,
1752 613 1813 643 se-

182 670 364 714 cundum
400 682 446 712 ea
481 682 586 726 quae
620 669 727 712 dicta
765 670 932 712 fuerunt
968 671 1004 712 in
1041 681 1130 712 can.
1167 669 1248 712 574
1274 669 1324 712 ad
1357 667 1386 727 ξ
1419 670 1458 724 ⁶2,
1481 674 1604 727 atque
1639 669 1715 714 loci
1741 668 1816 715 Or-

182 741 369 783 dinarius
401 753 480 782 non
518 741 629 783 venit
662 741 828 782 nomine
875 739 1110 796 Superioris
1146 739 1325 796 religiosi
1361 742 1584 796 praecipue
1623 742 1661 783 in
1698 754 1816 797 prae·

181 813 284 855 senti
320 823 478 854 canone
526 810 703 867 poenali.
737 836 794 841 --
845 810 1045 854 Praedicti
1080 823 1179 867 ergo
1214 810 1456 867 Superiores
1489 811 1561 868 qui
1593 811 1633 868 a)
1675 811 1813 855 eandi-

182 882 329 926 <tatum
361 895 442 925 non
491 880 685 924 idoneum
734 886 880 924 eontra
910 881 1225 938 praescriptum
1274 895 1366 924 ean.
1399 883 1508 935 542,
1559 883 1815 940 proindeque

182 953 339 1011 absque
371 953 678 1009 dispensatione
712 951 949 1008 Apostolica
984 954 1093 995 circa
1118 952 1377 996 conditiones
1395 952 1444 995 ad
1472 952 1727 996 validitatem
1751 952 1813 996 vel

183 1024 403 1068 liceitatem
423 1023 700 1078 admissionis,
718 1027 757 1066 et
785 1023 960 1080 «quoad
985 1022 1130 1080 (lianc)
1151 1025 1326 1079 primam
1353 1028 1525 1078 partem,
1549 1022 1816 1067 societatibus

182 1093 447 1138 clericalibus
479 1096 566 1137 sine
588 1096 694 1136 votis
715 1093 987 1150 applicetur»
1016 1106 1146 1136 canon
1171 1093 1401 1137 secundum
1422 1094 1673 1137 decisionem
1700 1092 1820 1138 Com·

184 1167 293 1208 miss.
331 1164 443 1208 Pont.
478 1164 528 1208 ad
563 1178 614 1207 ss.
649 1177 829 1208 canones
862 1163 975 1207 auth.
1015 1164 1349 1220 interpretandos
1374 1163 1402 1217 1,
1436 1163 1477 1221 b)
1512 1169 1587 1206 aut
1619 1167 1710 1206 sine
1755 1177 1817 1206 re-

183 1235 353 1293 quisitis
402 1234 560 1278 litteris
595 1233 947 1278 testimonialibus
981 1240 1128 1277 eontra
1158 1234 1470 1292 praescriptum
1499 1249 1591 1277 ean.
1615 1237 1711 1278 544
1745 1234 1815 1278 ibi-

182 1307 275 1350 dem
310 1308 642 1362 interpretatum,
675 1304 715 1362 c)
754 1304 810 1348 ad
847 1305 1099 1348 novitiatum
1140 1305 1377 1363 receperint
1415 1304 1598 1349 scilicet:
1635 1305 1816 1349 invalide

183 1385 253 1421 aut
287 1376 427 1420 illicite
463 1379 709 1433 respective,
733 1376 776 1434 d)
812 1376 875 1419 vel
907 1375 963 1419 ad
981 1375 1288 1434 professionem
1313 1376 1500 1420 scilicet:
1527 1378 1701 1433 primam
1727 1381 1817 1433 post

182 1449 428 1490 novitiatum
465 1450 610 1489 eontra
651 1446 963 1504 praescriptum
1008 1460 1098 1490 ean.
1132 1448 1235 1498 571,
1267 1448 1291 1500 ἓ
1323 1448 1354 1489 2
1386 1446 1572 1490 scilicet:
1607 1459 1700 1489 eum
1745 1448 1815 1503 qui

189 1531 311 1561 «non
348 1517 554 1561 iudicetur
587 1518 804 1561 idoneus»
843 1516 1124 1569 admiserinl;
1156 1530 1300 1560 omnes
1335 1517 1533 1574 praedicti
1568 1517 1816 1573 Superiores

180 1602 258 1647 pro
287 1588 502 1645 yravitate
534 1587 683 1646 eulpae
711 1588 952 1646 puniantur
984 1601 1005 1631 a
1039 1587 1222 1644 generali
1271 1587 1530 1631 Moderatore
1577 1587 1638 1630 vel
1673 1587 1724 1631 ab
1768 1601 1815 1630 eo

182 1660 232 1703 ad
268 1672 389 1715 quem
441 1661 656 1716 pertineat,
699 1660 769 1702 sed
809 1658 947 1702 verbis
983 1661 1260 1715 praeceptivis
1310 1658 1372 1701 lex
1409 1660 1672 1715 exprimitur,
1708 1671 1814 1716 quae

183 1733 340 1788 punitio
373 1730 539 1773 extendi
577 1734 734 1786 potest:
769 1743 851 1773 non
885 1729 1055 1772 exclusa
1089 1729 1223 1787 officii
1251 1729 1505 1787 privatione.

302 1801 399 1844 ⁶258.
424 1803 530 1847 Non
563 1804 893 1847 observantes
917 1803 1229 1858 praescripta
1257 1815 1499 1847 canonum
1523 1802 1585 1846 de
1617 1802 1816 1846 dotibus

183 1876 232 1919 et
264 1875 325 1918 de
359 1874 725 1919 certioratione.
773 1897 824 1902 —
860 1871 990 1915 Simili
1042 1884 1170 1928 poena
1223 1871 1541 1915 indeterminata
1585 1870 1816 1928 eodemque

185 1943 305 1986 modo
338 1943 532 1986 terendae
564 1944 793 1986 sententiae
826 1942 1247 1986 animadvertendum
1282 1946 1341 1985 est
1376 1944 1414 1985 in
1439 1941 1749 1998 delinquentem
1778 1943 1814 1984 vi

183 2021 284 2071 seq.S
318 2028 407 2058 ean.
442 2015 575 2056 2412.
610 2012 924 2070 Reliyiosarum
958 2012 1085 2056 eliani
1118 2018 1407 2070 eoeeniptarurn
1445 2013 1700 2070 proindeque
1736 2026 1818 2056 mo·

184 2084 354 2128 nialium
389 2097 568 2142 quoque,
603 2097 623 2127 a
658 2085 814 2127 fortiori
850 2097 929 2127 non
956 2083 1512 2139 exemptarum,Antistitae
1546 2085 1724 2126 maiores
1746 2087 1816 2126 aut

185 2155 348 2210 locales,
384 2168 490 2212 quae
522 2169 574 2200 ss.
595 2155 823 2198 canonibus
858 2156 960 2198 infra
995 2157 1080 2199 cit.s
1115 2157 1192 2197 iam
1228 2153 1448 2210 explicatis
1483 2166 1628 2210 parere
1650 2153 1814 2209 debent,

180 2239 258 2283 pro
290 2226 506 2283 qravitate
539 2225 700 2283 culpae,
733 2239 815 2268 non
849 2225 1033 2277 eoeelusa,
1067 2225 1105 2267 si
1137 2238 1205 2267 res
1236 2223 1364 2282 ferat,
1400 2223 1547 2282 officii,
1579 2237 1660 2282 quo
1694 2225 1816 2268 deno-

185 2299 408 2352 minantur,
441 2296 697 2354 privalione,
729 2295 778 2338 ab
816 2294 1050 2339 Ora'inario
1084 2295 1166 2338 loci
1186 2295 1439 2353 puniantur,
1463 2297 1558 2352 quia
1593 2295 1727 2338 eidem
1754 2294 1815 2338 bis

184 2369 223 2409 in
258 2366 382 2410 rebus
416 2366 628 2411 subiectae
661 2371 783 2420 sunt,
817 2392 873 2397 ——
908 2365 948 2409 1⁰
983 2365 1035 2409 Si
1067 2371 1214 2409 eontra
1245 2365 1558 2423 praescriptum
1597 2379 1686 2408 ean.
1721 2367 1815 2408 549

183 2437 300 2480 dotes
330 2437 572 2495 puellarum
606 2443 884 2495 receptarum,
904 2439 978 2480 etsi
1003 2442 1096 2480 ante
1131 2438 1311 2492 ipsarum
1349 2436 1643 2492 professionem
1678 2448 1725 2479 ac
1749 2449 1815 2479 no-

188 2510 374 2551 vitiatum
409 2521 539 2565 usque
573 2508 622 2551 ad
663 2508 926 2565 «religiosae
961 2506 1178 2560 obitum»,
1215 2520 1376 2564 quoquo
1408 2505 1528 2550 niodo
1557 2508 1677 2550 etiam
1719 2506 1811 2549 «ad

183 2578 486 2622 aedificandam
522 2579 689 2636 quidem
726 2578 895 2622 domum
931 2582 999 2621 aut
1033 2577 1082 2621 ad
1118 2590 1187 2620 aes
1219 2576 1400 2620 alienum
1441 2577 1809 2633 extinguendum»

183 2648 423 2702 impendere
455 2649 833 2707 praesumpserint,
865 2648 975 2706 quod
1013 2646 1262 2691 vocabulum
1293 2646 1499 2704 «plenam
1534 2649 1814 2703 cognitionem

184 2731 231 2762 ac
265 2719 607 2763 deliberationem
642 2721 769 2776 exigit
794 2735 814 2760 ))
855 2721 968 2762 iuxta
991 2730 1080 2763 can.
1107 2718 1235 2772 2229,
1266 2716 1293 2774 ξ
1327 2718 1350 2760 2
1371 2736 1379 2771 3
1404 2720 1592 2776 sequitur
1629 2731 1725 2761 vero
1748 2717 1814 2760 ad-

303 2874 313 2894 1
342 2872 439 2906 Vide
467 2872 696 2906 citationem
723 2872 769 2906 ad
797 2883 884 2916 pag.
914 2870 983 2904 322
1010 2870 1050 2904 in
1077 2873 1185 2904 nota.
