1950 3313
812 173 1025 199 BENEVOLO
1052 174 1220 199 LECTORI
1781 174 1817 198 ΙΧ

191 293 309 336 tum
338 286 556 334 valeant
593 287 710 332 tum
738 286 867 331 iuris
894 287 1157 349 principia
1194 288 1294 333 rite
1331 286 1602 334 intellecta
1629 286 1819 349 quibus

192 372 510 426 innitantur,
538 371 656 414 tum
677 369 1011 415 accuratiora
1036 370 1317 416 ratiocinia
1342 369 1532 431 quibus
1560 371 1820 432 practicas

194 452 559 501 conclusiones
598 449 933 513 protulerint.
964 449 1188 506 Quando
1228 453 1394 513 igitur
1420 451 1570 499 nobis¹
1609 451 1821 499 obviam

195 538 297 584 erit
335 550 488 582 casus
529 531 803 579 doctrinae
843 532 1069 579 alicuius
1097 533 1238 596 apud
1278 534 1525 596 probatos
1560 533 1822 581 Auctores

195 617 509 673 communis,
551 614 850 661 curandum
902 621 983 662 est
1034 619 1094 661 ut
1132 620 1458 679 proponatur
1510 618 1617 679 ipsa
1661 626 1709 663 et
1752 616 1822 663 id-

194 703 370 764 ipsum
409 700 787 745 incunctanter
826 697 1132 744 faciendum
1171 700 1271 744 erit
1310 700 1362 744 in
1405 698 1485 745 his
1524 701 1821 762 praecipue,

198 798 333 847 quae
391 780 573 829 Codex
630 795 696 827 ex
747 782 916 827 veteri
973 782 1087 826 iure
1143 780 1454 843 desumpsit,
1495 782 1574 828 ve]
1635 782 1822 828 saltem

198 863 506 913 huiusmodi
557 864 952 926 congruitatem
992 878 1023 909 a
1064 862 1215 909 nobis
1266 862 1625 910 adnotandam
1667 864 1824 910 liben-

199 952 282 996 ter
320 949 435 995 erit.

343 1031 559 1077 Etenim
599 1028 667 1077 ad
692 1028 942 1092 probatos
975 1027 1254 1085 Auctores,
1283 1027 1537 1076 benevole
1566 1029 1742 1085 lectra,
1773 1031 1825 1075 in

201 1113 587 1162 Commentarii
638 1111 865 1158 decursu
923 1111 1095 1158 sobrie
1144 1126 1335 1174 pergas
1384 1116 1438 1157 et
1488 1127 1608 1158 cum
1648 1111 1827 1157 solerti

202 1197 536 1244 discretione.
579 1194 781 1252 Sobrie,
823 1193 951 1251 dixi,
992 1209 1099 1241 non
1151 1194 1294 1240 enim
1333 1193 1691 1256 multiplicata
1730 1193 1829 1239 Do—

201 1285 409 1327 ctorum
451 1278 680 1326 lectione
708 1279 962 1324 iuvamen
995 1276 1060 1323 ad
1088 1275 1468 1337 intelligendos
1508 1293 1572 1322 ss.
1603 1292 1829 1323 canrmes

203 1377 411 1425 semper
449 1363 820 1424 consequetur,
851 1361 1091 1422 quinimo
1130 1358 1405 1405 multoties
1445 1358 1509 1405 ob
1549 1360 1831 1405 sententia-

202 1462 321 1492 rum
375 1444 744 1491 diversitatem
796 1442 1093 1490 obscuritas
1145 1442 1438 1505 proveniet.
1480 1441 1704 1504 Insuper
1754 1447 1833 1487 est

202 1530 382 1592 potius
421 1527 670 1574 discretio
704 1527 848 1573 circa
871 1525 1156 1573 lectionem
1194 1524 1336 1571 hanc
1362 1527 1683 1588 optimorum
1712 1540 1832 1587 quo-

206 1626 308 1674 que
346 1609 648 1657 Auctorum
675 1607 944 1655 sectanda.
974 1607 1039 1654 In
1066 1623 1249 1655 eorum
1277 1623 1508 1669 namque
1534 1606 1682 1653 libris
1711 1610 1836 1652 sunt

206 1695 445 1757 apprime
484 1683 867 1754 distinguenda
918 1692 1047 1737 iuris
1088 1691 1352 1753 principia
1401 1689 1598 1736 ibidem
1639 1704 1833 1752 sparsa,

208 1791 343 1839 quae
381 1776 666 1822 veritatem
693 1773 793 1820 sibi
821 1789 1029 1836 semper
1057 1772 1349 1830 vindicant,
1380 1771 1666 1819 dummodo
1694 1775 1836 1819 recte

208 1860 317 1905 sint
353 1856 644 1915 intellecta,
674 1872 706 1903 a
743 1855 944 1918 regulis
972 1854 1287 1919 disciplinae
1320 1856 1450 1901 iuris
1478 1856 1719 1901 canonici
1746 1870 1840 1917 per

208 1941 326 1989 illos
364 1939 610 1988 traditae.
641 1939 758 1986 Etsi
799 1941 941 1986 enim
969 1938 1071 1986 hae
1098 1938 1299 1985 fuerint
1337 1941 1576 2000 tempore
1604 1939 1839 2000 ipsorum

209 2026 426 2072 veritati
477 2024 693 2070 omnino
745 2021 1057 2079 coniormeS,
1098 2022 1599 2084 impraesentiarum
1655 2019 1839 2067 eadem

211 2111 337 2155 sunt
375 2106 607 2163 orbatae,
650 2106 693 2152 si
732 2104 799 2152 ad
825 2103 1049 2161 >Codicis
1088 2106 1187 2161 ius,
1223 2102 1364 2166 quod
1421 2102 1487 2150 ab
1526 2102 1615 2150 illo
1672 2103 1839 2149 veteri

211 2190 491 2253 discrepet,
538 2188 655 2235 illas
695 2187 908 2250 regulas
947 2187 1255 2234 transferas.
1296 2185 1482 2248 Neque
1521 2184 1841 2233 Doctoribus

211 2276 447 2337 potestas
487 2272 752 2335 competit·
783 2274 927 2318 certo
967 2271 1282 2325 necessaria,
1312 2272 1373 2315 ut
1410 2269 1645 2331 ipsorum
1685 2269 1842 2313 inter-

211 2357 539 2419 pretationes
597 2369 704 2401 non
752 2368 1077 2410 communes,
1119 2353 1365 2415 quamvis
1416 2350 1480 2397 de
1530 2352 1643 2396 iure
1701 2364 1842 2395 nunc

214 2441 440 2496 servato,
480 2437 548 2484 ad
587 2453 771 2484 earum
810 2435 1013 2498 obliget
1052 2434 1465 2490 observantiam,
1508 2432 1598 2479 sed
1637 2447 1728 2495 pro
1767 2446 1842 2477 ra-

213 2523 423 2568 tionum
478 2519 712 2584 pondere
769 2518 962 2582 quibus
1031 2517 1341 2574 fulciantur,
1414 2519 1567 2562 erunt
1639 2528 1843 2575 semper

215 2602 595 2651 aestimandae.

358 2685 403 2732 E
434 2684 591 2732 dictis
618 2689 802 2733 autem
823 2684 955 2731 falso
996 2685 1362 2737 coniiceretur,
1391 2678 1716 2743 praedictam
1746 2676 1842 2722 lec·

215 2772 418 2817 tionem
456 2767 693 2816 utilitate
732 2767 1063 2815 destitutam.
1105 2765 1269 2812 Porro
1320 2778 1425 2810 non
1483 2771 1563 2807 est
1619 2760 1843 2806 sentien-

218 2852 347 2899 dum
384 2853 475 2898 ita.
518 2850 596 2899 Ut
645 2850 850 2897 dictum
890 2853 969 2896 est
1007 2849 1168 2911 prius,
1209 2845 1377 2892 multa
1424 2859 1488 2890 ex
1530 2845 1603 2890 eis
1642 2840 1842 2888 addisci
