<?xml version="1.0" encoding="UTF-8"?>
<!DOCTYPE html PUBLIC "-//W3C//DTD XHTML 1.0 Transitional//EN"
    "http://www.w3.org/TR/xhtml1/DTD/xhtml1-transitional.dtd">
<html xmlns="http://www.w3.org/1999/xhtml" xml:lang="en" lang="en">
 <head>
  <title>
</title>
<meta http-equiv="Content-Type" content="text/html;charset=utf-8" />
  <meta name='ocr-system' content='tesseract 3.04.00' />
  <meta name='ocr-capabilities' content='ocr_page ocr_carea ocr_par ocr_line ocrx_word'/>
</head>
<body>
  <div class='ocr_page' id='page_1' title='image "./commentariumtext01blatuoft_0168.png"; bbox 0 0 1950 3313; ppageno 0'>
   <div class='ocr_carea' id='block_1_1' title="bbox 187 162 1819 208">
    <p class='ocr_par' dir='ltr' id='par_1_1' title="bbox 187 162 1819 208">
     <span class='ocr_line' id='line_1_1' title="bbox 187 162 1819 208; baseline 0 -10"><span class='ocrx_word' id='word_1_1' title='bbox 187 164 255 199; x_wconf 87' lang='grc'>156</span> <span class='ocrx_word' id='word_1_2' title='bbox 658 162 742 198; x_wconf 72' lang='lat' dir='ltr'>Lm.</span> <span class='ocrx_word' id='word_1_3' title='bbox 773 162 813 196; x_wconf 83' lang='lat' dir='ltr'>V.</span> <span class='ocrx_word' id='word_1_4' title='bbox 843 183 856 188; x_wconf 91' lang='lat'><em>-</em></span> <span class='ocrx_word' id='word_1_5' title='bbox 883 162 993 196; x_wconf 69' lang='lat' dir='ltr'>PARS</span> <span class='ocrx_word' id='word_1_6' title='bbox 1018 162 1068 196; x_wconf 83' lang='grc' dir='ltr'>Π.</span> <span class='ocrx_word' id='word_1_7' title='bbox 1096 182 1108 188; x_wconf 88' lang='grc'>-</span> <span class='ocrx_word' id='word_1_8' title='bbox 1135 163 1192 198; x_wconf 85' lang='lat' dir='ltr'>De</span> <span class='ocrx_word' id='word_1_9' title='bbox 1211 166 1349 208; x_wconf 81' lang='lat' dir='ltr'>poenis</span> <span class='ocrx_word' id='word_1_10' title='bbox 1408 188 1412 191; x_wconf 91' lang='lat'><em>-</em></span> <span class='ocrx_word' id='word_1_11' title='bbox 1602 162 1696 198; x_wconf 80' lang='lat' dir='ltr'>Can.</span> <span class='ocrx_word' id='word_1_12' title='bbox 1721 163 1819 198; x_wconf 73' lang='lat'>‘2276</span> 
     </span>
    </p>
   </div>
   <div class='ocr_carea' id='block_1_2' title="bbox 216 222 1813 232">
    <p class='ocr_par' dir='ltr' id='par_1_2' title="bbox 216 222 1813 232">
     <span class='ocr_line' id='line_1_2' title="bbox 216 222 1813 232; baseline 0 0"><span class='ocrx_word' id='word_1_13' title='bbox 216 222 1813 232; x_wconf 95' lang='lat' dir='ltr'> </span> 
     </span>
    </p>
   </div>
   <div class='ocr_carea' id='block_1_3' title="bbox 180 280 1820 2955">
    <p class='ocr_par' dir='ltr' id='par_1_3' title="bbox 185 280 1820 889">
     <span class='ocr_line' id='line_1_3' title="bbox 187 280 1816 340; baseline -0.001 -13"><span class='ocrx_word' id='word_1_14' title='bbox 187 286 321 339; x_wconf 86' lang='lat' dir='ltr'>capite</span> <span class='ocrx_word' id='word_1_15' title='bbox 354 281 666 337; x_wconf 76' lang='lat' dir='ltr'>comprehensa,</span> <span class='ocrx_word' id='word_1_16' title='bbox 701 294 780 338; x_wconf 78' lang='lat' dir='ltr'>qua</span> <span class='ocrx_word' id='word_1_17' title='bbox 812 280 1092 339; x_wconf 78' lang='lat' dir='ltr'>prohibeatur</span> <span class='ocrx_word' id='word_1_18' title='bbox 1122 295 1142 324; x_wconf 92' lang='lat' dir='ltr'>a</span> <span class='ocrx_word' id='word_1_19' title='bbox 1176 285 1363 340; x_wconf 77' lang='lat' dir='ltr'>sequenti</span> <span class='ocrx_word' id='word_1_20' title='bbox 1388 287 1497 335; x_wconf 87' lang='lat' dir='ltr'>actu,</span> <span class='ocrx_word' id='word_1_21' title='bbox 1516 287 1655 339; x_wconf 76' lang='lat' dir='ltr'>potest</span> <span class='ocrx_word' id='word_1_22' title='bbox 1682 282 1816 326; x_wconf 68' lang='lat' dir='ltr'>valide</span> 
     </span>
     <span class='ocr_line' id='line_1_4' title="bbox 188 351 1818 410; baseline -0.001 -13"><span class='ocrx_word' id='word_1_23' title='bbox 188 368 233 397; x_wconf 81' lang='lat' dir='ltr'>ae</span> <span class='ocrx_word' id='word_1_24' title='bbox 268 353 390 405; x_wconf 79' lang='lat' dir='ltr'>licite,</span> <span class='ocrx_word' id='word_1_25' title='bbox 424 351 464 408; x_wconf 82' lang='lat' dir='ltr'>a)</span> <span class='ocrx_word' id='word_1_26' title='bbox 499 351 536 394; x_wconf 76' lang='lat' dir='ltr'>si</span> <span class='ocrx_word' id='word_1_27' title='bbox 571 351 626 394; x_wconf 77' lang='lat' dir='ltr'>sit</span> <span class='ocrx_word' id='word_1_28' title='bbox 658 351 742 394; x_wconf 72' lang='lat' dir='ltr'>rite</span> <span class='ocrx_word' id='word_1_29' title='bbox 774 351 1006 409; x_wconf 73' lang='lat' dir='ltr'>dispositas</span> <span class='ocrx_word' id='word_1_30' title='bbox 1041 356 1112 408; x_wconf 87' lang='lat' dir='ltr'>pro</span> <span class='ocrx_word' id='word_1_31' title='bbox 1144 365 1286 395; x_wconf 92' lang='lat' dir='ltr'>eorum</span> <span class='ocrx_word' id='word_1_32' title='bbox 1313 353 1569 405; x_wconf 76' lang='lat' dir='ltr'>diversitate,</span> <span class='ocrx_word' id='word_1_33' title='bbox 1595 352 1818 410; x_wconf 82' lang='lat' dir='ltr'>quaelibet,</span> 
     </span>
     <span class='ocr_line' id='line_1_5' title="bbox 188 422 1814 480; baseline -0.001 -14"><span class='ocrx_word' id='word_1_34' title='bbox 188 425 235 466; x_wconf 89' lang='lat' dir='ltr'>ad</span> <span class='ocrx_word' id='word_1_35' title='bbox 270 423 347 466; x_wconf 81' lang='lat' dir='ltr'>hec</span> <span class='ocrx_word' id='word_1_36' title='bbox 383 423 590 465; x_wconf 78' lang='lat' dir='ltr'>interdicti</span> <span class='ocrx_word' id='word_1_37' title='bbox 626 422 969 479; x_wconf 79' lang='lat' dir='ltr'>impedimentum</span> <span class='ocrx_word' id='word_1_38' title='bbox 1006 423 1114 480; x_wconf 81' lang='lat' dir='ltr'>quod</span> <span class='ocrx_word' id='word_1_39' title='bbox 1150 426 1306 478; x_wconf 83' lang='lat' dir='ltr'>attinet,</span> <span class='ocrx_word' id='word_1_40' title='bbox 1336 423 1376 480; x_wconf 85' lang='lat' dir='ltr'>b)</span> <span class='ocrx_word' id='word_1_41' title='bbox 1403 424 1677 467; x_wconf 70' lang='lat' dir='ltr'>Sacramenta</span> <span class='ocrx_word' id='word_1_42' title='bbox 1712 422 1814 466; x_wconf 77' lang='lat' dir='ltr'>reei—</span> 
     </span>
     <span class='ocr_line' id='line_1_6' title="bbox 185 492 1820 552; baseline 0.001 -16"><span class='ocrx_word' id='word_1_43' title='bbox 185 508 296 552; x_wconf 76' lang='lat' dir='ltr'>pere,</span> <span class='ocrx_word' id='word_1_44' title='bbox 332 493 370 550; x_wconf 83' lang='lat' dir='ltr'>c)</span> <span class='ocrx_word' id='word_1_45' title='bbox 406 492 461 536; x_wconf 75' lang='lat' dir='ltr'>ml</span> <span class='ocrx_word' id='word_1_46' title='bbox 494 507 684 536; x_wconf 80' lang='lat' dir='ltr'>normam</span> <span class='ocrx_word' id='word_1_47' title='bbox 716 507 921 536; x_wconf 72' lang='lat' dir='ltr'>canonum</span> <span class='ocrx_word' id='word_1_48' title='bbox 954 493 1295 551; x_wconf 69' lang='lat' dir='ltr'>praecedentium</span> <span class='ocrx_word' id='word_1_49' title='bbox 1327 497 1436 538; x_wconf 85' lang='lat' dir='ltr'>circa</span> <span class='ocrx_word' id='word_1_50' title='bbox 1483 496 1661 551; x_wconf 87' lang='lat' dir='ltr'>praefata</span> <span class='ocrx_word' id='word_1_51' title='bbox 1697 496 1820 538; x_wconf 89' lang='lat' dir='ltr'>inter-</span> 
     </span>
     <span class='ocr_line' id='line_1_7' title="bbox 189 563 1816 622; baseline -0.001 -14"><span class='ocrx_word' id='word_1_52' title='bbox 189 566 310 617; x_wconf 76' lang='lat' dir='ltr'>dicta,</span> <span class='ocrx_word' id='word_1_53' title='bbox 346 564 481 621; x_wconf 83' lang='lat' dir='ltr'>quoad</span> <span class='ocrx_word' id='word_1_54' title='bbox 518 563 605 608; x_wconf 87' lang='lat' dir='ltr'>loca</span> <span class='ocrx_word' id='word_1_55' title='bbox 641 566 680 607; x_wconf 91' lang='lat' dir='ltr'>in</span> <span class='ocrx_word' id='word_1_56' title='bbox 714 563 879 622; x_wconf 82' lang='lat' dir='ltr'>quibus,</span> <span class='ocrx_word' id='word_1_57' title='bbox 914 569 951 607; x_wconf 89' lang='lat' dir='ltr'>et</span> <span class='ocrx_word' id='word_1_58' title='bbox 989 567 1195 608; x_wconf 87' lang='lat' dir='ltr'>ministros</span> <span class='ocrx_word' id='word_1_59' title='bbox 1228 578 1248 608; x_wconf 89' lang='lat' dir='ltr'>a</span> <span class='ocrx_word' id='word_1_60' title='bbox 1283 564 1446 622; x_wconf 82' lang='lat' dir='ltr'>quibus,</span> <span class='ocrx_word' id='word_1_61' title='bbox 1468 565 1534 608; x_wconf 88' lang='lat' dir='ltr'>illa</span> <span class='ocrx_word' id='word_1_62' title='bbox 1557 569 1715 622; x_wconf 86' lang='lat' dir='ltr'>queunt</span> <span class='ocrx_word' id='word_1_63' title='bbox 1745 565 1816 608; x_wconf 90' lang='lat' dir='ltr'>ad-</span> 
     </span>
     <span class='ocr_line' id='line_1_8' title="bbox 191 634 1817 692; baseline -0.001 -14"><span class='ocrx_word' id='word_1_64' title='bbox 191 637 412 678; x_wconf 88' lang='lat' dir='ltr'>ministrari</span> <span class='ocrx_word' id='word_1_65' title='bbox 453 640 492 678; x_wconf 91' lang='lat' dir='ltr'>et</span> <span class='ocrx_word' id='word_1_66' title='bbox 534 635 668 692; x_wconf 84' lang='lat' dir='ltr'>quoad</span> <span class='ocrx_word' id='word_1_67' title='bbox 714 637 915 692; x_wconf 88' lang='lat' dir='ltr'>permissa</span> <span class='ocrx_word' id='word_1_68' title='bbox 957 636 1237 692; x_wconf 71' lang='lat' dir='ltr'>Sacramenta,</span> <span class='ocrx_word' id='word_1_69' title='bbox 1273 636 1316 692; x_wconf 91' lang='lat' dir='ltr'>d)</span> <span class='ocrx_word' id='word_1_70' title='bbox 1350 636 1440 678; x_wconf 73' lang='lat' dir='ltr'>sine</span> <span class='ocrx_word' id='word_1_71' title='bbox 1473 634 1735 678; x_wconf 70' lang='lat' dir='ltr'>absolutione</span> <span class='ocrx_word' id='word_1_72' title='bbox 1767 634 1817 677; x_wconf 85' lang='lat' dir='ltr'>ab</span> 
     </span>
     <span class='ocr_line' id='line_1_9' title="bbox 191 704 1813 764; baseline 0.001 -17"><span class='ocrx_word' id='word_1_73' title='bbox 191 704 427 755; x_wconf 70' lang='lat' dir='ltr'>interdicto,</span> <span class='ocrx_word' id='word_1_74' title='bbox 462 706 588 748; x_wconf 90' lang='lat' dir='ltr'>idest:</span> <span class='ocrx_word' id='word_1_75' title='bbox 628 705 705 749; x_wconf 80' lang='lat' dir='ltr'>lioc</span> <span class='ocrx_word' id='word_1_76' title='bbox 739 708 906 749; x_wconf 90' lang='lat' dir='ltr'>omnino</span> <span class='ocrx_word' id='word_1_77' title='bbox 952 713 1234 762; x_wconf 77' lang='lat' dir='ltr'>permanente,</span> <span class='ocrx_word' id='word_1_78' title='bbox 1268 706 1406 749; x_wconf 73' lang='lat' dir='ltr'>aliare</span> <span class='ocrx_word' id='word_1_79' title='bbox 1439 719 1702 764; x_wconf 78' lang='lat' dir='ltr'>quacumque</span> <span class='ocrx_word' id='word_1_80' title='bbox 1736 719 1813 748; x_wconf 90' lang='lat' dir='ltr'>non</span> 
     </span>
     <span class='ocr_line' id='line_1_10' title="bbox 189 775 1817 835; baseline 0 -17"><span class='ocrx_word' id='word_1_81' title='bbox 189 778 355 832; x_wconf 76' lang='lat' dir='ltr'>praevia</span> <span class='ocrx_word' id='word_1_82' title='bbox 390 775 687 833; x_wconf 71' lang='lat' dir='ltr'>sati&#39;sfizeli&#39;one</span> <span class='ocrx_word' id='word_1_83' title='bbox 721 790 792 833; x_wconf 90' lang='lat' dir='ltr'>per</span> <span class='ocrx_word' id='word_1_84' title='bbox 823 790 866 820; x_wconf 87' lang='lat' dir='ltr'>se</span> <span class='ocrx_word' id='word_1_85' title='bbox 902 779 1032 833; x_wconf 92' lang='lat' dir='ltr'>ipsum</span> <span class='ocrx_word' id='word_1_86' title='bbox 1068 777 1162 820; x_wconf 84' lang='lat' dir='ltr'>data</span> <span class='ocrx_word' id='word_1_87' title='bbox 1200 777 1262 819; x_wconf 76' lang='lat' dir='ltr'>vel</span> <span class='ocrx_word' id='word_1_88' title='bbox 1297 776 1348 820; x_wconf 87' lang='lat' dir='ltr'>ab</span> <span class='ocrx_word' id='word_1_89' title='bbox 1381 777 1485 831; x_wconf 86' lang='lat' dir='ltr'>aliis,</span> <span class='ocrx_word' id='word_1_90' title='bbox 1509 779 1578 835; x_wconf 83' lang='lat' dir='ltr'>qui</span> <span class='ocrx_word' id='word_1_91' title='bbox 1603 789 1691 819; x_wconf 90' lang='lat' dir='ltr'>eam</span> <span class='ocrx_word' id='word_1_92' title='bbox 1717 776 1817 819; x_wconf 89' lang='lat' dir='ltr'>dare</span> 
     </span>
     <span class='ocr_line' id='line_1_11' title="bbox 190 851 418 889; baseline 0 -1"><span class='ocrx_word' id='word_1_93' title='bbox 190 851 418 889; x_wconf 89' lang='lat' dir='ltr'>teneantur.</span> 
     </span>
    </p>

    <p class='ocr_par' dir='ltr' id='par_1_4' title="bbox 180 916 1818 2955">
     <span class='ocr_line' id='line_1_12' title="bbox 306 916 1818 974; baseline 0 -15"><span class='ocrx_word' id='word_1_94' title='bbox 306 916 478 965; x_wconf 79' lang='lat' dir='ltr'>Notetur</span> <span class='ocrx_word' id='word_1_95' title='bbox 527 917 635 961; x_wconf 87' lang='lat' dir='ltr'>lmnc</span> <span class='ocrx_word' id='word_1_96' title='bbox 679 930 879 962; x_wconf 86' lang='lat' dir='ltr'>canonem</span> <span class='ocrx_word' id='word_1_97' title='bbox 924 918 1136 973; x_wconf 89' lang='lat' dir='ltr'>complere</span> <span class='ocrx_word' id='word_1_98' title='bbox 1181 923 1371 974; x_wconf 87' lang='lat' dir='ltr'>respectu</span> <span class='ocrx_word' id='word_1_99' title='bbox 1416 932 1494 961; x_wconf 91' lang='lat' dir='ltr'>non</span> <span class='ocrx_word' id='word_1_100' title='bbox 1539 918 1818 974; x_wconf 81' lang='lat' dir='ltr'>delinquentis</span> 
     </span>
     <span class='ocr_line' id='line_1_13' title="bbox 187 988 1814 1045; baseline 0.001 -15"><span class='ocrx_word' id='word_1_101' title='bbox 187 994 293 1031; x_wconf 79' lang='lat' dir='ltr'>ean.⁵</span> <span class='ocrx_word' id='word_1_102' title='bbox 328 988 433 1031; x_wconf 62' lang='lat'>9271</span> <span class='ocrx_word' id='word_1_103' title='bbox 475 1002 514 1031; x_wconf 89' lang='lat' dir='ltr'>n.</span> <span class='ocrx_word' id='word_1_104' title='bbox 539 989 596 1039; x_wconf 67' lang='lat'>⁶20,</span> <span class='ocrx_word' id='word_1_105' title='bbox 623 989 749 1042; x_wconf 67' lang='lat'>2275,</span> <span class='ocrx_word' id='word_1_106' title='bbox 776 988 833 1042; x_wconf 66' lang='lat'>2⁰,</span> <span class='ocrx_word' id='word_1_107' title='bbox 858 988 1081 1045; x_wconf 84' lang='lat' dir='ltr'>(quatenus</span> <span class='ocrx_word' id='word_1_108' title='bbox 1106 988 1172 1032; x_wconf 86' lang='lat' dir='ltr'>hie</span> <span class='ocrx_word' id='word_1_109' title='bbox 1196 991 1430 1032; x_wconf 83' lang='lat' dir='ltr'>continetur</span> <span class='ocrx_word' id='word_1_110' title='bbox 1453 988 1529 1032; x_wconf 80' lang='lat' dir='ltr'>sul)</span> <span class='ocrx_word' id='word_1_111' title='bbox 1552 1002 1641 1032; x_wconf 85' lang='lat' dir='ltr'>can.</span> <span class='ocrx_word' id='word_1_112' title='bbox 1668 988 1814 1044; x_wconf 64' lang='lat'>2274),</span> 
     </span>
     <span class='ocr_line' id='line_1_14' title="bbox 187 1058 1818 1117; baseline 0.001 -15"><span class='ocrx_word' id='word_1_113' title='bbox 187 1064 224 1102; x_wconf 89' lang='lat' dir='ltr'>et</span> <span class='ocrx_word' id='word_1_114' title='bbox 258 1071 348 1102; x_wconf 90' lang='lat' dir='ltr'>can.</span> <span class='ocrx_word' id='word_1_115' title='bbox 386 1060 511 1115; x_wconf 65' lang='lat'>2279,</span> <span class='ocrx_word' id='word_1_116' title='bbox 546 1058 574 1117; x_wconf 62' lang='grc' dir='ltr'>ξ</span> <span class='ocrx_word' id='word_1_117' title='bbox 607 1059 644 1103; x_wconf 86' lang='lat'>3.</span> <span class='ocrx_word' id='word_1_118' title='bbox 680 1059 728 1102; x_wconf 89' lang='lat' dir='ltr'>Et</span> <span class='ocrx_word' id='word_1_119' title='bbox 761 1059 857 1102; x_wconf 87' lang='lat' dir='ltr'>hinc</span> <span class='ocrx_word' id='word_1_120' title='bbox 891 1060 1163 1103; x_wconf 83' lang='lat' dir='ltr'>confirmatur</span> <span class='ocrx_word' id='word_1_121' title='bbox 1202 1061 1488 1116; x_wconf 74' lang='lat' dir='ltr'>interpretatio</span> <span class='ocrx_word' id='word_1_122' title='bbox 1531 1072 1674 1102; x_wconf 90' lang='lat' dir='ltr'>eorum</span> <span class='ocrx_word' id='word_1_123' title='bbox 1719 1065 1818 1103; x_wconf 85' lang='lat' dir='ltr'>tunc</span> 
     </span>
     <span class='ocr_line' id='line_1_15' title="bbox 186 1130 1815 1188; baseline 0.001 -15"><span class='ocrx_word' id='word_1_124' title='bbox 186 1130 379 1174; x_wconf 91' lang='lat' dir='ltr'>adducta.</span> <span class='ocrx_word' id='word_1_125' title='bbox 430 1157 482 1161; x_wconf 89' lang='lat'><strong>—</strong></span> <span class='ocrx_word' id='word_1_126' title='bbox 532 1130 836 1186; x_wconf 87' lang='lat' dir='ltr'>Praescriptum</span> <span class='ocrx_word' id='word_1_127' title='bbox 886 1133 1056 1174; x_wconf 85' lang='lat' dir='ltr'>canonis</span> <span class='ocrx_word' id='word_1_128' title='bbox 1089 1131 1275 1174; x_wconf 85' lang='lat' dir='ltr'>extendit</span> <span class='ocrx_word' id='word_1_129' title='bbox 1306 1130 1355 1173; x_wconf 89' lang='lat' dir='ltr'>ad</span> <span class='ocrx_word' id='word_1_130' title='bbox 1393 1133 1589 1186; x_wconf 86' lang='lat' dir='ltr'>permissa</span> <span class='ocrx_word' id='word_1_131' title='bbox 1629 1135 1815 1188; x_wconf 90' lang='lat' dir='ltr'>tempore</span> 
     </span>
     <span class='ocr_line' id='line_1_16' title="bbox 187 1201 1815 1258; baseline 0.001 -15"><span class='ocrx_word' id='word_1_132' title='bbox 187 1201 392 1244; x_wconf 79' lang='lat' dir='ltr'>interdicti</span> <span class='ocrx_word' id='word_1_133' title='bbox 428 1201 666 1244; x_wconf 84' lang='lat' dir='ltr'>alterutrius</span> <span class='ocrx_word' id='word_1_134' title='bbox 699 1202 980 1255; x_wconf 81' lang='lat' dir='ltr'>Sacramenta,</span> <span class='ocrx_word' id='word_1_135' title='bbox 1015 1201 1122 1258; x_wconf 86' lang='lat' dir='ltr'>quod</span> <span class='ocrx_word' id='word_1_136' title='bbox 1159 1201 1209 1244; x_wconf 91' lang='lat' dir='ltr'>de</span> <span class='ocrx_word' id='word_1_137' title='bbox 1245 1203 1519 1257; x_wconf 85' lang='lat' dir='ltr'>poenitentiae</span> <span class='ocrx_word' id='word_1_138' title='bbox 1547 1202 1815 1245; x_wconf 70' lang='lat' dir='ltr'>Sam-amento</span> 
     </span>
     <span class='ocr_line' id='line_1_17' title="bbox 186 1270 1815 1328; baseline 0 -13"><span class='ocrx_word' id='word_1_139' title='bbox 186 1274 327 1315; x_wconf 90' lang='lat' dir='ltr'>statuit</span> <span class='ocrx_word' id='word_1_140' title='bbox 372 1272 497 1314; x_wconf 87' lang='lat' dir='ltr'>Bonif.</span> <span class='ocrx_word' id='word_1_141' title='bbox 536 1270 621 1314; x_wconf 79' lang='lat' dir='ltr'>Vlll</span> <span class='ocrx_word' id='word_1_142' title='bbox 667 1274 703 1314; x_wconf 93' lang='lat' dir='ltr'>in</span> <span class='ocrx_word' id='word_1_143' title='bbox 748 1285 836 1328; x_wconf 83' lang='lat' dir='ltr'>cap.</span> <span class='ocrx_word' id='word_1_144' title='bbox 876 1272 925 1314; x_wconf 68' lang='lat'>24</span> <span class='ocrx_word' id='word_1_145' title='bbox 967 1272 1062 1315; x_wconf 85' lang='lat' dir='ltr'>«de</span> <span class='ocrx_word' id='word_1_146' title='bbox 1105 1274 1320 1315; x_wconf 90' lang='lat' dir='ltr'>sententiis</span> <span class='ocrx_word' id='word_1_147' title='bbox 1359 1274 1815 1326; x_wconf 74' lang='lat' dir='ltr'>excommunicationis,</span> 
     </span>
     <span class='ocr_line' id='line_1_18' title="bbox 185 1341 1812 1399; baseline 0 -14"><span class='ocrx_word' id='word_1_148' title='bbox 185 1344 466 1397; x_wconf 77' lang='lat' dir='ltr'>suspensionis</span> <span class='ocrx_word' id='word_1_149' title='bbox 510 1346 549 1385; x_wconf 86' lang='lat' dir='ltr'>et</span> <span class='ocrx_word' id='word_1_150' title='bbox 592 1343 845 1386; x_wconf 80' lang='lat' dir='ltr'>interdicti»</span> <span class='ocrx_word' id='word_1_151' title='bbox 884 1341 945 1396; x_wconf 77' lang='lat' dir='ltr'>(V,</span> <span class='ocrx_word' id='word_1_152' title='bbox 986 1342 1053 1399; x_wconf 89' lang='lat' dir='ltr'>ll)</span> <span class='ocrx_word' id='word_1_153' title='bbox 1088 1344 1126 1385; x_wconf 91' lang='lat' dir='ltr'>in</span> <span class='ocrx_word' id='word_1_154' title='bbox 1163 1343 1218 1386; x_wconf 79' lang='lat'>6⁰.</span> <span class='ocrx_word' id='word_1_155' title='bbox 1260 1358 1278 1382; x_wconf 83' lang='lat'>«</span> <span class='ocrx_word' id='word_1_156' title='bbox 1303 1341 1592 1395; x_wconf 83' lang='lat' dir='ltr'>Concedimus,</span> <span class='ocrx_word' id='word_1_157' title='bbox 1625 1344 1680 1386; x_wconf 88' lang='lat' dir='ltr'>ait</span> <span class='ocrx_word' id='word_1_158' title='bbox 1713 1345 1812 1399; x_wconf 87' lang='lat' dir='ltr'>ipse,</span> 
     </span>
     <span class='ocr_line' id='line_1_19' title="bbox 187 1412 1813 1469; baseline 0 -13"><span class='ocrx_word' id='word_1_159' title='bbox 187 1413 293 1469; x_wconf 83' lang='lat' dir='ltr'>quod</span> <span class='ocrx_word' id='word_1_160' title='bbox 332 1418 516 1469; x_wconf 88' lang='lat' dir='ltr'>tempore</span> <span class='ocrx_word' id='word_1_161' title='bbox 551 1413 757 1457; x_wconf 88' lang='lat' dir='ltr'>interdicti</span> <span class='ocrx_word' id='word_1_162' title='bbox 791 1413 842 1456; x_wconf 85' lang='lat' dir='ltr'>ab</span> <span class='ocrx_word' id='word_1_163' title='bbox 877 1413 1042 1456; x_wconf 88' lang='lat' dir='ltr'>homine</span> <span class='ocrx_word' id='word_1_164' title='bbox 1079 1412 1140 1456; x_wconf 85' lang='lat' dir='ltr'>vel</span> <span class='ocrx_word' id='word_1_165' title='bbox 1176 1425 1195 1456; x_wconf 92' lang='lat' dir='ltr'>a</span> <span class='ocrx_word' id='word_1_166' title='bbox 1233 1415 1320 1457; x_wconf 87' lang='lat' dir='ltr'>iure</span> <span class='ocrx_word' id='word_1_167' title='bbox 1346 1413 1506 1469; x_wconf 82' lang='lat' dir='ltr'>prolati,</span> <span class='ocrx_word' id='word_1_168' title='bbox 1530 1426 1609 1456; x_wconf 92' lang='lat' dir='ltr'>non</span> <span class='ocrx_word' id='word_1_169' title='bbox 1635 1418 1813 1456; x_wconf 87' lang='lat' dir='ltr'>tantum-</span> 
     </span>
     <span class='ocr_line' id='line_1_20' title="bbox 187 1484 1813 1541; baseline 0.001 -16"><span class='ocrx_word' id='word_1_170' title='bbox 187 1484 309 1526; x_wconf 86' lang='lat' dir='ltr'>modo</span> <span class='ocrx_word' id='word_1_171' title='bbox 345 1486 580 1538; x_wconf 88' lang='lat' dir='ltr'>morientes,</span> <span class='ocrx_word' id='word_1_172' title='bbox 614 1484 685 1527; x_wconf 90' lang='lat' dir='ltr'>sed</span> <span class='ocrx_word' id='word_1_173' title='bbox 721 1486 843 1527; x_wconf 89' lang='lat' dir='ltr'>etiam</span> <span class='ocrx_word' id='word_1_174' title='bbox 883 1486 1084 1538; x_wconf 72' lang='lat' dir='ltr'>viventes,</span> <span class='ocrx_word' id='word_1_175' title='bbox 1109 1489 1189 1527; x_wconf 90' lang='lat' dir='ltr'>tam</span> <span class='ocrx_word' id='word_1_176' title='bbox 1213 1485 1300 1527; x_wconf 86' lang='lat' dir='ltr'>sani</span> <span class='ocrx_word' id='word_1_177' title='bbox 1330 1486 1451 1527; x_wconf 86' lang='lat' dir='ltr'>etiam</span> <span class='ocrx_word' id='word_1_178' title='bbox 1487 1497 1612 1541; x_wconf 83' lang='lat' dir='ltr'>quam</span> <span class='ocrx_word' id='word_1_179' title='bbox 1647 1484 1813 1539; x_wconf 85' lang='lat' dir='ltr'>infirmi,</span> 
     </span>
     <span class='ocr_line' id='line_1_21' title="bbox 185 1554 1811 1612; baseline 0.001 -15"><span class='ocrx_word' id='word_1_180' title='bbox 185 1555 233 1597; x_wconf 91' lang='lat' dir='ltr'>ad</span> <span class='ocrx_word' id='word_1_181' title='bbox 272 1557 563 1611; x_wconf 88' lang='lat' dir='ltr'>poenitentiam</span> <span class='ocrx_word' id='word_1_182' title='bbox 600 1554 725 1612; x_wconf 85' lang='lat' dir='ltr'>(quae</span> <span class='ocrx_word' id='word_1_183' title='bbox 761 1560 927 1611; x_wconf 85' lang='lat' dir='ltr'>propter</span> <span class='ocrx_word' id='word_1_184' title='bbox 961 1557 1207 1611; x_wconf 87' lang='lat' dir='ltr'>pronitatem</span> <span class='ocrx_word' id='word_1_185' title='bbox 1242 1559 1282 1598; x_wconf 87' lang='lat' dir='ltr'>et</span> <span class='ocrx_word' id='word_1_186' title='bbox 1315 1555 1551 1598; x_wconf 79' lang='lat' dir='ltr'>facilitatem</span> <span class='ocrx_word' id='word_1_187' title='bbox 1597 1555 1811 1608; x_wconf 81' lang='lat' dir='ltr'>hominum</span> 
     </span>
     <span class='ocr_line' id='line_1_22' title="bbox 186 1625 1811 1682; baseline 0 -14"><span class='ocrx_word' id='word_1_188' title='bbox 186 1625 234 1669; x_wconf 90' lang='lat' dir='ltr'>ad</span> <span class='ocrx_word' id='word_1_189' title='bbox 271 1625 527 1681; x_wconf 88' lang='lat' dir='ltr'>peccandum</span> <span class='ocrx_word' id='word_1_190' title='bbox 562 1639 724 1668; x_wconf 91' lang='lat' dir='ltr'>summe</span> <span class='ocrx_word' id='word_1_191' title='bbox 748 1627 980 1669; x_wconf 86' lang='lat' dir='ltr'>necessaria</span> <span class='ocrx_word' id='word_1_192' title='bbox 1005 1625 1083 1682; x_wconf 88' lang='lat' dir='ltr'>est)</span> <span class='ocrx_word' id='word_1_193' title='bbox 1108 1625 1218 1669; x_wconf 85' lang='lat' dir='ltr'>licite</span> <span class='ocrx_word' id='word_1_194' title='bbox 1242 1625 1526 1681; x_wconf 76' lang='lat' dir='ltr'>admittantur,</span> <span class='ocrx_word' id='word_1_195' title='bbox 1552 1625 1652 1668; x_wconf 89' lang='lat' dir='ltr'>dum</span> <span class='ocrx_word' id='word_1_196' title='bbox 1677 1629 1811 1669; x_wconf 89' lang='lat' dir='ltr'>tamen</span> 
     </span>
     <span class='ocr_line' id='line_1_23' title="bbox 186 1696 1813 1757; baseline 0.001 -18"><span class='ocrx_word' id='word_1_197' title='bbox 186 1699 535 1757; x_wconf 84' lang='lat' dir='ltr'>excommunicati</span> <span class='ocrx_word' id='word_1_198' title='bbox 571 1709 650 1739; x_wconf 91' lang='lat' dir='ltr'>non</span> <span class='ocrx_word' id='word_1_199' title='bbox 686 1697 859 1740; x_wconf 86' lang='lat' dir='ltr'>fuerint:</span> <span class='ocrx_word' id='word_1_200' title='bbox 899 1709 1003 1754; x_wconf 86' lang='lat' dir='ltr'>quos</span> <span class='ocrx_word' id='word_1_201' title='bbox 1045 1696 1205 1740; x_wconf 84' lang='lat' dir='ltr'>admitti</span> <span class='ocrx_word' id='word_1_202' title='bbox 1251 1696 1561 1753; x_wconf 86' lang='lat' dir='ltr'>(praeterquam</span> <span class='ocrx_word' id='word_1_203' title='bbox 1596 1699 1633 1739; x_wconf 90' lang='lat' dir='ltr'>iu</span> <span class='ocrx_word' id='word_1_204' title='bbox 1671 1700 1813 1740; x_wconf 91' lang='lat' dir='ltr'>mortis</span> 
     </span>
     <span class='ocr_line' id='line_1_24' title="bbox 185 1766 1814 1825; baseline 0.001 -16"><span class='ocrx_word' id='word_1_205' title='bbox 185 1766 379 1824; x_wconf 87' lang='lat' dir='ltr'>articulo)</span> <span class='ocrx_word' id='word_1_206' title='bbox 404 1767 595 1811; x_wconf 91' lang='lat' dir='ltr'>nolumus</span> <span class='ocrx_word' id='word_1_207' title='bbox 618 1767 666 1810; x_wconf 91' lang='lat' dir='ltr'>ad</span> <span class='ocrx_word' id='word_1_208' title='bbox 693 1768 865 1811; x_wconf 89' lang='lat' dir='ltr'>eandem</span> <span class='ocrx_word' id='word_1_209' title='bbox 894 1783 931 1808; x_wconf 66' lang='lat' dir='ltr'>n.</span> <span class='ocrx_word' id='word_1_210' title='bbox 967 1767 1153 1824; x_wconf 84' lang='lat' dir='ltr'>lutellige</span> <span class='ocrx_word' id='word_1_211' title='bbox 1188 1781 1320 1812; x_wconf 89' lang='lat' dir='ltr'>nune:</span> <span class='ocrx_word' id='word_1_212' title='bbox 1355 1770 1431 1811; x_wconf 92' lang='lat' dir='ltr'>nisi</span> <span class='ocrx_word' id='word_1_213' title='bbox 1458 1771 1572 1825; x_wconf 91' lang='lat' dir='ltr'>prius</span> <span class='ocrx_word' id='word_1_214' title='bbox 1594 1768 1814 1812; x_wconf 65' lang='lat' dir='ltr'>absolvan-</span> 
     </span>
     <span class='ocr_line' id='line_1_25' title="bbox 185 1837 1810 1883; baseline 0.001 -3"><span class='ocrx_word' id='word_1_215' title='bbox 185 1843 251 1880; x_wconf 92' lang='lat' dir='ltr'>tur</span> <span class='ocrx_word' id='word_1_216' title='bbox 286 1840 360 1882; x_wconf 86' lang='lat' dir='ltr'>rite</span> <span class='ocrx_word' id='word_1_217' title='bbox 393 1838 445 1882; x_wconf 86' lang='lat' dir='ltr'>ab</span> <span class='ocrx_word' id='word_1_218' title='bbox 478 1839 638 1883; x_wconf 90' lang='lat' dir='ltr'>eadem.</span> <span class='ocrx_word' id='word_1_219' title='bbox 673 1838 720 1881; x_wconf 92' lang='lat' dir='ltr'>Et</span> <span class='ocrx_word' id='word_1_220' title='bbox 754 1838 831 1882; x_wconf 89' lang='lat' dir='ltr'>sub</span> <span class='ocrx_word' id='word_1_221' title='bbox 863 1837 1014 1883; x_wconf 89' lang='lat' dir='ltr'>Codice</span> <span class='ocrx_word' id='word_1_222' title='bbox 1060 1844 1194 1882; x_wconf 89' lang='lat' dir='ltr'>manet</span> <span class='ocrx_word' id='word_1_223' title='bbox 1244 1852 1401 1882; x_wconf 83' lang='lat' dir='ltr'>verum.</span> <span class='ocrx_word' id='word_1_224' title='bbox 1436 1865 1493 1869; x_wconf 91' lang='lat'><strong>—</strong></span> <span class='ocrx_word' id='word_1_225' title='bbox 1530 1855 1551 1880; x_wconf 75' lang='lat' dir='ltr'>a</span> <span class='ocrx_word' id='word_1_226' title='bbox 1576 1839 1657 1883; x_wconf 90' lang='lat' dir='ltr'>lllis</span> <span class='ocrx_word' id='word_1_227' title='bbox 1689 1841 1810 1882; x_wconf 86' lang='lat' dir='ltr'>etiam</span> 
     </span>
     <span class='ocr_line' id='line_1_26' title="bbox 187 1909 1812 1967; baseline 0.001 -16"><span class='ocrx_word' id='word_1_228' title='bbox 187 1915 353 1965; x_wconf 90' lang='lat' dir='ltr'>propter</span> <span class='ocrx_word' id='word_1_229' title='bbox 386 1923 560 1967; x_wconf 88' lang='lat' dir='ltr'>quorum</span> <span class='ocrx_word' id='word_1_230' title='bbox 596 1909 775 1966; x_wconf 89' lang='lat' dir='ltr'>culpam,</span> <span class='ocrx_word' id='word_1_231' title='bbox 809 1910 949 1953; x_wconf 87' lang='lat' dir='ltr'>dolum</span> <span class='ocrx_word' id='word_1_232' title='bbox 987 1909 1050 1953; x_wconf 87' lang='lat' dir='ltr'>vel</span> <span class='ocrx_word' id='word_1_233' title='bbox 1085 1909 1272 1953; x_wconf 89' lang='lat' dir='ltr'>fraudem</span> <span class='ocrx_word' id='word_1_234' title='bbox 1308 1909 1387 1953; x_wconf 89' lang='lat' dir='ltr'>lata</span> <span class='ocrx_word' id='word_1_235' title='bbox 1421 1915 1481 1953; x_wconf 90' lang='lat' dir='ltr'>est</span> <span class='ocrx_word' id='word_1_236' title='bbox 1517 1912 1719 1954; x_wconf 90' lang='lat' dir='ltr'>sententia</span> <span class='ocrx_word' id='word_1_237' title='bbox 1754 1913 1812 1952; x_wconf 92' lang='lat' dir='ltr'>in-</span> 
     </span>
     <span class='ocr_line' id='line_1_27' title="bbox 186 1979 1812 2037; baseline 0.001 -15"><span class='ocrx_word' id='word_1_238' title='bbox 186 1980 362 2031; x_wconf 89' lang='lat' dir='ltr'>terdicti,</span> <span class='ocrx_word' id='word_1_239' title='bbox 402 1980 464 2023; x_wconf 77' lang='lat' dir='ltr'>vel</span> <span class='ocrx_word' id='word_1_240' title='bbox 499 1982 568 2037; x_wconf 84' lang='lat' dir='ltr'>qui</span> <span class='ocrx_word' id='word_1_241' title='bbox 601 1980 650 2024; x_wconf 89' lang='lat' dir='ltr'>ad</span> <span class='ocrx_word' id='word_1_242' title='bbox 688 1980 1007 2037; x_wconf 86' lang='lat' dir='ltr'>perpetrandum</span> <span class='ocrx_word' id='word_1_243' title='bbox 1045 1979 1257 2035; x_wconf 88' lang='lat' dir='ltr'>delictum,</span> <span class='ocrx_word' id='word_1_244' title='bbox 1283 1983 1401 2023; x_wconf 89' lang='lat' dir='ltr'>cuius</span> <span class='ocrx_word' id='word_1_245' title='bbox 1428 1983 1644 2024; x_wconf 85' lang='lat' dir='ltr'>occasione</span> <span class='ocrx_word' id='word_1_246' title='bbox 1678 1982 1812 2037; x_wconf 91' lang='lat' dir='ltr'>ipsum</span> 
     </span>
     <span class='ocr_line' id='line_1_28' title="bbox 186 2050 1814 2107; baseline 0.001 -15"><span class='ocrx_word' id='word_1_247' title='bbox 186 2051 450 2094; x_wconf 89' lang='lat' dir='ltr'>interdictum</span> <span class='ocrx_word' id='word_1_248' title='bbox 496 2056 558 2094; x_wconf 86' lang='lat' dir='ltr'>est</span> <span class='ocrx_word' id='word_1_249' title='bbox 601 2051 743 2105; x_wconf 91' lang='lat' dir='ltr'>latum,</span> <span class='ocrx_word' id='word_1_250' title='bbox 777 2050 1058 2107; x_wconf 88' lang='lat' dir='ltr'>praebuerunt</span> <span class='ocrx_word' id='word_1_251' title='bbox 1099 2050 1316 2106; x_wconf 85' lang='lat' dir='ltr'>auxilium,</span> <span class='ocrx_word' id='word_1_252' title='bbox 1351 2051 1567 2094; x_wconf 89' lang='lat' dir='ltr'>consilium</span> <span class='ocrx_word' id='word_1_253' title='bbox 1605 2050 1667 2094; x_wconf 73' lang='lat' dir='ltr'>vel</span> <span class='ocrx_word' id='word_1_254' title='bbox 1703 2052 1814 2093; x_wconf 88' lang='lat' dir='ltr'>favo-</span> 
     </span>
     <span class='ocr_line' id='line_1_29' title="bbox 186 2120 1811 2178; baseline -0.001 -14"><span class='ocrx_word' id='word_1_255' title='bbox 186 2134 296 2164; x_wconf 90' lang='lat' dir='ltr'>rem:</span> <span class='ocrx_word' id='word_1_256' title='bbox 323 2123 396 2164; x_wconf 90' lang='lat' dir='ltr'>uisi</span> <span class='ocrx_word' id='word_1_257' title='bbox 422 2121 472 2164; x_wconf 92' lang='lat' dir='ltr'>de</span> <span class='ocrx_word' id='word_1_258' title='bbox 496 2124 582 2178; x_wconf 91' lang='lat' dir='ltr'>ipso</span> <span class='ocrx_word' id='word_1_259' title='bbox 606 2121 756 2165; x_wconf 90' lang='lat' dir='ltr'>delicto</span> <span class='ocrx_word' id='word_1_260' title='bbox 780 2124 828 2171; x_wconf 91' lang='lat' dir='ltr'>(si</span> <span class='ocrx_word' id='word_1_261' title='bbox 863 2123 943 2164; x_wconf 91' lang='lat' dir='ltr'>sint</span> <span class='ocrx_word' id='word_1_262' title='bbox 977 2121 1078 2164; x_wconf 92' lang='lat' dir='ltr'>tales</span> <span class='ocrx_word' id='word_1_263' title='bbox 1109 2121 1216 2178; x_wconf 85' lang='lat' dir='ltr'>quod</span> <span class='ocrx_word' id='word_1_264' title='bbox 1254 2122 1290 2164; x_wconf 88' lang='lat' dir='ltr'>id</span> <span class='ocrx_word' id='word_1_265' title='bbox 1328 2122 1461 2164; x_wconf 88' lang='lat' dir='ltr'>facere</span> <span class='ocrx_word' id='word_1_266' title='bbox 1493 2120 1674 2178; x_wconf 91' lang='lat' dir='ltr'>valeant)</span> <span class='ocrx_word' id='word_1_267' title='bbox 1696 2123 1811 2178; x_wconf 91' lang='lat' dir='ltr'>prius</span> 
     </span>
     <span class='ocr_line' id='line_1_30' title="bbox 185 2191 1811 2248; baseline 0 -14"><span class='ocrx_word' id='word_1_268' title='bbox 185 2193 470 2248; x_wconf 87' lang='lat' dir='ltr'>satisfecerint,</span> <span class='ocrx_word' id='word_1_269' title='bbox 507 2191 569 2235; x_wconf 81' lang='lat' dir='ltr'>vel</span> <span class='ocrx_word' id='word_1_270' title='bbox 604 2192 653 2234; x_wconf 91' lang='lat' dir='ltr'>de</span> <span class='ocrx_word' id='word_1_271' title='bbox 686 2192 974 2236; x_wconf 82' lang='lat' dir='ltr'>satisfaciendo</span> <span class='ocrx_word' id='word_1_272' title='bbox 1009 2192 1198 2235; x_wconf 88' lang='lat' dir='ltr'>idoneam</span> <span class='ocrx_word' id='word_1_273' title='bbox 1232 2191 1424 2235; x_wconf 87' lang='lat' dir='ltr'>dederint</span> <span class='ocrx_word' id='word_1_274' title='bbox 1454 2193 1708 2235; x_wconf 91' lang='lat' dir='ltr'>cautionem:</span> <span class='ocrx_word' id='word_1_275' title='bbox 1741 2196 1811 2235; x_wconf 89' lang='lat' dir='ltr'>aut</span> 
     </span>
     <span class='ocr_line' id='line_1_31' title="bbox 183 2262 1813 2320; baseline 0 -15"><span class='ocrx_word' id='word_1_276' title='bbox 183 2265 216 2305; x_wconf 91' lang='lat' dir='ltr'>si</span> <span class='ocrx_word' id='word_1_277' title='bbox 249 2264 488 2306; x_wconf 81' lang='lat' dir='ltr'>satisfacere</span> <span class='ocrx_word' id='word_1_278' title='bbox 522 2267 747 2320; x_wconf 84' lang='lat' dir='ltr'>nequeunt,</span> <span class='ocrx_word' id='word_1_279' title='bbox 783 2262 845 2306; x_wconf 82' lang='lat' dir='ltr'>vel</span> <span class='ocrx_word' id='word_1_280' title='bbox 880 2262 1116 2306; x_wconf 88' lang='lat' dir='ltr'>huiusmodi</span> <span class='ocrx_word' id='word_1_281' title='bbox 1150 2265 1382 2305; x_wconf 88' lang='lat' dir='ltr'>cautionem</span> <span class='ocrx_word' id='word_1_282' title='bbox 1409 2267 1619 2318; x_wconf 89' lang='lat' dir='ltr'>praestare</span> <span class='ocrx_word' id='word_1_283' title='bbox 1651 2264 1813 2305; x_wconf 82' lang='lat' dir='ltr'>iurave-</span> 
     </span>
     <span class='ocr_line' id='line_1_32' title="bbox 187 2332 1813 2390; baseline 0 -14"><span class='ocrx_word' id='word_1_284' title='bbox 187 2335 280 2380; x_wconf 79' lang='lat' dir='ltr'>rint.</span> <span class='ocrx_word' id='word_1_285' title='bbox 314 2333 421 2390; x_wconf 79' lang='lat' dir='ltr'>quod</span> <span class='ocrx_word' id='word_1_286' title='bbox 468 2346 561 2377; x_wconf 90' lang='lat' dir='ltr'>cum</span> <span class='ocrx_word' id='word_1_287' title='bbox 598 2337 803 2389; x_wconf 84' lang='lat' dir='ltr'>poterunt,</span> <span class='ocrx_word' id='word_1_288' title='bbox 841 2334 1110 2386; x_wconf 82' lang='lat' dir='ltr'>satisfacient,</span> <span class='ocrx_word' id='word_1_289' title='bbox 1143 2337 1183 2376; x_wconf 88' lang='lat' dir='ltr'>et</span> <span class='ocrx_word' id='word_1_290' title='bbox 1225 2333 1274 2376; x_wconf 92' lang='lat' dir='ltr'>ad</span> <span class='ocrx_word' id='word_1_291' title='bbox 1319 2333 1640 2376; x_wconf 88' lang='lat' dir='ltr'>satisfactionem</span> <span class='ocrx_word' id='word_1_292' title='bbox 1676 2332 1813 2376; x_wconf 89' lang='lat' dir='ltr'>huius·</span> 
     </span>
     <span class='ocr_line' id='line_1_33' title="bbox 185 2402 1809 2461; baseline -0.001 -14"><span class='ocrx_word' id='word_1_293' title='bbox 185 2404 293 2447; x_wconf 89' lang='lat' dir='ltr'>modi</span> <span class='ocrx_word' id='word_1_294' title='bbox 321 2417 392 2460; x_wconf 89' lang='lat' dir='ltr'>per</span> <span class='ocrx_word' id='word_1_295' title='bbox 414 2418 509 2447; x_wconf 92' lang='lat' dir='ltr'>eum</span> <span class='ocrx_word' id='word_1_296' title='bbox 536 2404 598 2447; x_wconf 76' lang='lat' dir='ltr'>vel</span> <span class='ocrx_word' id='word_1_297' title='bbox 626 2418 696 2460; x_wconf 90' lang='lat' dir='ltr'>per</span> <span class='ocrx_word' id='word_1_298' title='bbox 719 2417 789 2447; x_wconf 93' lang='lat' dir='ltr'>eos</span> <span class='ocrx_word' id='word_1_299' title='bbox 822 2406 889 2461; x_wconf 86' lang='lat' dir='ltr'>qui</span> <span class='ocrx_word' id='word_1_300' title='bbox 926 2404 1061 2446; x_wconf 89' lang='lat' dir='ltr'>facere</span> <span class='ocrx_word' id='word_1_301' title='bbox 1095 2405 1223 2459; x_wconf 90' lang='lat' dir='ltr'>ipsam</span> <span class='ocrx_word' id='word_1_302' title='bbox 1249 2402 1401 2447; x_wconf 87' lang='lat' dir='ltr'>debent</span> <span class='ocrx_word' id='word_1_303' title='bbox 1425 2408 1463 2446; x_wconf 90' lang='lat' dir='ltr'>et</span> <span class='ocrx_word' id='word_1_304' title='bbox 1489 2408 1669 2460; x_wconf 76' lang='lat' dir='ltr'>possunt,</span> <span class='ocrx_word' id='word_1_305' title='bbox 1694 2416 1809 2460; x_wconf 90' lang='lat' dir='ltr'>prae-</span> 
     </span>
     <span class='ocr_line' id='line_1_34' title="bbox 180 2474 1811 2530; baseline -0.001 -12"><span class='ocrx_word' id='word_1_306' title='bbox 180 2475 368 2518; x_wconf 88' lang='lat' dir='ltr'>standam</span> <span class='ocrx_word' id='word_1_307' title='bbox 394 2474 551 2518; x_wconf 85' lang='lat' dir='ltr'>dabunt</span> <span class='ocrx_word' id='word_1_308' title='bbox 574 2474 790 2518; x_wconf 85' lang='lat' dir='ltr'>consilium</span> <span class='ocrx_word' id='word_1_309' title='bbox 815 2479 855 2517; x_wconf 90' lang='lat' dir='ltr'>et</span> <span class='ocrx_word' id='word_1_310' title='bbox 878 2475 1096 2528; x_wconf 86' lang='lat' dir='ltr'>auxilium,</span> <span class='ocrx_word' id='word_1_311' title='bbox 1121 2486 1169 2517; x_wconf 84' lang='lat' dir='ltr'>ac</span> <span class='ocrx_word' id='word_1_312' title='bbox 1193 2476 1306 2517; x_wconf 84' lang='lat' dir='ltr'>iuxta</span> <span class='ocrx_word' id='word_1_313' title='bbox 1331 2487 1449 2530; x_wconf 89' lang='lat' dir='ltr'>posse</span> <span class='ocrx_word' id='word_1_314' title='bbox 1481 2487 1601 2517; x_wconf 92' lang='lat' dir='ltr'>suum</span> <span class='ocrx_word' id='word_1_315' title='bbox 1633 2474 1811 2517; x_wconf 82' lang='lat' dir='ltr'>fideliter</span> 
     </span>
     <span class='ocr_line' id='line_1_35' title="bbox 181 2543 1810 2601; baseline -0.001 -13"><span class='ocrx_word' id='word_1_316' title='bbox 181 2544 451 2589; x_wconf 85' lang='lat' dir='ltr'>laborabunt:</span> <span class='ocrx_word' id='word_1_317' title='bbox 486 2557 566 2587; x_wconf 91' lang='lat' dir='ltr'>non</span> <span class='ocrx_word' id='word_1_318' title='bbox 601 2549 661 2587; x_wconf 89' lang='lat' dir='ltr'>est</span> <span class='ocrx_word' id='word_1_319' title='bbox 695 2546 970 2600; x_wconf 87' lang='lat' dir='ltr'>poenitentiae</span> <span class='ocrx_word' id='word_1_320' title='bbox 1006 2544 1252 2588; x_wconf 84' lang='lat' dir='ltr'>beneficium</span> <span class='ocrx_word' id='word_1_321' title='bbox 1288 2543 1548 2601; x_wconf 85' lang='lat' dir='ltr'>aliquatenus</span> <span class='ocrx_word' id='word_1_322' title='bbox 1580 2544 1810 2587; x_wconf 75' lang='lat' dir='ltr'>eoiiceden—</span> 
     </span>
     <span class='ocr_line' id='line_1_36' title="bbox 181 2613 1809 2671; baseline -0.002 -12"><span class='ocrx_word' id='word_1_323' title='bbox 181 2616 342 2660; x_wconf 85' lang='lat' dir='ltr'>dum».</span> <span class='ocrx_word' id='word_1_324' title='bbox 380 2615 427 2658; x_wconf 89' lang='lat' dir='ltr'>Et</span> <span class='ocrx_word' id='word_1_325' title='bbox 460 2615 536 2658; x_wconf 89' lang='lat' dir='ltr'>hoc</span> <span class='ocrx_word' id='word_1_326' title='bbox 574 2618 685 2671; x_wconf 78' lang='lat' dir='ltr'>viget</span> <span class='ocrx_word' id='word_1_327' title='bbox 719 2628 828 2658; x_wconf 92' lang='lat' dir='ltr'>nunc</span> <span class='ocrx_word' id='word_1_328' title='bbox 861 2617 983 2658; x_wconf 87' lang='lat' dir='ltr'>etiam</span> <span class='ocrx_word' id='word_1_329' title='bbox 1018 2615 1067 2658; x_wconf 91' lang='lat' dir='ltr'>ad</span> <span class='ocrx_word' id='word_1_330' title='bbox 1103 2626 1290 2657; x_wconf 88' lang='lat' dir='ltr'>normam</span> <span class='ocrx_word' id='word_1_331' title='bbox 1326 2615 1579 2662; x_wconf 54' lang='lat'>0311226275,</span> <span class='ocrx_word' id='word_1_332' title='bbox 1605 2614 1648 2657; x_wconf 64' lang='lat'>20</span> <span class='ocrx_word' id='word_1_333' title='bbox 1672 2613 1809 2657; x_wconf 83' lang='lat' dir='ltr'>collati</span> 
     </span>
     <span class='ocr_line' id='line_1_37' title="bbox 183 2684 1811 2743; baseline -0.002 -14"><span class='ocrx_word' id='word_1_334' title='bbox 183 2699 276 2730; x_wconf 91' lang='lat' dir='ltr'>cum</span> <span class='ocrx_word' id='word_1_335' title='bbox 312 2698 403 2729; x_wconf 90' lang='lat' dir='ltr'>can.</span> <span class='ocrx_word' id='word_1_336' title='bbox 429 2686 557 2738; x_wconf 64' lang='lat'>2250,</span> <span class='ocrx_word' id='word_1_337' title='bbox 581 2688 605 2739; x_wconf 60' lang='grc' dir='ltr'><strong>ξ</strong></span> <span class='ocrx_word' id='word_1_338' title='bbox 630 2686 665 2740; x_wconf 63' lang='lat' dir='ltr'>Q,</span> <span class='ocrx_word' id='word_1_339' title='bbox 692 2690 732 2728; x_wconf 91' lang='lat' dir='ltr'>et</span> <span class='ocrx_word' id='word_1_340' title='bbox 756 2685 883 2738; x_wconf 65' lang='lat'>2242,</span> <span class='ocrx_word' id='word_1_341' title='bbox 905 2685 933 2743; x_wconf 63' lang='grc' dir='ltr'>ἓ</span> <span class='ocrx_word' id='word_1_342' title='bbox 957 2686 994 2739; x_wconf 65' lang='lat'>3,</span> <span class='ocrx_word' id='word_1_343' title='bbox 1023 2685 1085 2728; x_wconf 86' lang='lat' dir='ltr'>vel</span> <span class='ocrx_word' id='word_1_344' title='bbox 1120 2687 1151 2727; x_wconf 90' lang='lat' dir='ltr'>si</span> <span class='ocrx_word' id='word_1_345' title='bbox 1186 2690 1332 2740; x_wconf 84' lang='lat' dir='ltr'>agatur</span> <span class='ocrx_word' id='word_1_346' title='bbox 1365 2685 1416 2728; x_wconf 90' lang='lat' dir='ltr'>de</span> <span class='ocrx_word' id='word_1_347' title='bbox 1451 2684 1669 2727; x_wconf 86' lang='lat' dir='ltr'>interdicto</span> <span class='ocrx_word' id='word_1_348' title='bbox 1698 2696 1811 2726; x_wconf 90' lang='lat' dir='ltr'>mere</span> 
     </span>
     <span class='ocr_line' id='line_1_38' title="bbox 186 2752 1810 2812; baseline -0.001 -13"><span class='ocrx_word' id='word_1_349' title='bbox 186 2756 303 2800; x_wconf 91' lang='lat' dir='ltr'>locali</span> <span class='ocrx_word' id='word_1_350' title='bbox 323 2755 375 2800; x_wconf 92' lang='lat' dir='ltr'>ob</span> <span class='ocrx_word' id='word_1_351' title='bbox 395 2759 596 2799; x_wconf 88' lang='lat' dir='ltr'>rationem</span> <span class='ocrx_word' id='word_1_352' title='bbox 619 2758 746 2812; x_wconf 89' lang='lat' dir='ltr'>ipsius</span> <span class='ocrx_word' id='word_1_353' title='bbox 769 2755 1441 2812; x_wconf 42' lang='lat' dir='ltr'>absolutionisjsacramentalisf-</span> <span class='ocrx_word' id='word_1_354' title='bbox 1455 2754 1633 2811; x_wconf 78' lang='lat' dir='ltr'>Explicit</span> <span class='ocrx_word' id='word_1_355' title='bbox 1657 2753 1722 2797; x_wconf 90' lang='lat' dir='ltr'>illa</span> <span class='ocrx_word' id='word_1_356' title='bbox 1737 2752 1810 2797; x_wconf 92' lang='lat' dir='ltr'>De-</span> 
     </span>
     <span class='ocr_line' id='line_1_39' title="bbox 185 2824 1810 2884; baseline -0.002 -14"><span class='ocrx_word' id='word_1_357' title='bbox 185 2827 373 2870; x_wconf 84' lang='lat' dir='ltr'>cretalis:</span> <span class='ocrx_word' id='word_1_358' title='bbox 413 2842 433 2868; x_wconf 76' lang='lat' dir='ltr'>&lt;c</span> <span class='ocrx_word' id='word_1_359' title='bbox 457 2826 539 2871; x_wconf 90' lang='lat' dir='ltr'>Nec</span> <span class='ocrx_word' id='word_1_360' title='bbox 574 2831 670 2871; x_wconf 92' lang='lat' dir='ltr'>tune</span> <span class='ocrx_word' id='word_1_361' title='bbox 703 2830 826 2870; x_wconf 92' lang='lat' dir='ltr'>etiam</span> <span class='ocrx_word' id='word_1_362' title='bbox 861 2826 996 2884; x_wconf 87' lang='lat' dir='ltr'>quoad</span> <span class='ocrx_word' id='word_1_363' title='bbox 1033 2828 1130 2869; x_wconf 92' lang='lat' dir='ltr'>istos</span> <span class='ocrx_word' id='word_1_364' title='bbox 1165 2825 1227 2869; x_wconf 83' lang='lat' dir='ltr'>vel</span> <span class='ocrx_word' id='word_1_365' title='bbox 1263 2825 1378 2880; x_wconf 80' lang='lat' dir='ltr'>alios,</span> <span class='ocrx_word' id='word_1_366' title='bbox 1403 2828 1470 2882; x_wconf 81' lang='lat' dir='ltr'>qui</span> <span class='ocrx_word' id='word_1_367' title='bbox 1505 2828 1614 2869; x_wconf 85' lang='lat' dir='ltr'>circa</span> <span class='ocrx_word' id='word_1_368' title='bbox 1638 2824 1715 2867; x_wconf 88' lang='lat' dir='ltr'>hoe</span> <span class='ocrx_word' id='word_1_369' title='bbox 1739 2826 1810 2866; x_wconf 91' lang='lat' dir='ltr'>mi-</span> 
     </span>
     <span class='ocr_line' id='line_1_40' title="bbox 188 2892 1806 2955; baseline -0.002 -15"><span class='ocrx_word' id='word_1_370' title='bbox 188 2900 299 2941; x_wconf 90' lang='lat' dir='ltr'>nime</span> <span class='ocrx_word' id='word_1_371' title='bbox 332 2898 612 2955; x_wconf 82' lang='lat' dir='ltr'>deliquerunt,</span> <span class='ocrx_word' id='word_1_372' title='bbox 646 2897 732 2955; x_wconf 86' lang='lat' dir='ltr'>(ubi</span> <span class='ocrx_word' id='word_1_373' title='bbox 767 2900 928 2951; x_wconf 71' lang='lat' dir='ltr'>civitas,</span> <span class='ocrx_word' id='word_1_374' title='bbox 966 2897 1027 2940; x_wconf 86' lang='lat' dir='ltr'>vel</span> <span class='ocrx_word' id='word_1_375' title='bbox 1065 2896 1178 2940; x_wconf 87' lang='lat' dir='ltr'>locus</span> <span class='ocrx_word' id='word_1_376' title='bbox 1211 2896 1329 2949; x_wconf 81' lang='lat' dir='ltr'>alius,</span> <span class='ocrx_word' id='word_1_377' title='bbox 1362 2910 1434 2939; x_wconf 91' lang='lat' dir='ltr'>seu</span> <span class='ocrx_word' id='word_1_378' title='bbox 1468 2896 1717 2939; x_wconf 70' lang='lat' dir='ltr'>universitas</span> <span class='ocrx_word' id='word_1_379' title='bbox 1749 2892 1806 2937; x_wconf 80' lang='lat' dir='ltr'>in&#39;·</span> 
     </span>
    </p>
   </div>
  </div>
 </body>
</html>
