1950 3313
129 145 198 180 270
460 143 544 176 Lm.
573 142 619 176 V.
649 162 660 167 -
689 141 799 176 PARS
824 141 896 176 111.
926 161 938 166 —
965 141 1022 176 De
1049 144 1188 186 poenis
1214 144 1257 176 in
1282 142 1424 177 delicta

250 264 346 305 200.
383 263 638 318 Inscriptio
671 263 819 307 Tituli
853 264 902 306 et
937 275 1177 306 canonum
1211 263 1349 307 ordo.
1388 260 1456 303 llla
1496 266 1556 304 est
1590 261 1756 306 rubrica

131 333 252 377 Tituli
287 332 376 384 XX,
411 332 497 376 Lib.
535 330 892 375 V·Decretalium.
942 331 1133 375 Attamen
1178 345 1258 375 non
1303 331 1426 375 habet
1465 332 1655 376 eamdem
1689 346 1756 376 ru-

130 404 268 448 bricae
301 403 634 460 amplitudinem,
670 406 712 446 ut
736 401 902 459 patebit,
928 404 1123 460 quamvis
1156 403 1332 447 dicendo
1371 402 1426 446 De
1459 402 1635 446 crimine
1667 403 1757 448 loco

134 474 248 518 verbi
288 489 309 516 ((
332 473 483 518 delicto
506 489 526 515 ))
564 473 682 531 falsi,
709 477 818 530 patet
842 472 1120 530 legislatorem
1146 473 1337 517 tribuisse
1373 473 1467 517 liuic
1501 476 1758 531 inscriptioni

131 559 296 589 sensum
331 535 574 601 disciplinae
608 545 907 601 praecedentis.

249 615 414 660 Crimen
448 616 535 659 salsi
569 615 845 660 definiebatur
882 618 1160 660 «immutatio
1197 618 1381 660 veritatis
1414 616 1507 660 dolo
1541 616 1663 673 malo,
1686 630 1757 661 seu

132 690 269 731 animo
301 687 534 744 decipiendi
570 687 673 731 facta
707 689 746 729 in
779 687 967 730 fraudem
1002 689 1194 730 iniustam
1234 687 1466 731 alterius».
1501 687 1556 731 113
1592 688 1704 732 Santi
1730 688 1757 728 ¹.

132 756 418 802 Communiter
440 756 660 801 tradebant
681 757 880 801 Doctores
902 759 1059 801 crimen
1094 757 1181 801 falsi
1217 760 1417 802 committi
1443 759 1567 811 (licto,
1591 761 1758 815 scripto,

133 830 251 883 sacto,
287 842 375 871 usu.
411 827 534 872 Facto
569 827 737 882 falsarii,
770 829 838 885 qui
873 827 1007 885 quoad
1052 828 1246 871 nummos
1284 828 1471 885 publicos
1504 834 1543 872 et
1575 831 1759 886 negotia·

132 901 263 942 tiones
287 899 388 942 tales
420 903 527 954 sunt,
548 901 794 942 omittuntur
827 901 865 940 in
899 897 1064 943 Codice.
1098 898 1201 942 lllud
1229 912 1326 942 vero
1360 902 1516 943 crimen
1553 905 1761 956 patrantes

133 970 263 1014 verbo
295 970 377 1014 dici
410 974 568 1028 queunt
600 969 657 1012 illi
691 970 741 1013 de
774 969 925 1027 quibus
963 974 1058 1013 sunt
1101 982 1191 1014 can.
1228 970 1355 1024 2361,
1391 971 1519 1024 2363,
1553 972 1651 1014 (lum
1687 971 1758 1014 fal-

132 1044 227 1085 sarii
262 1044 416 1098 scripto
449 1046 489 1085 et
522 1055 595 1084 usu
641 1040 732 1084 aliis
774 1039 937 1084 duobus
968 1054 1019 1084 ss
1056 1040 1284 1085 canonibus
1318 1042 1464 1099 (2360,
1502 1042 1633 1099 2362)
1670 1056 1759 1099 per-

133 1113 352 1156 celluntur.
440 1159 443 1163 Α

253 1183 359 1227 Modi
379 1183 531 1241 quibus
549 1183 696 1227 falsum
717 1186 870 1239 scripto
891 1185 1093 1227 committi
1114 1188 1245 1240 potest
1263 1189 1405 1227 contra
1426 1184 1583 1229 litteras
1595 1184 1762 1229 S.Sedis

134 1254 183 1298 ad
204 1258 424 1312 sequentes
447 1254 716 1298 reducuntur.
746 1269 766 1294 (t
789 1253 835 1298 Ut
858 1242 1017 1298 scilicet
1034 1254 1099 1297 vel
1117 1268 1284 1310 prorsus
1308 1255 1434 1298 falsae
1456 1256 1762 1312 contingantur,

137 1326 198 1368 vel
234 1327 440 1382 genuinae
473 1330 795 1381 corrumpantur
829 1327 866 1367 in
904 1329 1018 1381 parte
1051 1324 1325 1380 substantiali,
1361 1326 1425 1369 vel
1459 1326 1641 1383 sigillum
1676 1327 1761 1370 adi-

135 1400 272 1439 matur
304 1400 374 1439 aut
407 1398 572 1453 propria
606 1397 852 1439 auctoritate
885 1396 1076 1450 addatur,
1105 1396 1166 1439 vel
1192 1395 1367 1453 abrupto
1392 1397 1460 1440 tilo
1493 1399 1764 1441 connexionis

136 1479 242 1510 nova
276 1466 370 1510 solia
405 1469 651 1510 inserantur.
685 1465 985 1523 Cori-aptarum
1019 1471 1058 1510 et
1092 1467 1286 1510 falsarum
1323 1467 1570 1511 Litterarum
1595 1468 1765 1524 Aposto-

136 1537 308 1582 licarum
346 1539 497 1582 indicia
530 1538 655 1596 (quae
678 1538 729 1582 ad
753 1543 892 1582 cetera
916 1537 1019 1582 Acta
1042 1541 1258 1582 extensive
1285 1544 1454 1595 possunt
1477 1539 1628 1596 aptari)
1652 1553 1763 1583 sum-

137 1613 221 1652 mat
267 1607 409 1652 Glossa
445 1611 482 1651 in
518 1621 608 1665 cap.
644 1609 667 1652 5
707 1608 829 1652 huius
863 1611 920 1652 tit.
955 1609 1005 1652 ad
1044 1608 1216 1653 verbum
1252 1608 1504 1653 Falsi'latz‘s:
1557 1609 1764 1665 «Forma,

136 1679 281 1736 stylus,
331 1680 459 1735 iilum,
509 1679 765 1730 membrana,
816 1679 950 1735 litura,
999 1679 1196 1737 sigillum.
1231 1680 1344 1724 Haec
1375 1695 1447 1724 sex
1486 1680 1628 1725 falsata
1667 1681 1765 1725 dant

137 1752 287 1807 scripta
326 1750 465 1794 valere
500 1750 740 1807 pusillum»

260 1821 357 1865 Acta
391 1822 565 1865 Sanctae
595 1820 712 1865 Sedis
744 1834 766 1865 3
801 1821 869 1865 tali
904 1821 1055 1865 delicto
1090 1824 1435 1878 praemuniuntur
1459 1823 1497 1864 in
1521 1835 1611 1866 can.
1638 1823 1767 1874 2360,

139 1895 191 1936 ita
227 1897 270 1936 ut
302 1906 350 1936 ex
386 1897 502 1950 parte
535 1893 710 1936 oratoris
746 1894 843 1936 vitia
878 1894 917 1936 in
952 1892 1145 1949 precibus
1177 1897 1424 1936 coercentur
1456 1905 1477 1936 3
1511 1905 1600 1937 can.
1636 1893 1764 1939 2361.

138 1962 303 2008 Crimen
338 1963 426 2007 talsi
459 1963 509 2007 ad
544 1962 624 2006 alia
657 1963 907 2007 documenta
957 1964 1066 2022 quod
1118 1966 1262 2008 attinet
1293 1963 1370 2008 sub
1403 1977 1493 2008 can.
1529 1964 1641 2009 2362
1673 1977 1764 2008 san-

139 2037 318 2078 ctionem
337 2034 506 2089 obtinet‚
521 2039 561 2078 et
578 2034 677 2078 talsa
696 2035 961 2078 denunciatio
980 2036 1222 2079 confessarii
1242 2035 1463 2079 damnatur
1482 2038 1520 2078 in
1536 2049 1624 2079 can.
1638 2036 1764 2092 2363,

140 2105 258 2163 quod
284 2107 441 2149 crimen
475 2119 518 2149 se
551 2107 679 2149 refert
711 2106 760 2149 ad
795 2118 841 2149 ea
875 2105 1025 2150 delicta
1051 2106 1102 2150 de
1125 2105 1277 2164 quibus
1310 2110 1456 2150 tractat
1482 2106 1623 2150 titulus
1656 2106 1765 2151 hunc

140 2189 331 2232 sequens.
403 2184 409 2192 ·

261 2247 359 2291 201.
394 2248 569 2300 Quoad
603 2249 726 2294 Acta
759 2248 807 2294 S.
842 2248 984 2294 Sedis
1018 2249 1288 2290 inveniuntur
1321 2249 1360 2290 in
1394 2252 1523 2291 const.
1553 2263 1575 2289 c(
1597 2247 1767 2305 Aposto-

143 2317 245 2361 licae
277 2318 396 2362 Sedis
417 2333 438 2359 )>
469 2318 524 2360 Pii
549 2317 605 2361 lx
628 2317 643 2340 ²
676 2318 783 2361 duae
807 2319 1261 2377 excommunicationes
1285 2317 1391 2362 latae
1414 2321 1656 2363 sententiae.
1683 2319 1767 2363 Pri-

144 2401 234 2431 mae
272 2404 294 2430 «
315 2388 485 2445 speciali
519 2389 641 2432 modo
673 2389 859 2433 Romano
894 2388 1078 2432 Pontifici
1114 2394 1352 2433 reservatae
1379 2389 1597 2434 subiacere
1630 2390 1767 2434 decla-

145 2464 307 2502 rantur:
344 2458 454 2504 ...lX.
488 2456 645 2504 Omnes
686 2458 873 2503 talsarios
916 2458 1145 2503 litterarum
1187 2459 1536 2516 Apostolicarum‚
1568 2463 1691 2505 etiam
1727 2463 1767 2504 in

144 2531 273 2573 forma
309 2530 451 2574 Brevis
484 2542 532 2574 ac
563 2530 913 2587 supplicationum
945 2532 1121 2587 gratiam
1168 2530 1233 2574 vel
1278 2532 1473 2574 iustitiam
1513 2545 1768 2576 concernen-

143 2603 245 2644 tium
280 2614 353 2658 per
384 2600 615 2645 Romanum
653 2601 907 2656 Pontificem,
942 2600 1007 2644 vel
1042 2600 1079 2644 S.
1116 2600 1161 2645 R.
1196 2600 1240 2644 E.
1279 2600 1674 2646 Vice-Cancellarios
1695 2616 1768 2646 seu

144 2670 343 2714 Gerentes
378 2672 488 2714 vices
521 2684 665 2714 eorum
699 2676 769 2715 aut
810 2671 861 2715 de
906 2671 1099 2714 mandato
1131 2672 1318 2715 eiusdem
1353 2671 1525 2716 Romani
1560 2672 1769 2716 Pontificis

145 2744 424 2798 signatarum:
458 2754 534 2785 nec
577 2755 656 2785 non
702 2741 802 2785 falso
843 2741 1100 2798 publicantes
1132 2741 1307 2786 Litteras
1339 2742 1612 2799 Apostolicas‚
1645 2744 1767 2786 etiam

145 2894 168 2928 b
195 2895 200 2900 ⁵
253 2847 593 2930 sssggaelectiones
611 2847 708 2882 iuris
726 2848 905 2900 canonici
935 2848 1001 2882 tit.
1022 2847 1113 2892 XX,
1134 2847 1202 2882 lib.
1219 2848 1265 2892 V,
1286 2860 1395 2883 num.
1425 2849 1479 2883 14.
1512 2870 1550 2875 —
1564 2849 1578 2871 2
1598 2850 1640 2883 12
1656 2848 1768 2883 Octo-

171 2906 225 2928 ris
349 2922 356 2928 .
