1950 3313
193 153 261 186 160
701 151 786 184 Llss.
814 150 845 184 I.
875 171 887 176 -
913 151 1084 185 Normcze
1105 152 1303 195 yenerales

193 284 316 325 mam,
364 283 470 327 quae
517 282 537 312 a
585 268 761 325 simplici
810 269 1109 312 consuetudine
1151 269 1300 324 differt⁷
1344 275 1549 328 quatenus
1592 272 1817 328 praescribi

192 343 356 397 proprie
375 340 570 383 dicuntur
604 341 706 393 iura,
739 351 845 396 quae
879 338 930 383 ab
963 339 1055 382 aliis
1086 352 1206 383 secus
1241 341 1550 397 possiderentur
1586 343 1814 386 secundum

192 415 254 455 ius
290 413 444 467 vigens,
480 415 603 467 atque
636 412 759 452 etiam
795 414 838 452 ut
872 409 1095 466 plurimum
1133 414 1468 468 praescriptionis
1502 413 1815 457 fundamentum

192 484 430 539 requiritur,
473 485 589 524 actus
631 480 799 538 quidam
847 480 1048 524 iuridicus
1093 494 1164 537 per
1197 494 1318 539 quem
1356 481 1420 525 illa
1456 481 1686 527 subiectiva
1728 486 1816 528 iura

191 555 287 596 oriri
323 554 489 609 possint.

308 622 436 680 Origo
470 622 546 666 sub
591 622 736 665 litteris
769 621 810 679 a)
844 627 883 665 et
916 622 956 679 c)
1000 629 1256 667 memoratur
1299 627 1336 667 in
1380 638 1469 681 cap.
1516 641 1535 666 «
1561 624 1818 683 Conquestus

190 701 249 738 est
275 711 293 735 J)
333 696 356 737 8
389 693 507 738 Caus.
543 693 595 736 lX
631 707 669 749 q.
703 693 768 746 tlt,
794 692 861 736 ubi
886 696 942 736 ait
964 693 1159 738 Nicolaus
1184 695 1195 737 l
1230 695 1448 752 Rodulplio
1474 696 1715 740 Bituricensi
1741 697 1815 740 Ar-

191 765 483 821 clliepiscopo:
524 780 543 804 ((
569 764 768 806 Primates
801 765 911 807 enim
949 764 1011 807 vel
1057 764 1318 808 Patriarclias
1362 765 1462 809 nihil
1497 766 1704 823 privilegii
1744 766 1816 811 ha·

192 836 288 880 bere
323 848 419 892 prae
452 838 600 879 ceteris
633 837 852 892 episcopis³
887 837 963 878 nisi
997 841 1197 894 quantum
1231 838 1337 880 sacri
1371 849 1551 881 canones
1573 839 1816 894 concedant,

191 912 230 950 et
263 909 395 964 prisca
430 906 685 950 consuetudo
725 906 806 949 illis
844 908 1071 964 antiquitus
1106 907 1294 963 contulit,
1327 907 1576 952 delinimus:
1612 910 1664 951 ita
1690 913 1816 952 utse-

191 979 371 1022 cundum
407 977 608 1021 Nicaenas
643 979 807 1034 regulas
839 989 911 1020 sua
948 977 1167 1034 privilegia
1199 983 1421 1022 serventur
1453 979 1665 1023 ecclesiis:
1703 992 1817 1036 prae-

192 1054 378 1106 terquam
413 1051 445 1091 si
479 1048 714 1105 Apostolica
749 1048 876 1091 Sedes
909 1048 1090 1106 aliquam
1131 1049 1351 1093 ecclesiam
1379 1049 1441 1093 vel
1469 1052 1595 1107 ipsius
1614 1055 1818 1094 rectorem

191 1119 375 1177 quolibet
418 1120 586 1176 speciali
631 1119 852 1175 privilegio
896 1119 1076 1163 voluerit
1111 1119 1377 1163 honorare».
1413 1123 1527 1164 Hanc
1560 1120 1819 1165 Decretalem

190 1190 445 1234 Caelestinus
481 1190 528 1233 lll
564 1190 788 1247 applicavit
823 1193 861 1233 in
897 1203 986 1247 cap.
1023 1192 1046 1233 9
1086 1206 1106 1231 «
1131 1190 1220 1234 Duo
1253 1191 1419 1234 simul»
1461 1194 1498 1234 in
1518 1194 1578 1235 tit.
1618 1207 1637 1232 ((
1661 1191 1718 1235 De
1737 1192 1820 1235 ossi-

191 1263 253 1304 cio
289 1261 435 1304 indicis
468 1261 706 1304 ordinarii»
738 1261 784 1318 (1,
821 1261 907 1317 31).
944 1287 995 1292 -—
1021 1260 1167 1314 Quoad
1195 1262 1362 1306 modum
1389 1264 1725 1319 praescriptionis
1743 1264 1820 1306 sut-

192 1333 301 1375 liciat
334 1344 423 1389 cap.
461 1332 482 1374 4
524 1348 542 1372 «
567 1333 617 1375 de
653 1332 1092 1389 praescriptionibus»
1133 1333 1200 1389 (11,
1240 1333 1340 1390 6-)6);
1382 1333 1484 1377 «De
1518 1338 1663 1391 quarta
1708 1333 1816 1377 deci·

193 1416 283 1446 mae
326 1408 362 1446 et
407 1403 626 1447 oblationis
659 1404 966 1460 defunctorum,
1010 1404 1188 1448 clericus
1230 1404 1282 1448 ab
1327 1407 1583 1461 impetitione
1628 1404 1817 1461 Episcopi
1928 1399 1929 1406 ’

191 1473 521 1530 quadragenaria
557 1476 881 1530 praescriptione
914 1476 1112 1531 temporis
1144 1488 1187 1517 se
1224 1488 1340 1531 posse
1374 1477 1478 1518 tueri
1514 1475 1693 1518 videtur.
1731 1474 1817 1518 Nisi
1886 1507 1887 1510 η
1921 1469 1926 1486 ²

192 1544 292 1586 forte
327 1545 489 1585 interim
536 1543 751 1599 pastoralis
789 1544 909 1587 sedes
941 1546 1143 1587 caruisset
1176 1549 1353 1601 pastore,
1387 1547 1455 1601 qui
1491 1547 1580 1588 iura
1618 1544 1818 1588 ecclesiae

191 1626 288 1656 suae
321 1616 488 1669 exigere
521 1613 742 1658 debuisset.
778 1614 879 1658 Nam
904 1614 1089 1658 Romana
1113 1614 1296 1658 Ecclesia
1326 1615 1595 1658 tricennalem
1623 1617 1819 1672 praescri·
1882 1640 1885 1647 r
1930 1636 1931 1644 κ

192 1687 371 1740 ptioncm
406 1690 546 1728 contra
581 1685 809 1729 Ecclesiam
844 1699 923 1729 non
957 1686 1198 1729 admittit».
1233 1686 1361 1730 Secus
1403 1699 1450 1730 ac
1488 1686 1554 1729 lus
1584 1686 1816 1730 Romanum

192 1755 241 1797 de
277 1760 461 1811 tempore
500 1756 549 1798 ad
596 1756 963 1812 praescribendum
1012 1770 1076 1800 res
1120 1757 1242 1800 liuius
1285 1757 1440 1801 mundi.
1486 1757 1526 1800 ln
1562 1762 1675 1800 textu
1710 1770 1818 1800 nunc

193 1826 320 1869 relato
354 1826 492 1882 lapsus
525 1830 721 1883 temporis
754 1827 805 1871 ad
839 1830 1205 1884 praescriptionem
1242 1831 1502 1872 necessarius
1525 1827 1717 1885 illiusque
1740 1830 1817 1871 cir·
1930 1882 1931 1889 ἵ

192 1899 438 1940 cumstantia
478 1902 569 1940 sunt
615 1911 824 1955 expressa.
857 1898 936 1942 Sed
979 1901 1075 1956 quia
1110 1901 1222 1942 iuxta
1256 1899 1442 1956 regulam
1479 1899 1502 1941 3
1539 1898 1640 1942 luris
1674 1901 1711 1941 in
1746 1897 1818 1941 6⁰:
1886 1921 1898 1928 ›·
1930 1906 1931 1914 ¹

197 1983 217 2007 ((
241 1969 334 2010 Sine
380 1971 635 2023 possessione
680 1972 950 2026 praescriptio
994 1983 1073 2013 non
1120 1970 1305 2026 procedit
1330 1986 1369 2026 ))⁷
1404 1969 1526 2013 huius
1563 1969 1819 2013 conditiones
1931 2021 1932 2027 χ

193 2051 363 2081 noscere
397 2043 557 2094 oportet
590 2053 638 2082 ex
672 2052 762 2096 cap.
798 2041 821 2083 7
862 2056 880 2080 (c
906 2040 956 2083 (le
991 2040 1222 2096 privilegiis
1245 2057 1265 2081 ))
1303 2042 1342 2083 In
1378 2041 1421 2082 6⁰
1457 2039 1523 2097 (V,
1551 2040 1593 2097 7)
1622 2039 1689 2083 ubi
1718 2039 1818 2096 legi·

193 2112 284 2150 tur:
326 2124 343 2148 «
370 2108 417 2151 Et
440 2111 471 2151 si
507 2110 772 2166 privilegium
807 2110 1039 2154 exhibitum
1074 2124 1153 2154 non
1187 2111 1237 2154 ad
1271 2111 1436 2167 plenum
1462 2124 1535 2167 per
1567 2123 1609 2153 se
1642 2110 1817 2153 sufficiat
1874 2136 1899 2171 ἒς
1931 2131 1932 2138 ¹

193 2179 242 2221 ad
277 2182 581 2235 exemptionem
602 2194 673 2223 seu
695 2180 926 2225 libertatem
962 2181 1199 2225 huiusmodi
1233 2181 1645 2238 compi·obandam‚...
1680 2186 1816 2224 tamen
1895 2175 1903 2195 ³

192 2253 287 2306 quia
320 2251 370 2293 de
405 2251 623 2308 privilegio
659 2253 785 2310 (quod
821 2253 966 2296 saltem
1001 2265 1169 2297 cansam
1204 2253 1513 2310 praescribendi
1550 2251 1736 2309 praebet)
1758 2253 1815 2295 fa·
1875 2259 1905 2278 “·

193 2323 304 2364 ciunt
340 2322 462 2364 tidem
498 2324 536 2365 in
573 2322 773 2366 libertatis
808 2324 871 2367 vel
906 2327 1182 2380 exemptionis
1215 2327 1485 2381 possessione,
1519 2323 1815 2374 nonciolenta,
1852 2335 1867 2378 j
1929 2345 1931 2361 ι

194 2404 274 2433 von
308 2390 584 2440 clandestina,
618 2407 692 2435 nee
724 2407 915 2436 concessa
955 2395 1165 2452 precario,
1201 2395 1252 2438 de
1285 2407 1365 2452 qua
1400 2394 1522 2437 tidem
1567 2406 1704 2437 coram
1740 2395 1815 2436 eis·
1858 2391 1887 2467 ᾖ
1927 2450 1928 2453 ¹

194 2461 286 2504 (lem
324 2464 506 2517 iecerint,
541 2476 619 2505 non
646 2464 923 2509 turbentur».
951 2491 1003 2495 -
1028 2465 1214 2522 Denique
1238 2467 1625 2509 communicationis
1649 2463 1813 2521 privile·
1853 2463 1868 2524 ἶζ
1927 2490 1929 2534 ὲ

194 2534 354 2587 giorum
392 2532 507 2576 nobis
540 2534 656 2576 oilert
689 2535 925 2591 exemplum
961 2548 1049 2592 cap.
1087 2536 1110 2579 2
1150 2552 1169 2577 ((
1193 2536 1243 2579 de
1277 2535 1550 2592 privilegiis»
1590 2537 1628 2577 in
1669 2536 1711 2577 60
1746 2531 1866 2591 (Vsss'

195 2602 267 2657 7):
308 2602 504 2646 «ibidem
540 2604 636 2661 (boc
668 2610 755 2648 est:
790 2606 899 2661 apud
933 2606 1080 2650 Sedent
1115 2606 1413 2663 Apostolicam)
1447 2606 1498 2649 de
1531 2610 1669 2649 cetero
1701 2616 1814 2662 rega-
1927 2603 1928 2611 ’

194 2677 273 2726 tur,
308 2678 347 2715 et
382 2676 518 2730 vigeat
550 2675 731 2718 studium
768 2677 867 2719 iuris
901 2677 1031 2719 divini
1065 2682 1105 2720 et
1128 2677 1311 2731 humani,
1336 2679 1523 2720 canonici
1551 2675 1744 2719 videlicet
1775 2677 1810 2718 et

193 2743 341 2786 civilis.
376 2744 491 2787 Unde
528 2745 718 2789 volumus
750 2751 788 2789 et
811 2749 1043 2803 statuimus,
1077 2753 1120 2791 ut
1152 2748 1366 2791 studentes
1390 2749 1428 2791 in
1451 2747 1603 2790 scholis
1626 2748 1725 2803 ipsis
1752 2757 1808 2802 pe-

194 2827 265 2857 nes
297 2815 436 2858 sedem
473 2816 662 2869 eandem,
699 2816 846 2860 talibus
891 2817 1121 2874 privilegiis
1160 2821 1339 2872 omnino,
1377 2817 1635 2861 libertatibus
1667 2822 1706 2860 et
1740 2819 1810 2859 im·
