1950 3313
131 127 201 161 328
581 134 702 158 1NDEx
733 133 926 160 CANONUM
951 135 1003 159 ET
1029 134 1310 160 COMMENTARII

1561 251 1638 273 cim.

130 300 348 335 Distinctio
373 299 450 334 alia
475 299 644 334 iuridica
668 311 753 334 eam
780 300 885 334 inter
909 304 948 334 et
975 312 1178 335 censuram
1267 329 1273 335 .
1378 331 1383 336 .
1488 330 1494 336 .
1546 301 1638 337 2287

131 359 343 403 Suspensio
369 359 648 403 exequutionis
674 360 896 393 sententiae
936 387 943 394 .
1046 388 1052 393 .
1157 387 1164 394 .
1266 387 1273 394 .
1376 387 1383 394 .
1486 387 1493 394 .
1545 359 1639 395 2288

132 417 305 451 Cessatio
330 428 476 462 poenae
502 417 771 453 vindicativae
824 445 830 451 .
936 447 940 452 .
1045 446 1051 452 .
1156 445 1163 452 .
1267 446 1273 453 .
1376 436 1404 453 .-
1486 446 1492 453 .
1544 419 1637 453 2289

131 476 342 521 Suspensio
361 488 404 510 ac
422 476 663 521 dispensatio
683 488 828 521 poenae
847 477 1114 513 vindicativae
1138 489 1204 522 per
1221 477 1491 512 confessarios.
1544 478 1638 512 2290

402 606 539 642 CAPUT
565 606 595 641 Ι,
625 627 670 632 —-
696 607 751 642 De
777 607 909 651 poenis
934 607 1178 643 vindicativis
1203 608 1483 643 communibus.

131 710 308 746 Canones
334 713 537 748 2291-2297
607 740 612 746 .

129 769 284 804 Divisio
311 771 435 805 Tituli
460 777 500 806 et
527 772 733 817 inscriptio
759 772 900 817 capitis
926 772 1054 817 primi.
1075 775 1078 777 '

132 828 234 863 Ordo
260 841 455 864 canonum
497 858 503 865 .

130 888 281 922 Harum
306 901 519 934 poenarum
545 890 789 925 enumeratio
828 917 834 924 .
938 918 944 924 .
1049 919 1055 924 .
1160 920 1166 926 .
1270 919 1275 924 .
1379 918 1385 925 .
1489 918 1495 924 .
1548 891 1639 925 2291

129 946 307 983 Privatio
333 949 436 983 sedis
461 954 508 983 ut
534 950 722 984 laicorum
748 961 873 995 poena
936 977 943 984 .
1046 978 1051 983 .
1157 978 1162 984 .
1267 978 1273 984 .
1377 978 1384 984 .
1488 978 1494 984 .
1547 950 1640 984 2292

128 1006 318 1042 Infamiae
345 1008 513 1054 duplicis
539 1009 655 1044 notio
714 1038 719 1043 .
823 1036 830 1043 .
935 1036 941 1043 .
1045 1037 1050 1043 .
1155 1036 1161 1043 .
1266 1037 1272 1043 .
1376 1037 1382 1042 .
1486 1037 1493 1043 .
1546 1010 1640 1043 2293

127 1065 317 1102 Infamiae
343 1066 507 1102 effectus
534 1068 691 1102 iuridici
713 1096 720 1102 .
825 1097 830 1102 .
935 1096 942 1102 .
1046 1096 1052 1102 .
1157 1097 1162 1103 .
1266 1095 1273 1102 .
1377 1096 1383 1102 .
1487 1095 1494 1103 .
1546 1069 1640 1103 2294

128 1125 317 1161 lniainiae
340 1127 574 1162 alterutrius
604 1128 770 1162 cessatio
823 1155 829 1161 .
932 1154 939 1162 .
1044 1155 1050 1161 .
1153 1155 1161 1162 .
1265 1156 1271 1161 .
1377 1158 1381 1163 .
1486 1155 1492 1162 .
1546 1127 1639 1162 2295

129 1185 186 1219 De
213 1185 481 1221 inhabilitatis
511 1198 635 1231 poena
718 1214 724 1221 .
828 1215 834 1222 .
938 1214 944 1221 .
1049 1214 1054 1220 .
1158 1214 1163 1221 .
1268 1215 1274 1220 .
1378 1215 1384 1221 .
1488 1215 1494 1222 .
1547 1187 1640 1222 2296

128 1245 184 1278 De
210 1245 381 1280 mulctae
407 1246 658 1291 pecuniariae
678 1246 944 1291 applicatione
1046 1273 1053 1280 .
1157 1275 1163 1281 .
1267 1274 1273 1280 .
1377 1274 1383 1281 .
1487 1274 1494 1282 .
1546 1246 1638 1281 2297

273 1375 410 1410 CAPUT
435 1376 484 1410 II.
509 1396 551 1402 —
580 1377 633 1411 De
658 1376 923 1421 peculiaribus
948 1377 1178 1412 clericorum
1204 1377 1336 1421 poenis
1363 1377 1621 1412 vindicativis.

131 1481 308 1516 Canones
336 1481 542 1517 2298-2305
609 1510 616 1516 .

131 1541 338 1586 Inscriptio
364 1543 506 1587 capitis
532 1547 572 1576 et
598 1554 794 1577 canonum
812 1542 1055 1577 coordinatio

129 1600 385 1635 Enumeratio
411 1602 639 1636 huiusmodi
669 1613 883 1647 poenarum
936 1629 943 1635 .
1046 1629 1052 1635 .
1158 1629 1163 1635 .
1267 1629 1273 1634 .
1379 1630 1384 1636 .
1489 1629 1495 1635 .
1547 1602 1640 1636 2298

130 1659 186 1693 De
211 1660 437 1704 privatione
464 1660 643 1695 beneficii
669 1666 789 1706 atque
814 1661 1080 1706 prohibitione
1107 1660 1321 1694 ministerii
1377 1686 1383 1694 .
1488 1689 1493 1694 .
1546 1660 1640 1694 2299

128 1718 186 1752 De
211 1720 435 1764 privatione
461 1720 509 1754 ad
535 1724 691 1766 tempus
717 1721 845 1755 habiti
872 1720 1128 1755 ecclesiastici
1158 1747 1164 1753 .
1270 1748 1275 1753 .
1379 1747 1384 1752 .
1489 1747 1494 1752 .
1547 1719 1640 1753 2300

129 1777 186 1812 De
212 1780 450 1823 praescripto
476 1780 795 1814 commorationis
821 1785 927 1814 certo
954 1780 995 1813 in
1021 1780 1105 1814 loco
1158 1807 1164 1813 .
1269 1806 1275 1811 .
1378 1806 1384 1812 .
1488 1805 1495 1812 .
1547 1778 1638 1812 2301

129 1839 276 1873 Causae
295 1838 343 1872 ad
357 1838 458 1872 hanc
475 1839 824 1884 praescriptionem
838 1844 908 1873 aut
923 1839 1160 1873 contrariam
1174 1837 1494 1883 prohibitionem.
1548 1838 1641 1871 2302

129 1897 186 1932 De
211 1909 337 1943 poena
363 1898 621 1943 depositionis
716 1925 722 1932 .
826 1925 832 1931 .
937 1925 943 1931 .
1048 1926 1053 1932 .
1157 1924 1164 1931 .
1268 1924 1275 1931 .
1378 1924 1384 1931 .
1489 1925 1494 1930 .
1546 1897 1640 1931 2303
1663 1927 1668 1932 .

128 1956 184 1990 De
211 1956 432 2001 privatione
458 1962 648 2001 perpetua
673 1957 871 1991 deferendi
898 1956 1080 1990 habitum
1106 1956 1417 1990 ecclesiasticum
1487 1982 1495 1990 .
1547 1955 1640 1989 2304

129 2015 302 2050 Maxima
326 2015 557 2049 clericorum
583 2027 708 2060 poena
735 2015 979 2050 vindicativa
1048 2042 1054 2048 .
1158 2044 1164 2050 .
1267 2042 1274 2048 .
1378 2042 1384 2048 .
1488 2043 1494 2048 .
1546 2014 1639 2048 2305

817 2156 1002 2193 TITULUS
1029 2155 1070 2191 X.

489 2235 544 2269 De
573 2234 762 2269 remediis
791 2234 1036 2276 poenalibus
1063 2236 1101 2268 et
1129 2233 1404 2276 poenitentiis.

533 2351 670 2386 CAPUT
696 2352 726 2385 I.
754 2373 801 2376 —
828 2353 880 2386 De
905 2352 1086 2387 remediis
1111 2351 1349 2396 poenalibus.

132 2442 308 2477 Canones
334 2441 535 2477 2306-2311
604 2468 611 2475 .

131 2502 341 2547 Inscriptio
368 2502 494 2535 Tituli
520 2507 637 2546 atque
665 2501 825 2545 Capitis,
848 2499 1046 2544 huiusque
1071 2509 1267 2533 canonum
1287 2498 1496 2534 ordinatio.

131 2561 386 2595 Enumeratio
411 2560 672 2595 remediorum
698 2559 941 2604 poenalium.
1046 2587 1052 2592 .
1156 2585 1162 2591 .
1266 2584 1272 2591 .
1377 2586 1382 2591 .
1486 2584 1493 2591 .
1545 2557 1637 2591 2306

131 2620 389 2662 Quandonam
415 2621 469 2654 sit
494 2620 660 2653 monitio
687 2618 865 2653 facienda
936 2645 943 2652 .
1047 2645 1052 2651 .
1156 2644 1162 2650 .
1266 2643 1272 2650 .
1376 2643 1383 2650 .
1487 2646 1492 2651 .
1545 2617 1636 2650 2307

131 2679 293 2721 Quando
319 2684 359 2713 et
385 2679 556 2724 qualiter
581 2679 635 2713 sit
662 2678 770 2712 locus
801 2677 1051 2722 correptioni.
1155 2703 1160 2709 .
1265 2702 1271 2709 .
1375 2702 1381 2709 .
1484 2701 1492 2710 .
1545 2676 1638 2710 2308

130 2738 284 2773 Divisio
309 2738 519 2783 utriusque
545 2737 706 2771 iemedii
733 2748 773 2770 ac
802 2736 939 2770 modus
966 2734 1182 2769 servandus
1269 2762 1276 2768 .
1377 2761 1383 2768 .
1486 2760 1493 2768 .
1545 2734 1638 2768 2309

131 2797 187 2831 De
213 2802 433 2842 praecepto,
462 2796 523 2831 uti
550 2796 703 2840 poenali
734 2795 902 2829 remedio
940 2822 946 2828 .
1048 2823 1053 2827 .
1157 2822 1162 2828 .
1266 2820 1272 2827 .
1375 2819 1383 2827 .
1486 2820 1492 2826 .
1545 2793 1638 2827 2310

132 2857 188 2890 De
215 2857 428 2902 vigilantia
495 2882 502 2888 .
605 2883 611 2889 .
715 2881 721 2888 .
825 2880 832 2888 .
936 2881 942 2888 .
1046 2879 1052 2886 .
1157 2879 1162 2885 .
1266 2879 1272 2885 .
1376 2879 1381 2885 .
1485 2878 1491 2885 .
1544 2851 1635 2885 2311

1676 251 1756 273 PAG-

1690 302 1759 336 170

1687 420 1756 455 171

1691 713 1760 749 173

1691 788 1759 867 134

1691 907 1758 984 ἐκ

1691 1024 1757 1103 137

1690 1127 1758 1162 178

1691 1245 1758 1281 179

1692 1483 1759 1517 180

1691 1543 1757 1576 181

1713 1613 1731 1635 >>

1691 1661 1758 1694 182

1691 1719 1758 1753 183

1692 1779 1758 1813 184

1691 1896 1758 1930 185

1691 1954 1758 1989 186

1712 2025 1731 2047 >>

1695 2438 1755 2473 187

1690 2498 1757 2532 188

1689 2617 1755 2651 189

1689 2676 1756 2710 190

1689 2793 1754 2827 191

1688 2852 1754 2885 192
