1950 3313
148 135 218 169 ‘298
521 134 590 167 Lm
621 133 666 167 V.
688 154 700 158 -
720 133 830 168 PARS
849 133 920 168 ΙΙΙ.
943 154 954 160 -
973 134 1030 169 De
1047 137 1180 179 poenis
1199 137 1241 169 in
1259 135 1400 170 delicta
1451 134 1544 170 Can.
1571 135 1774 171 2381-2382

267 252 649 308 lnterpretationem
669 251 807 294 datan]
832 251 1075 296 corroborat
1098 253 1110 274 ²
1135 269 1157 293 «
1176 252 1385 297 Resolutio
1408 253 1503 297 data
1522 253 1589 297 die
1608 254 1660 297 10
1684 254 1775 298 Iulii

149 323 259 366 1920
295 323 525 379 propositis,
569 324 607 364 in
657 321 852 378 plenariis
886 323 924 366 S.
958 321 1126 379 Congu*
1158 322 1343 379 Concilii,
1389 324 1661 381 infrascriptis
1703 326 1775 369 du·

147 394 238 449 biis,
272 394 539 437 nimirumz...
576 392 621 435 ll.
655 391 800 436 Utrum
847 391 1012 437 Codicis
1056 406 1187 437 canon
1231 395 1337 438 2381
1386 400 1533 451 urgeat
1576 397 1700 438 etiam
1735 398 1774 438 iu

145 477 241 508 casu
276 476 354 506 non
389 463 651 519 residentiae,
687 476 764 506 non
801 466 988 520 graviter
1021 464 1252 521 culpabilis,
1290 465 1354 509 vel
1390 465 1661 509 materialiter
1692 470 1775 509 tan-

144 539 244 589 tum,
278 547 357 577 non
392 533 632 585 formaliter,
668 533 887 590 culpabilis
918 547 966 578 ac
999 537 1198 580 notoriae.
1235 562 1286 567 —
1324 536 1386 579 lll.
1406 535 1568 591 Utrum,
1602 541 1692 592 post
1718 539 1777 579 vi-

144 609 306 661 gentem
342 617 542 648 canonem
569 604 694 653 2381,
719 604 1015 649 Beneficiarius
1042 605 1104 649 vel
1130 605 1363 649 Canonicus
1389 606 1605 662 illegitime
1628 606 1777 650 absens

145 678 323 719 retinere
358 677 483 732 possit
515 676 672 719 tructus
705 675 1002 732 respondentes
1036 678 1226 733 privatae
1265 679 1499 720 recitationi
1533 674 1672 721 Officii
1716 677 1776 721 di-

148 747 244 790 vini.
280 771 332 776 —
368 744 433 788 lV.
467 745 628 800 Utrum,
660 759 709 789 ex
746 745 947 790 fructibus
982 745 1244 802 praebendae
1275 746 1412 790 adhuc
1449 759 1673 803 possessae,
1697 746 1775 791 sal-

148 817 281 860 vauda
313 818 365 860 sit
397 820 437 859 et
469 829 490 860 a
526 830 761 874 possessore
795 816 910 874 (licet
943 816 1157 874 illegitime
1189 816 1376 874 absente)
1403 817 1618 861 retinenda
1644 820 1776 874 portio

144 888 348 945 quaedam
383 887 434 931 ab
467 885 692 932 Ordinario
725 887 980 944 designanda
1005 893 1045 931 et
1077 888 1126 931 ad
1166 890 1293 944 ipsius
1319 888 1586 944 praebendati
1621 893 1778 931 susten-

145 961 340 1002 tationem
375 959 597 1003 sufficiens.
631 984 688 989 —
723 957 767 1003 V.
800 957 963 1013 Utrum,
997 961 1164 1001 attentis
1202 957 1470 1002 Fabricarum
1525 958 1776 1015 indigentiis,

146 1032 301 1087 possint
332 1034 483 1073 statuta
518 1029 762 1086 capitularia
795 1042 888 1073 cum
913 1026 1126 1074 Ordinarii
1162 1029 1463 1086 approbatione
1485 1034 1667 1073 statuere
1693 1030 1776 1073 tru-

144 1106 234 1144 ctus
266 1103 439 1144 amissos
472 1114 560 1144 esse
594 1099 792 1144 Fabi-icae
816 1100 1018 1144 ecclesiae
1044 1100 1266 1144 tradendos
1293 1102 1331 1143 in
1357 1104 1440 1144 toto
1468 1099 1530 1143 vel
1556 1102 1594 1143 in
1617 1103 1774 1157 parte...

146 1198 198 1202 —
237 1170 316 1214 Vll.
351 1171 496 1215 Utrum
531 1159 745 1228 illsegitime
789 1170 937 1215 absens
980 1176 1169 1215 teneatur
1217 1172 1376 1215 fructus
1420 1173 1638 1214 restituere
1681 1175 1776 1215 ante

143 1245 388 1286 sententiam
424 1242 755 1287 declarator-iam.

262 1313 350 1357 Emi
374 1314 512 1357 Patres
546 1313 881 1370 respondendum
907 1326 1107 1357 censuere
1207 1313 1269 1357 Ad
1294 1313 1340 1356 ll.
1366 1313 1643 1368 Aflirmative,
1661 1312 1776 1356 dum-

147 1385 267 1428 modo
292 1398 342 1428 ne
365 1390 615 1429 concurrant
638 1397 787 1429 causae
806 1390 1053 1428 excusantes
1078 1387 1190 1428 iuxta
1215 1397 1305 1428 can.
1321 1384 1534 1437 mosim,
1556 1383 1616 1426 vel
1641 1383 1776 1426 Ponti-

145 1457 284 1500 ficium
321 1455 540 1499 indultum.
573 1481 630 1487 -
662 1455 723 1498 Ad
760 1455 825 1498 lll.
859 1455 1075 1512 Negative.
1108 1482 1160 1486 —
1195 1456 1256 1499 Ad
1292 1453 1358 1498 lV.
1392 1453 1609 1510 Negative.
1632 1480 1683 1484 ——
1712 1454 1772 1498 Ad

148 1526 190 1570 V.
225 1527 423 1570 Standum
459 1526 715 1583 dispositioni
750 1539 840 1570 can.
877 1526 1002 1581 1475,
1038 1529 1062 1580 ξ
1098 1527 1112 1569 t
1154 1531 1193 1570 et
1227 1526 1386 1570 2381...
1422 1550 1474 1556 —
1509 1524 1570 1567 Ad
1602 1523 1680 1567 Vll.
1706 1525 1778 1568 As-

144 1598 353 1641 firmative
376 1613 415 1641 ».

264 1669 430 1712 Praeter
463 1681 635 1725 poenam
671 1667 798 1724 illam,
834 1667 877 1711 ⁶2⁰
901 1667 1064 1726 Officio,
1098 1667 1305 1724 beneficio,
1339 1667 1550 1725 diynitate
1566 1667 1775 1725 privetur,

145 1752 274 1797 poena
309 1745 369 1783 est
401 1739 596 1783 ferendae
629 1741 857 1782 sententiae
890 1745 951 1782 ast
983 1739 1258 1782 determinata
1293 1738 1402 1796 (can.
1437 1738 1566 1792 2217,
1599 1740 1624 1792 ἓ
1659 1738 1697 1792 1,
1731 1736 1775 1779 1⁰

145 1807 208 1868 ⁶2⁰)
242 1815 365 1868 atque
399 1812 677 1867 praeceptivis
713 1809 850 1853 verbis
883 1822 1079 1866 expressa
1113 1809 1222 1867 (can.
1258 1809 1387 1863 2223,
1409 1809 1437 1867 ἓ
1462 1809 1515 1863 3),
1550 1807 1775 1865 infligenda

145 1895 245 1925 vero
279 1881 334 1924 ad
366 1895 556 1924 normam
604 1895 694 1923 can.
727 1882 1000 1924 2168-2175.
1050 1881 1239 1924 Scilicet:
1277 1883 1314 1923 in
1349 1879 1482 1923 Titulo
1518 1877 1634 1922 XXX
1671 1893 1691 1920 ((
1715 1877 1774 1921 De

145 1952 267 1996 modo
303 1952 552 2009 procedendi
587 1956 730 1996 contra
765 1951 939 1995 clericos
971 1964 1050 1994 non
1087 1951 1356 1995 residentes»
1394 1950 1506 1994 Libri
1542 1948 1606 1993 lV.

264 2024 361 2068 2³25.
397 2024 581 2070 Contra
628 2025 897 2080 pai-ochum
946 2024 1168 2080 graviter
1215 2024 1564 2079 negligentem.
1609 2046 1661 2051 —
1709 2020 1776 2063 Se-

144 2099 317 2152 quentes
350 2094 431 2137 duo
464 2107 644 2138 canones
677 2094 727 2137 de
762 2093 1035 2150 parochorum
1081 2092 1403 2149 obligationibus
1442 2092 1639 2148 urgendis
1680 2096 1774 2134 sunt

144 2165 307 2208 solliciti
326 2167 399 2220 sic,
418 2170 461 2208 ut
479 2164 583 2208 alter
600 2165 733 2208 solum
755 2165 947 2222 loquatur
965 2164 1016 2207 de
1035 2163 1150 2207 libris
1169 2163 1490 2220 parochialibus.
1514 2161 1613 2206 Can.
1632 2163 1771 2205 2382.

146 2236 192 2279 Si
221 2235 447 2294 parochus,
481 2237 546 2279 cui
585 2237 996 2292 «aequiparantur...
1032 2234 1160 2290 (veri)
1194 2233 1520 2291 quasi-parochi,
1555 2237 1594 2276 et
1627 2234 1772 2276 vicarii

146 2305 412 2363 paroeciales,
445 2308 477 2349 si
511 2305 632 2362 plena
667 2310 865 2361 potestate
900 2305 1120 2361 paroeciali
1155 2307 1235 2348 sint
1279 2304 1493 2361 praediti»
1532 2303 1639 2361 (can.
1675 2303 1772 2354 451,

143 2376 248 2435 §⁶2),
282 2379 313 2420 si
348 2390 447 2433 ergo
481 2390 623 2420 eorum
657 2376 806 2434 aliquis
829 2375 1073 2433 (notandum
1114 2375 1305 2430 verbum)
1327 2373 1773 2432 qravz'terneqleoeeril

144 2449 181 2503 a)
201 2448 569 2491 Saeramentorum
588 2446 1017 2501 admiraislralionem,
1040 2445 1102 2489 vel
1133 2461 1155 2486 «
1174 2445 1366 2488 fidelibus
1388 2445 1571 2502 legitime
1590 2460 1609 2485 »
1634 2449 1771 2501 peten-

144 2517 267 2572 tibus,
304 2517 366 2560 vel
406 2533 427 2558 «
449 2517 624 2560 sollicite
657 2516 790 2574 quoad
825 2522 1017 2572 aegrotos
1052 2518 1089 2558 in
1124 2527 1196 2558 sua
1223 2517 1429 2571 paroecia,
1455 2516 1637 2558 maxime
1674 2527 1771 2557 vero

145 2590 265 2631 morti
302 2589 556 2644 proximos»
585 2586 693 2644 (can.
720 2587 819 2642 467,
852 2588 877 2640 ἓ
916 2588 946 2638 l,
973 2586 1071 2639 468,
1105 2588 1129 2639 ᾖ
1153 2589 1206 2639 1),
1233 2584 1274 2642 b)
1299 2584 1565 2642 infirmorum
1589 2589 1630 2627 ut
1653 2589 1771 2627 antea

143 2658 432 2701 assistentiam
466 2658 515 2700 ad
551 2669 736 2700 normam
771 2659 838 2700 cit.
874 2669 964 2700 can.
999 2656 1098 2709 468,
1132 2655 1172 2713 c)
1203 2669 1429 2713 puerorum
1462 2654 1692 2713 populique
1713 2654 1773 2696 ip-

143 2728 406 2772 stitutionem
439 2731 550 2771 iuxta
584 2741 674 2771 can.
710 2727 975 2780 1330-13302,
1010 2727 1054 2784 d)
1088 2726 1325 2769 concionem
1368 2725 1512 2769 diebus
1550 2724 1770 2768 dominicis

266 2882 277 2902 1
306 2880 339 2915 S.
369 2880 409 2914 C.
436 2880 476 2914 C.
503 2880 691 2914 Toletana
719 2884 757 2913 et
784 2879 961 2913 aliarum.
990 2879 1033 2912 10
1059 2878 1134 2914 Iul.
1163 2878 1266 2911 1920.
1297 2876 1373 2912 CO.
1403 2876 1495 2921 XII,
1523 2877 1604 2911 364.
