1950 3313
131 134 202 169 310
504 130 589 165 Lm.
607 130 653 164 V.
675 149 686 155 -
707 129 817 164 PARS
835 129 908 163 III.
930 150 943 155 -
962 129 1020 164 De
1033 132 1172 175 poenis
1190 133 1233 164 in
1251 131 1392 166 delicta
1441 130 1534 167 Can.
1561 131 1766 166 2394-2395

132 256 245 296 visus
280 252 464 308 legitime
496 252 585 293 sive
619 262 641 293 a
675 250 834 292 fortiori
867 262 946 292 non
984 251 1191 306 provisus,
1219 254 1258 293 et
1291 249 1368 293 hoc
1404 252 1598 306 primum,
1621 277 1680 283 -—
1701 250 1765 294 vel

127 323 311 367 secundo
334 320 390 364 ad
412 335 462 364 ea
484 324 643 363 tantum
678 318 719 377 a)
754 318 922 374 electus,
959 318 1001 377 b)
1033 325 1345 377 praesentatus,
1380 319 1420 378 c)
1453 321 1697 365 nominatus
1720 321 1763 365 in

127 391 382 446 eorumdem,
414 391 464 435 ad
499 403 606 448 quae
638 389 801 448 singula
844 390 1084 447 supradicta
1127 390 1201 434 fuit
1245 391 1501 448 designatus,
1533 391 1574 449 a)
1606 405 1767 450 posses-

124 464 286 507 sionem
318 461 382 505 vel
414 461 457 519 h)
490 460 678 519 reqimen
710 474 784 504 seu
816 459 856 518 c)
892 460 1310 504 administrationem
1333 474 1601 519 quocumque
1624 466 1761 506 autem

128 538 347 592 praetextu
380 532 445 576 vel
479 533 646 576 nomine
678 545 767 574 sese
798 531 1025 589 ingesserit
1057 532 1107 575 ad
1143 532 1451 590 exequendum,
1487 546 1566 575 non
1602 546 1703 576 vero
1730 535 1764 576 si

128 607 406 662 {prosequatur
438 604 747 646 exsecutionem
783 602 906 646 officii
942 607 1037 645 ante
1073 601 1184 645 illam
1219 602 1549 658 designationem
1578 605 1763 646 concessi

126 678 280 730 eidem,
315 679 542 732 antequam
574 673 840 716 necessarias
874 672 1059 728 litteras,
1092 685 1188 716 casu
1228 686 1328 730 ergo
1375 686 1457 731 quo
1505 675 1764 717 necessariae

126 748 212 790 sint
245 745 334 799 hae,
370 743 410 801 a)
444 743 779 801 confirmationis
810 743 874 787 vel
917 742 959 801 b)
994 743 1292 797 institutionis,
1338 743 1457 788 Sedis
1500 743 1764 801 Apostolicae

106 828 107 831 ’
132 830 205 874 pro
239 815 453 860 beneficiis
475 814 830 859 consistorialihus
862 820 933 858 aut
966 812 1201 869 reservatis,
1226 811 1438 859 Ordinarii
1466 828 1565 858 vero
1589 814 1665 858 loci
1690 827 1764 871 pro

128 887 236 942 aliis,
270 886 303 929 1⁰
337 885 559 944 acceperit,
593 885 645 929 110
679 899 833 943 easque
864 884 954 928 illis
987 883 1234 936 ostenderit,
1268 883 1416 942 quibus
1437 884 1488 928 de
1509 884 1603 927 iure
1634 883 1765 939 debet,

129 960 238 1002 sicut
272 971 311 1000 v.
346 971 407 1014 gr.
442 958 595 1002 dicitur
628 970 702 1014 pro
735 956 950 1014 Episcopis
983 958 1023 999 in
1058 968 1147 1000 can.
1174 956 1272 1011 334,
1295 956 1323 1014 ἓ
1357 956 1395 1012 2,
1431 969 1504 1013 pro
1531 954 1704 999 Vicariis
1726 959 1766 999 et

133 1030 357 1074 Praefectis
399 1028 649 1086 Apostolicis
697 1030 736 1072 in
785 1040 876 1072 can.
911 1027 1009 1083 293,
1043 1030 1068 1082 ἓ
1102 1027 1371 1085 2,·ἰάθῐηᾳυθ
1419 1027 1582 1071 dicatur
1628 1026 1763 1085 quoad

131 1101 376 1158 Superiores
400 1099 690 1157 religiosorum
715 1099 806 1157 (sed
833 1103 874 1142 ut
897 1098 964 1143 hic
988 1097 1132 1156 supra)
1156 1111 1251 1142 cum
1285 1098 1421 1142 officio
1453 1100 1596 1142 stricto
1618 1111 1765 1151 sensu3

132 1173 416 1229 unusquisque
448 1170 614 1214 illorum
647 1170 768 1214 aliter
801 1171 976 1213 faciens:
1003 1193 1056 1201 -
1082 1172 1122 1212 1⁰
1143 1169 1206 1213 Sit
1230 1168 1271 1226 a)
1305 1168 1397 1227 ipso
1425 1168 1520 1211 iure
1542 1167 1598 1211 ad
1620 1166 1765 1212 eadem

131 1241 308 1299 singula,
341 1253 448 1298 quae
485 1242 698 1298 «propria
730 1242 977 1284 auctoritate
1010 1241 1325 1296 occupaverit»
1365 1238 1428 1282 vel
1464 1240 1503 1282 in
1537 1251 1644 1296 quae
1677 1237 1764 1281 ille-

131 1314 277 1369 gitime
317 1327 336 1353 <t
359 1325 449 1356 sese
483 1314 764 1368 ingesserit»,
797 1310 1000 1354 inhabilis
1033 1310 1076 1368 b)
1111 1315 1150 1353 et
1180 1315 1406 1368 praeterea
1444 1309 1494 1353 ab
1532 1308 1765 1353 Ordinario

132 1397 207 1427 suo
227 1397 306 1441 pro
326 1383 542 1440 pravitate.
573 1382 723 1441 culpae
751 1381 974 1440 puniatur,
998 1386 1038 1426 et
1062 1381 1139 1425 hoc
1177 1385 1375 1425 statutum
1401 1385 1462 1424 est
1487 1382 1766 1437 praeceptivis

136 1453 275 1498 verbis
308 1454 358 1498 de
391 1467 521 1511 poena
556 1454 901 1505 indeterminata3
936 1479 988 1484 —
1021 1455 1070 1496 2⁰
1096 1451 1176 1495 Per
1208 1452 1247 1508 3)
1280 1451 1595 1510 suspensionem
1617 1450 1764 1507 grada-

134 1527 207 1569 tim
247 1525 286 1581 b)
321 1525 603 1583 privationem
652 1527 774 1568 unius
821 1525 1074 1568 disiunctive
1122 1522 1322 1580 beneficii,
1361 1521 1509 1580 officii,
1540 1521 1767 1579 diqnitatis

135 1601 261 1640 antea
293 1596 485 1640 obtentae
517 1601 569 1648 et,
603 1595 644 1653 c)
677 1596 715 1639 si
755 1609 824 1639 res
865 1595 980 1653 serat
1024 1595 1251 1652 prudenter
1287 1593 1605 1648 consideranda,
1638 1592 1766 1635 etiam

132 1681 209 1725 per
240 1667 544 1725 depositionem
577 1667 628 1711 de
660 1680 740 1725 qua
776 1679 905 1724 poena
948 1670 1009 1710 est
1052 1679 1142 1709 can.
1178 1665 1315 1720 23033
1349 1677 1582 1722 scopusque
1615 1662 1763 1707 harum

135 1751 362 1795 poenarum
397 1743 478 1784 est:
513 1743 689 1796 coyatur
719 1752 745 1781 a
768 1737 967 1794 beneficii,
991 1735 1136 1794 officii,
1160 1735 1386 1793 dionitatis
1418 1734 1459 1793 a)
1493 1734 1767 1792 occupatione

134 1809 177 1867 h)
203 1823 427 1867 eorumque
448 1809 654 1867 reqimine
675 1810 713 1866 c)
737 1808 800 1852 vel
823 1807 1198 1852 administratione
1216 1807 1267 1850 de
1290 1806 1440 1864 quibus
1462 1818 1600 1862 supra,
1621 1804 1767 1848 statim

135 1885 258 1938 prout
290 1893 313 1924 a
346 1894 390 1924 re
424 1894 503 1924 non
537 1893 626 1935 sua,
658 1879 889 1923 monitione
918 1878 1159 1937 praemissa
1193 1877 1272 1922 illis
1304 1878 1483 1921 diversis
1518 1878 1672 1933 poenis,
1706 1889 1767 1918 re-

135 1950 291 1995 cedere.

254 2022 530 2079 Subiungitur
562 2036 663 2066 vero
695 2024 852 2066 sanctio
886 2021 1029 2065 delicti
1054 2020 1130 2064 hac
1158 2021 1376 2064 occasione
1407 2019 1544 2062 forsan
1567 2031 1641 2075 per
1665 2016 1768 2060 alios

139 2094 352 2150 patrandi:
386 2095 435 2137 3⁰
469 2092 510 2151 a)
548 2092 746 2151 Capituta
784 2106 896 2147 vero,
936 2090 978 2149 b)
1013 2095 1236 2134 conventus
1274 2089 1314 2147 c)
1348 2089 1508 2146 aliique
1539 2101 1679 2131 omnes
1713 2088 1768 2130 ad

139 2177 240 2222 quos
273 2169 434 2222 spectat
466 2164 574 2222 quod
609 2163 888 2219 subiungitur,
914 2160 1156 2205 huiusmodi
1183 2160 1363 2204 scilicet:
1399 2162 1505 2203 inter
1538 2158 1769 2215 puniendos

141 2237 180 2277 vi
206 2234 328 2278 huius
351 2237 521 2278 canonis
544 2234 831 2278 tantummodo
865 2232 905 2291 a)
941 2232 1104 2288 etectOS,
1140 2231 1183 2289 b)
1216 2234 1511 2289 praesentatos
1543 2228 1583 2286 c)
1618 2228 1680 2272 vel
1701 2242 1770 2272 no·

140 2305 323 2349 minutos
346 2311 444 2348 ante
466 2305 709 2348 litterarum
733 2303 1029 2348 eschibitionem
1062 2304 1231 2346 forsitan
1258 2315 1356 2345 vere
1378 2306 1640 2356 receptarum
1675 2313 1768 2343 con-

138 2377 385 2420 firmationis
417 2381 487 2420 aut
521 2377 787 2419 institutionis
820 2374 1090 2418 admittentes
1113 2387 1186 2430 per
1219 2377 1334 2416 actus
1366 2371 1556 2415 tradendi
1581 2373 1767 2427 regimen

140 2447 204 2491 vel
238 2447 639 2491 administrationem
666 2446 731 2490 vel
755 2446 818 2489 his
841 2459 883 2489 se
905 2444 1189 2499 subiicientes,
1214 2444 1304 2501 ipso
1327 2441 1441 2501 facto
1464 2456 1490 2485 a
1511 2442 1606 2485 iure
1627 2440 1668 2499 a)
1691 2440 1768 2484 eti—

135 2517 265 2576 9endi
299 2517 341 2576 b)
375 2516 624 2561 nominandi
656 2516 719 2560 vel
751 2515 791 2574 c)
823 2513 1143 2574 praesentandi,
1176 2516 1209 2557 si
1242 2513 1350 2571 quod
1385 2511 1552 2567 habent,
1575 2511 1768 2570 suspensi

137 2594 338 2632 maneant
371 2587 427 2631 ad
458 2587 761 2646 beneplacitum
794 2586 915 2631 Sedis
946 2585 1239 2644 Apostolicae;
1272 2597 1400 2641 poena
1430 2584 1598 2642 quidem
1634 2583 1767 2626 vindi-

140 2662 278 2704 cativa
312 2662 425 2703 iuxta
459 2671 549 2703 can.
585 2659 712 2716 2298,
748 2658 807 2702 20.

259 2730 354 2774 240.
392 2733 575 2777 Contra
607 2731 933 2787 suscipientes
966 2729 1184 2774 officium
1217 2728 1279 2772 de
1311 2728 1415 2773 iure
1447 2740 1543 2772 non
1567 2738 1766 2771 vacans.

140 2827 197 2833 ——
235 2800 336 2846 Can.
369 2803 509 2846 2395.
548 2800 630 2854 Qui
661 2800 854 2856 scienter>¹
892 2815 914 2840 «
936 2797 1146 2856 quaelibet
1179 2799 1304 2853 igitur
1342 2796 1672 2853 imputabilitatis
1706 2795 1766 2838 di-

144 2874 317 2915 minutio
350 2874 439 2916 sive
472 2885 521 2916 ex
559 2875 673 2928 parte
706 2870 940 2915 intellectus
963 2869 1158 2927 (excepta
1182 2870 1412 2925 ignorantia
1435 2865 1643 2924 affectata)
1677 2867 1766 2909 sive
