1950 3313
145 186 192 219 84
603 183 689 216 [ΛΒ.
723 182 763 215 V.
793 202 806 207 -
839 182 950 216 PARS
976 182 1027 216 II.
1055 203 1067 207 -
1093 182 1150 217 De
1169 186 1307 227 poenis
1562 181 1654 218 Can.
1681 181 1773 216 2237

148 304 187 361 e)
209 303 464 361 privationis
490 302 598 344 iuris
619 307 876 359 potronatus
900 301 1012 359 (can.
1034 302 1162 356 2291,
1182 301 1245 360 7⁰)
1270 303 1426 346 definiti
1452 302 1528 345 sub
1551 315 1641 346 can.
1664 301 1775 345 1448

148 380 184 417 et
224 379 308 417 «ut
344 388 391 416 ex
429 373 591 416 delictis
624 374 878 415 enumeratis
912 374 950 414 in
982 372 1011 430 ἓ
1047 373 1145 426 1>,11.
1172 374 1209 427 6,
1240 376 1399 429 patroni
1435 378 1682 416 censeantur
1715 375 1777 416 ius

149 449 387 501 patronatus
433 445 634 497 amisisse,
672 445 896 500 requiritur
934 447 974 486 et
1006 443 1156 486 sufficit
1205 447 1407 487 sententia
1455 443 1728 487 declaratoria
1751 458 1773 483 ))

147 516 254 572 (cau.
287 514 409 567 1470,
443 516 468 567 ,ξ
491 513 551 571 3),
576 518 616 555 et
637 516 782 570 supple
806 512 841 571 f)
871 529 890 554 ε(
918 516 1205 570 privationis»
1240 514 1458 572 pririleqt'i
1490 528 1562 557 seu
1592 514 1777 571 oratioe,

147 585 385 628 alterutrius
418 598 442 626 o
478 583 582 627 Sede
603 583 847 641 Apostolt‘ea
880 598 1100 627 concessae
1117 584 1225 641 (can.
1248 585 1374 640 2291,
1400 584 1468 628 100
1487 584 1621 641 6170).
1643 584 1779 641 Expli-

145 657 251 697 catio
286 654 435 697 harum
472 666 696 710 poenarum
733 654 980 697 remittenda
1015 659 1076 697 est
1108 655 1157 697 ad
1193 668 1373 697 (artiones
1405 654 1472 697 hic
1504 657 1662 698 citatos.

262 724 290 782 ξ
320 726 363 769 2.
398 723 447 767 In
480 723 644 767 casibus
678 738 773 767 vero
808 723 997 780 occultis,
1031 725 1157 767 idest:
1195 730 1362 781 propter
1394 725 1591 768 delictum
1622 725 1775 782 (((1110(1

148 809 224 838 non
260 799 318 838 est
354 794 565 851 publicum
591 810 612 836 ›>
638 795 746 851 (can.
772 795 900 849 2197,
926 794 1004 851 40),
1037 798 1126 838 sive
1150 811 1170 836 <(
1194 795 1317 838 lateat
1349 795 1543 839 delictum
1580 799 1711 852 ipsum
1739 811 1777 849 »‚

145 868 234 909 sive
266 865 410 909 sallem
452 882 473 907 ((
496 868 682 909 eiusuem
720 865 1017 922 imputabilitas
1041 882 1091 920 »ς
1124 866 1194 909 sed
1229 865 1332 909 haec
1366 866 1549 910 clausula
1579 882 1601 907 ((
1624 880 1672 909 ex
1711 880 1779 909 ve-

147 939 243 979 toris
278 939 377 979 iuris
411 936 600 993 (nempez
637 935 760 981 Cone.
786 935 1014 978 Tridentini
1049 935 1126 979 sub
1159 948 1248 992 cap.
1275 936 1314 987 6,
1337 949 1434 979 sess.
1455 935 1586 979 XXIV
1611 936 1662 979 (16
1687 935 1778 993 res.)

145 1009 405 1061 auctoritate,
430 1012 554 1063 alque
580 1008 671 1050 ideo
695 1020 744 1050 ex
771 1009 948 1063 receptis
982 1007 1089 1062 apud
1127 1006 1321 1063 probatos
1353 1012 1545 1050 auctores
1579 1009 1779 1062 interpre-

147 1077 383 1131 tationibus,
418 1082 477 1121 est
510 1078 824 1131 aestimanda»,
863 1077 982 1134 firmo
1014 1077 1280 1135 praescripto
1323 1091 1414 1119 con.
1446 1079 1574 1120 2254
1605 1077 1656 1119 (16
1694 1090 1775 1119 an]-

147 1148 275 1204 pliore
310 1148 505 1191 facultate
539 1148 782 1191 absolvendi
809 1150 847 1191 in
872 1148 1036 1191 casibus
1062 1147 1370 1204 urgentioribus
1393 1160 1588 1191 concessa
1612 1147 1781 1191 cuilibet

145 1219 394 1262 confessario
429 1221 467 1261 in
503 1219 589 1262 foro
624 1218 929 1272 sacramentali,
964 1224 1002 1261 el
1034 1221 1162 1262 2290
1197 1222 1234 1261 111
1269 1219 1476 1263 similibus
1514 1219 1679 1262 casibus
1712 1232 1778 1261 ur-

144 1290 402 1347 gentioribus
435 1290 486 1333 de
522 1294 721 1343 potestate
755 1303 949 1333 concessa
985 1290 1153 1334 cuilibet
1179 1291 1434 1333 confessario
1460 1292 1498 1332 in
1523 1290 1668 1333 eodem
1695 1291 1780 1333 foro

146 1361 194 1404 ad
231 1360 526 1417 obligationem
561 1361 795 1404 servandae
831 1373 987 1417 poenae
1024 1361 1304 1404 vindicativae
1338 1361 1779 1419 ι«115116111161133111.1116-

147 1437 224 1474 test
254 1430 514 1475 Ordiaarius
547 1432 596 1474 ad
633 1444 819 1475 normam
856 1445 946 1475 con.
978 1432 1070 1487 198,
1094 1432 1121 1489 ἓ
1150 1432 1162 1474 1
1192 1445 1350 1489 poenos
1374 1437 1416 1474 ut
1438 1434 1626 1488 suprain
1650 1430 1696 1488 §⁰
1722 1431 1778 1484 10,

146 1516 225 1545 11611
262 1507 419 1545 tantum
456 1505 748 1558 suspensiones
788 1505 898 1545 iuxta
934 1501 1055 1546 Conc.
1092 1501 1218 1555 Τ1·111.,
1253 1501 1368 1544 lotae
1411 1502 1647 1544 sententiae
1689 1502 1782 1545 iure

146 1573 352 1615 communi
385 1578 585 1627 statutas,
608 1578 728 1628 prout
762 1572 864 1616 haec
898 1572 1083 1616 clausula
1119 1578 1254 1615 manet
1289 1572 1512 1623 declarata,
1536 1586 1613 1630 per
1645 1586 1688 1615 se
1719 1573 1782 1615 vel

143 1657 220 1702 per
253 1643 401 1695 olium,
425 1644 534 1700 quod
571 1643 675 1686 bene
708 1644 930 1686 adnotetur
964 1645 1088 1687 luisse
1123 1645 1160 1686 in
1196 1645 1220 1697 ἓ
1255 1644 1272 1686 1
1312 1646 1525 1698 omissum,
1548 1643 1779 1690 remittere,

151 1730 170 1755 ((
194 1717 283 1757 sive
319 1728 390 1770 per
423 1714 741 1767 absolutionem,
765 1718 854 1757 sive
881 1729 952 1770 per
975 1715 1324 1771 dispensationem
1349 1729 1371 1755 ))
1397 1716 1504 1770 (can.
1530 1714 1656 1768 2236,
1682 1719 1699 1767 ,ξ
1730 1715 1780 1771 1),

146 1785 329 1843 exeepli's
362 1786 496 1843 quoad
543 1785 845 1828 absolutionem
883 1785 1075 1829 'censuris
1113 1784 1365 1842 quibuslibet
1401 1784 1441 1842 a)
1474 1784 1780 1842 specialissimo

146 1856 188 1913 b)
223 1855 285 1899 rel
327 1856 504 1912 speciali
544 1856 663 1899 modo
699 1855 796 1899 Sesti
828 1855 1096 1913 Apostolt'eae
1140 1859 1252 1899 iuxta
1296 1854 1489 1900 Codicem
1535 1856 1764 1898 reservatis

147 1927 255 1970 Haec
300 1930 489 1983 exceptio
534 1928 748 1984 desumpta
784 1933 845 1970 est
877 1941 926 1970 ex
962 1930 1051 1970 iure
1088 1932 1235 1971 const.⁵
1273 1943 1295 1967 «
1318 1927 1591 1983 Apostolicae-
1613 1927 1731 1970 Sedis
1753 1942 1774 1967 ))

148 1999 202 2041 Pit
237 1998 289 2041 lx
317 1998 342 2041 ¹.
379 1998 409 2041 E
443 2003 583 2041 contra
620 1999 818 2054 derogata
852 2003 912 2041 est
946 1999 1081 2055 quoad
1109 2000 1397 2054 «Superiores
1433 2000 1609 2040 maiores
1643 2000 1679 2040 iu
1718 2011 1777 2040 re-

147 2068 370 2124 ligionibus
393 2068 658 2111 clericalibus
682 2071 886 2125 exemptis
911 2082 983 2124 pro
1007 2082 1149 2111 eorum
1181 2082 1279 2111 xero
1303 2067 1480 2111 subditis
1503 2084 1522 2108 1)
1551 2071 1654 2120 (can.
1683 2068 1779 2122 198,

144 2139 171 2197 ᾗ
207 2140 243 2190 1)
276 2139 501 2182 declaratio
535 2141 572 2183 S.
610 2140 955 2182 1)(1611116111131136
999 2139 1168 2195 Α111636.
1195 2140 1232 2181 ²:
1273 2155 1293 2179 α
1317 2138 1378 2181 An
1424 2138 1598 2181 Praelati
1642 2138 1778 2194 Regu-

147 2209 254 2252 lares
290 2218 377 2265 post
410 2208 545 2252 Const.
577 2211 599 2229 0·
626 2210 888 2265 Apostolicac
921 2210 1039 2252 Sedis
1064 2245 1088 2262 ,,
1125 2210 1267 2252 iisdem
1307 2208 1538 2265 privilegiis
1571 2208 1780 2264 gaudeant

146 2279 296 2337 quibus
329 2285 462 2333 antea.
489 2280 592 2322 idest.
627 2282 781 2335 possint
806 2293 880 2322 nec
905 2293 954 2322 ne
979 2293 1075 2322 suos
1107 2279 1294 2322 subditos
1326 2278 1546 2322 absolvere
1570 2292 1590 2320 a
1614 2278 1779 2322 casibus

147 2349 363 2406 papalibus
398 2352 436 2391 in
472 2350 579 2392 ‹licla
615 2350 914 2393 Constitutione
948 2349 1193 2405 simpliciter
1227 2350 1463 2391 reservatis.
1498 2347 1542 2391 R.
1562 2347 1778 2404 Negative‚

146 2420 273 2462 salvis
308 2419 385 2462 illis
419 2419 682 2463 facultatibus
716 2432 823 2476 (11136
858 2424 1102 2475 promanant
1137 2432 1184 2461 ex
1223 2420 1433 2474 rescriptis
1460 2417 1779 2474 particularibus

146 2490 195 2533 ad
217 2495 378 2546 tempus
398 2493 605 2532 concessis
628 2505 667 2534 ».
688 2490 803 2542 Quae
823 2503 930 2533 nunc
952 2489 1167 2532 utilitatem
1195 2491 1418 2544 practicam
1445 2488 1598 2531 habere
1621 2496 1778 2545 1111611111

146 2573 367 2603 concessae
400 2561 694 2616 Superioribus
729 2559 959 2603 minoribus
994 2559 1205 2602 localibus.

265 2628 474 2682 Quaeres:
510 2643 558 2672 an
596 2630 770 2673 facultas
803 2632 840 2672 111
878 2643 1015 2686 praec.
1034 2643 1190 2672 canone
1223 2629 1393 2685 elargita
1428 2632 1479 2672 sit
1505 2644 1575 2686 pro
1600 2635 1777 2686 utroque

148 2702 234 2743 foro
268 2707 303 2743 et
341 2714 413 2756 pro
447 2700 598 2757 quibus
631 2703 816 2757 personis
851 2701 917 2743 illa
952 2700 1160 2755 gaudeant
1183 2697 1564 2743 Ordinarii.—Ad
1601 2702 1775 2756 primam

146 2774 319 2829 quaesiti
358 2776 513 2827 partem
552 2771 885 2828 respondemlum
922 2775 979 2813 est
1015 2784 1108 2813 cum
1144 2783 1232 2813 cau.
1270 2770 1368 2824 202,
1391 2770 1418 2828 ἓ
1443 2770 1481 2812 3.
1512 2786 1529 2810 (ι
1554 2772 1592 2813 Si
1628 2771 1776 2823 sorum,

265 2925 275 2945 ¹
309 2926 348 2957 12
376 2924 459 2958 Oct.
498 2924 599 2958 1869.
618 2944 660 2948 —-
680 2924 693 2945 2
720 2924 741 2957 5
767 2923 859 2957 Dec.
890 2923 992 2964 1875,
1020 2922 1269 2956 collectanea
1296 2922 1332 2956 S.
1354 2921 1394 2956 O.
1417 2922 1463 2956 de
1483 2922 1526 2955 P.
1549 2921 1592 2956 F.
1613 2933 1650 2954 n.
1672 2920 1773 2954 1409.
