1950 3313
179 161 248 193 220
525 160 605 191 hin.
638 158 682 191 V.
713 178 725 183 -
752 158 862 191 PARS
891 157 958 191 ΙΙΙ.
985 177 998 182 -
1024 157 1081 192 De
1099 160 1238 202 poenis
1266 160 1307 192 in
1333 158 1472 192 delicta

180 278 221 313 ad
251 278 312 312 boc
340 280 555 311 recurrentes
580 275 622 310 ad
650 275 844 321 quamlibet
863 275 962 310 laica-

182 325 246 360 lem
278 328 490 370 potestatem.

230 371 313 407 CAN.
344 369 448 404 23:³5.
479 389 494 396 -
523 368 655 404 Nomen
690 369 814 404 dantes
849 373 962 404 sectae

183 418 396 454 massonicae
421 417 543 452 aliisve
567 416 720 451 eiusdem
749 415 886 461 generis
912 428 963 451 as-

182 465 431 501 sociationibus
449 475 538 509 quae
555 468 676 499 contra
695 463 881 498 Ecclesiam
909 463 961 499 vel

184 513 355 558 legitimas
393 511 511 546 civiles
551 515 733 556 potestates
760 511 962 545 machinan-

182 567 250 601 tur,
270 558 482 594 contrahunt
508 558 582 604 ipso
610 558 697 593 facto
723 558 961 593 excommuni-

182 608 353 643 cationem
393 604 471 640 Sedi
504 605 720 651 Apostolicae
758 603 964 651 simpliciter

183 653 352 690 reservata
359 664 404 687 m.
638 698 644 699 ⁷

232 701 313 737 CAN.
341 698 445 735 2336.
474 719 489 726 -
519 703 538 742 ἓ
570 700 597 734 l.
627 699 751 735 Clerici
787 700 844 745 qui
878 699 962 734 deli-

182 754 276 784 ctum
297 747 547 783 commiserunt
565 747 607 782 de
625 758 692 792 quo
712 747 746 781 in
767 757 844 782 can.
859 745 959 785 2334,

184 794 285 837 2335,
315 799 447 839 practer
474 805 603 840 poenas
629 794 743 829 citatis
769 794 963 829 canonibus

184 848 344 881 statutas,
373 853 482 888 poena
509 842 748 886 suspensionis
776 841 826 876 vel
856 842 966 885 priva·

184 891 288 925 tinnis
308 890 416 936 ipsius
435 889 609 929 beneficii,
631 889 745 924 officii.
766 889 960 933 dignitatis,

187 938 362 983 pensionis
388 941 447 971 aut
474 936 643 976 muneris,
666 936 691 969 si
721 947 789 981 qua
816 936 900 971 sorte
927 936 962 970 in

185 985 332 1020 Ecclesia
363 983 536 1023 liabeant;
575 983 723 1027 religiosi
751 988 866 1018 autem
895 982 962 1028 pri—

185 1033 321 1068 vatione
347 1031 448 1066 ossicii
466 1035 499 1066 et
518 1031 609 1065 vocis
634 1031 766 1065 activae
790 1042 830 1065 ac
858 1030 965 1076 passi-

186 1091 245 1115 vae
270 1079 418 1124 aliisque
445 1078 564 1124 poenis
590 1078 632 1112 ad
662 1088 821 1112 normam
840 1077 963 1112 consti⁴

185 1128 358 1162 tutionum
389 1125 596 1171 plectantur.

233 1178 251 1216 ξ
278 1174 309 1208 2.
339 1174 482 1218 insuper
507 1172 621 1207 clerici
658 1177 691 1207 et
725 1172 874 1217 religiosi
904 1183 961 1206 no-

187 1232 264 1256 men
293 1221 416 1255 dantes
442 1225 554 1255 sectae
580 1220 796 1254 massonicae
817 1219 965 1264 aliisque

186 1268 360 1303 similibus
378 1267 669 1303 associationibus
687 1266 887 1302 denuntiari
908 1267 965 1301 de-

188 1317 269 1351 bent
296 1314 421 1350 Sacrae
448 1313 714 1359 Congrcgationi
743 1313 778 1349 S.
806 1313 930 1349 Officii.

235 1363 319 1398 CAN.
349 1361 453 1396 2337.
483 1382 506 1387 -
532 1366 551 1403 ξ
580 1362 610 1396 l.
641 1359 676 1396 Si
709 1361 894 1407 parochus.
923 1360 964 1395 ad

189 1410 449 1456 impediendum
484 1409 684 1445 exercitium
715 1408 967 1444 ecclesiasticae

188 1457 452 1499 iurisdictionis,
473 1468 578 1491 ausus
598 1455 700 1491 fuerit
718 1455 837 1490 turbas
863 1456 964 1496 ciere,

191 1505 346 1551 publicas
375 1515 434 1550 pro
460 1515 495 1539 se
520 1503 793 1549 subscriptiones
833 1513 966 1549 promo-

189 1563 279 1593 vere,
310 1551 473 1597 populum
501 1550 723 1586 sermonibus
748 1554 808 1585 aut
830 1550 968 1595 scriptis

188 1599 336 1635 excitare
362 1598 499 1644 aliaque
524 1598 654 1632 similia
678 1608 792 1642 agere,
811 1608 870 1643 pro
896 1608 969 1642 gra-

189 1648 293 1682 vitate
319 1646 454 1690 culpae,
475 1645 667 1681 secundum
697 1645 849 1691 prudens
868 1642 967 1680 Ordi-

190 1694 278 1729 narii
305 1693 489 1734 iudicium,
519 1692 694 1738 puniatur,
722 1703 791 1727 non
818 1692 967 1731 exclusa,

190 1741 217 1776 si
246 1752 299 1776 res
327 1741 425 1781 ferat,
453 1739 693 1786 suspensione.

237 1793 256 1830 ξ
282 1788 315 1822 2.
346 1788 469 1822 Eodem
514 1787 614 1822 modo
656 1786 779 1833 puniat
818 1784 968 1822 Ordina—

190 1836 262 1870 rius
280 1836 490 1871 sacerdotem
519 1834 576 1880 qui
606 1833 866 1869 multitudinem
886 1844 967 1879 quo-

190 1894 257 1928 quo
283 1883 384 1917 modo
409 1882 532 1917 excitet
556 1881 599 1917 ad
627 1881 888 1927 impediendum
917 1881 969 1915 in-

190 1941 345 1974 gressum
373 1930 408 1964 in
437 1929 630 1975 paroeciam
670 1929 857 1963 sacerdotis
888 1928 969 1973 legi-

192 1978 274 2012 time
300 1977 470 2012 nominati
499 1976 535 2011 in
564 1976 751 2022 parocbum
787 1980 846 2010 aut
879 1986 970 2011 oeco-

193 2035 351 2059 nomum.

240 2070 323 2107 CAN.
348 2070 451 2106 2338.
477 2091 493 2095 -
515 2074 533 2112 ξ
563 2069 593 2104 1.
616 2070 804 2105 Absolvere
831 2080 970 2116 praesu-

193 2123 327 2153 mentes
353 2118 429 2153 sine
455 2117 572 2153 debita
599 2117 760 2152 facultate
778 2117 822 2152 ab
840 2127 971 2152 excom-

194 2166 429 2200 municatione
456 2165 544 2200 latae
570 2165 764 2199 sententiae
794 2164 954 2210 specialis

192 2213 280 2247 simo
299 2212 350 2248 vel
377 2212 516 2257 speciali
538 2212 639 2246 modo
658 2210 735 2246 Sedi
757 2211 972 2257 Apostolicae

193 2265 378 2303 reservata,
397 2260 582 2294 incurrunt
596 2259 670 2304 ipso
687 2261 773 2293 tacto
789 2260 824 2293 in
839 2269 971 2293 excom-

195 2307 467 2342 municationem
495 2305 573 2341 Sedi
603 2305 817 2351 Apostolicae
842 2305 973 2351 simpli-

193 2355 277 2389 citer
303 2358 525 2389 reservatam.

1081 279 1101 317 ξ
1126 274 1159 309 ⁶2.
1188 274 1432 321 Impendentes
1466 276 1611 321 quodvis
1642 276 1809 311 auxilium

1035 322 1087 357 vel
1107 322 1257 358 favorem
1284 323 1583 358 excommunicato
1609 323 1749 358 vitando
1775 324 1810 358 in

1034 369 1158 404 delicto
1191 375 1327 416 propter
1364 370 1453 415 quod
1491 370 1813 405 excommunicatus

1037 417 1122 460 tuit3
1151 416 1303 463 itemque
1329 417 1442 452 clerici
1472 417 1620 452 scienter
1641 421 1673 453 et
1691 423 1813 464 sponte

1036 463 1071 498 in
1099 463 1228 498 divinis
1254 475 1332 499 cum
1359 465 1477 500 eodem
1514 464 1813 500 communicantes

1034 515 1068 545 et
1093 511 1207 556 ipsum
1235 512 1270 546 in
1297 512 1426 546 divinis
1453 512 1573 546 otliciis
1591 512 1810 558 recipientes,

1036 558 1109 603 ipso
1138 558 1225 598 facto
1260 559 1443 594 incurrunt
1471 560 1505 593 iu
1533 560 1812 594 excommunica—

1035 606 1164 640 tionem
1193 604 1270 641 Sedi
1292 606 1508 652 Apostolicae
1533 606 1737 652 simpliciter
1763 617 1814 642 re-

1036 658 1221 687 servatam.

1084 699 1162 742 §3-
1191 698 1348 735 Scienter
1385 700 1600 736 celebrantes
1637 700 1689 736 vel
1727 701 1813 736 celc-

1038 746 1128 782 brari
1158 747 1322 782 facientes
1348 747 1467 782 divina
1496 748 1530 782 in
1559 748 1641 783 locis
1671 748 1814 783 interdi-

1036 794 1100 828 ctis
1128 794 1179 829 vel
1212 794 1436 830 admittentes
1462 796 1502 830 ad
1531 795 1739 831 celebranda
1764 796 1813 830 os·

1038 841 1115 876 ficia
1141 841 1260 876 divina
1288 852 1346 887 per
1372 853 1553 877 censuram
1586 843 1690 878 vetita
1716 843 1812 877 cleri-

1037 899 1093 923 cos
1106 888 1434 930 excommunicatos,
1449 890 1661 930 interdictos,
1674 901 1816 935 suspen-

1037 946 1092 970 sos
1120 940 1194 981 post
1228 936 1436 971 sententiam
1473 937 1735 972 declaratoriam
1764 937 1815 972 vel

1037 983 1373 1026 condemnatoriam,
1414 984 1637 1019 interdictum
1680 984 1723 1019 ab
1764 985 1814 1018 in-

1037 1041 1155 1074 gressu
1183 1030 1347 1065 ecclesiae
1378 1030 1451 1076 ipso
1485 1031 1559 1066 iure
1591 1031 1816 1073 contrahunt,

1038 1077 1159 1114 donec.
1188 1077 1333 1112 arbitrio
1370 1088 1443 1112 eius
1482 1078 1580 1113 euius
1605 1079 1815 1114 sententiam

1038 1129 1335 1169 contempserunt,
1373 1130 1605 1170 congruenter
1642 1126 1815 1162 satisfece-

1038 1172 1109 1206 rint

1085 1223 1103 1261 ξ
1132 1217 1163 1253 li.
1194 1217 1259 1262 Qui
1287 1230 1427 1254 causam
1446 1219 1616 1254 dederunt
1635 1220 1817 1256 interdicto

1040 1266 1136 1301 locali
1164 1273 1224 1301 aut
1256 1266 1439 1301 interdicto
1466 1267 1499 1301 in
1528 1268 1814 1303 communitatem

1039 1325 1097 1349 seu
1124 1313 1320 1358 collegium.
1342 1318 1425 1349 suut
1444 1315 1517 1359 ipso
1546 1315 1633 1349 facto
1660 1326 1817 1361 persona-

1041 1361 1118 1396 liter
1144 1360 1331 1395 interdicti.

1088 1407 1171 1443 Cis.
1201 1407 1305 1442 2339.
1326 1429 1342 1433 -
1367 1406 1433 1451 Qui
1460 1409 1534 1443 ausi
1565 1409 1692 1444 fuerint
1721 1420 1818 1444 mau-

1040 1456 1122 1490 dare
1148 1466 1206 1490 seu
1233 1466 1352 1497 cogere
1379 1456 1466 1490 tradi
1495 1455 1746 1492 ecclesiasticae
1771 1467 1818 1491 se·

1043 1502 1200 1547 pulturae
1227 1502 1395 1542 infideles
1422 1508 1597 1548 apostatas
1623 1514 1643 1538 a
1670 1504 1748 1543 fide,
1765 1504 1817 1539 vel

1042 1550 1243 1590 haereticos,
1284 1550 1535 1586 schismaticos,
1578 1550 1707 1586 aliosve
1747 1551 1820 1586 sive

1040 1597 1357 1632 excommunicatos
1383 1597 1454 1631 sive
1481 1597 1682 1633 interdictos
1699 1603 1822 1633 contra

1043 1645 1292 1690 praescriptum
1310 1655 1387 1679 can.
1412 1642 1510 1681 1240,
1527 1648 1546 1686 ξ
1566 1645 1591 1686 l,
1607 1640 1821 1680 contrahunt

1041 1691 1433 1727 excommunicationem
1452 1691 1540 1727 latae
1557 1693 1750 1728 sententiae
1766 1703 1808 1728 ne

1042 1739 1129 1774 mini
1156 1743 1387 1774 reservatam:
1417 1743 1539 1784 sponte
1565 1750 1644 1775 vero
1661 1739 1818 1785 sepultu-

1042 1798 1115 1822 ram
1147 1786 1276 1821 eisdem
1314 1786 1497 1830 donantes,
1526 1786 1749 1822 interdictum
1775 1787 1820 1821 ab

1042 1835 1201 1878 ingressu
1239 1833 1403 1868 ccclesiae
1441 1831 1628 1869 Ordinario
1669 1845 1821 1870 reserva-

1043 1887 1130 1917 tum.

1090 1927 1175 1964 CAN.
1204 1925 1309 1962 ⁶2:340.
1330 1948 1345 1952 -
1367 1931 1386 1969 ξ
1416 1927 1444 1961 1.
1472 1926 1505 1963 Si
1534 1927 1624 1973 quis.
1652 1928 1821 1963 obdurato

1042 1975 1174 2013 animo.
1198 1985 1256 2020 per
1280 1985 1414 2009 annum
1443 1974 1653 2010 insorduerit
1679 1975 1714 2009 in
1742 1986 1820 2010 cen-

1043 2034 1125 2058 sura
1148 2022 1532 2061 excommunicationis,
1545 2027 1595 2057 est
1621 2022 1662 2058 de
1689 2022 1818 2057 haeresi

1043 2074 1237 2116 suspectus

1092 2121 1110 2159 5
1137 2117 1170 2150 2.
1200 2115 1233 2151 Si
1262 2115 1408 2150 clericus
1435 2116 1468 2149 in
1496 2126 1643 2151 censura
1681 2127 1822 2162 suspen-

1044 2164 1152 2198 sionis
1181 2174 1238 2208 per
1263 2167 1428 2197 semestre
1448 2163 1729 2208 perseveraverit,
1749 2174 1822 2208 gra-

1044 2211 1131 2246 viter
1165 2214 1366 2255 moneatur3
1394 2214 1428 2244 et
1453 2210 1494 2245 si.
1524 2215 1642 2245 exacto
1667 2221 1687 2245 a
1714 2211 1822 2245 moni-

1044 2259 1138 2293 tione
1165 2268 1297 2298 mense,
1326 2268 1344 2292 a
1371 2257 1588 2292 contumacia
1622 2268 1690 2292 non
1718 2268 1823 2293 reces-

1044 2305 1139 2345 serit,
1171 2305 1322 2350 privetur
1349 2303 1526 2339 beneficiis
1552 2308 1609 2338 aut
1637 2304 1769 2345 officiis,
1792 2305 1818 2338 si

1045 2363 1113 2398 qua
1140 2352 1173 2386 in
1203 2351 1354 2387 Ecclesia
1381 2352 1464 2386 forte
1495 2351 1630 2386 babeat.

315 2473 408 2516 169.
445 2474 699 2529 Inscriptio
741 2473 866 2517 tituli
902 2475 951 2517 et
984 2473 1124 2516 huius
1168 2472 1382 2527 priorum
1422 2484 1660 2516 canonum
1695 2472 1822 2515 ordi-

195 2545 344 2589 natio.
378 2568 429 2572 —-
463 2540 757 2586 Commentarii
794 2540 927 2584 locum
964 2539 1073 2583 hunc
1106 2542 1235 2596 exigit
1275 2538 1437 2582 Titulus
1467 2538 1575 2582 XIII
1602 2541 1822 2596 inscriptus

199 2613 256 2657 De
288 2612 467 2663 delictis,
501 2624 678 2669 quorum
723 2611 907 2654 delinitio
952 2615 1039 2654 est:
1078 2615 1297 2653 «externa
1331 2615 1369 2653 et
1404 2610 1613 2653 moraliter
1647 2612 1821 2665 imputa-

198 2684 288 2728 bilis
323 2684 423 2740 legis
459 2682 625 2725 violatio
659 2683 726 2725 cni
761 2681 898 2725 addita
931 2683 983 2724 sit
1015 2682 1171 2724 sanctio
1215 2682 1413 2724 canonica
1455 2680 1598 2724 saltem
1644 2680 1822 2723 indeter-

199 2757 394 2798 minata»
424 2753 532 2811 (can.
567 2752 694 2807 2195,
728 2755 753 2805 ἓ
791 2751 847 2808 1),
880 2757 1027 2795 contra
1060 2750 1350 2807 auctoritates,
1383 2751 1567 2795 scilicet:
1602 2763 1708 2808 quae
1743 2752 1823 2793 vio-

198 2827 333 2869 lantur
367 2827 403 2867 in
437 2825 582 2880 seipsis
630 2822 907 2866 inobedientia
942 2826 981 2865 et
1014 2823 1292 2878 usurpatione,
1332 2821 1393 2865 vel
1428 2824 1466 2864 in
1501 2834 1643 2865 earum
1693 2820 1822 2864 libero

198 2898 396 2940 exercitio
431 2907 501 2951 per
535 2895 849 2936 irreverentiam
885 2904 982 2948 erga
1018 2894 1137 2948 ipsas,
1172 2892 1417 2948 apponendo
1452 2893 1618 2935 forsitan
1655 2890 1824 2947 impedi-
