1950 3313
164 151 234 185 290
535 148 619 182 Lm.
640 148 686 182 V.
708 168 721 172 -
740 147 850 181 PARS
867 146 939 181 111.
961 167 973 172 -
991 147 1048 181 De
1059 150 1197 192 poenis
1215 150 1258 182 in
1274 148 1413 182 delicta
1464 146 1556 181 Can.
1582 146 1788 182 2373-2374

165 283 207 313 se
250 281 383 323 neque
433 280 505 323 per
552 266 653 309 alios
703 266 1033 322 promovendum
1072 267 1171 309 satis
1203 268 1379 321 noverit,
1416 271 1458 309 ut
1491 268 1630 310 testari
1664 269 1790 323 possit

168 338 496 396 promovendum
523 336 680 380 nullum
718 337 1061 392 impedimentum
1093 339 1348 381 contraxisse
1367 352 1407 391 »,
1431 341 1500 380 aut
1524 338 1563 379 in
1587 336 1666 380 alio
1689 349 1788 381 casu

166 410 317 454 ibidem
343 408 618 463 considerato,
636 410 669 451 si
695 409 732 450 in
756 407 955 450 alterutro
984 423 1006 448 c<
1028 420 1107 450 non
1134 407 1351 464 provideat
1372 405 1621 452 Ordinarius
1644 406 1790 451 saltem

168 494 239 537 per
273 482 549 523 iuramentum
584 478 886 536 suppletorium
920 491 941 522 a
977 478 1261 535 promovendo
1296 478 1587 535 praestandum
1613 494 1661 533 »3

282 551 331 594 3⁰
370 549 453 603 Qui
482 552 588 593 inter
620 551 845 593 recensitos
880 562 950 606 per
983 548 1306 593 declarationem
1338 549 1414 593 sub
1439 549 1497 592 n.⁰
1524 549 1566 592 10
1594 552 1669 593 «si
1694 549 1789 594 cha-

167 626 326 666 ractere
359 620 582 678 episcopali
617 620 798 677 polleant
819 636 860 675 »,
893 625 1016 678 atque
1049 633 1098 664 ex
1133 620 1211 664 hoc
1249 633 1422 664 numero
1460 621 1650 675 infertur,
1683 621 1793 679 quod

168 696 239 737 etsi
280 709 302 734 c<
325 705 519 749 expresse
551 691 632 745 (vel
658 691 806 735 melius
829 691 1041 748 explicite)
1066 704 1144 734 non
1169 693 1433 735 nominentur
1455 691 1660 748 Episcopi,
1684 705 1792 736 com-

170 763 483 820 prehenduntur
514 762 591 805 sub
626 764 766 818 poenis
810 761 915 805 latae
957 763 1185 805 sententiae
1217 764 1540 818 suspensionis»
1578 761 1701 805 huius
1733 775 1796 805 ca-

169 835 300 877 nonis.
325 833 395 876 llla
419 833 608 876 limitatio
633 834 888 889 pronominis
916 849 937 873 «
960 835 1029 890 qui
1054 848 1075 873 ›>
1103 832 1179 876 sub
1202 832 1280 876 hoc
1303 838 1361 876 n.⁰
1387 832 1553 876 fulcitur
1579 845 1669 877 can.
1695 834 1796 888 957,

168 904 195 962 ξ
229 904 267 959 2,
293 909 460 960 propter
483 903 612 947 verba
635 917 740 961 quac
762 909 1012 961 sequuntur:
1047 903 1244 961 aliquem,
1262 903 1408 960 supple
1431 903 1629 947 clericum
1657 905 1794 948 forsan

172 978 376 1018 minorum
402 975 593 1019 ordinum
619 974 674 1017 ad
697 973 866 1018 ordines
888 974 1084 1031 maiores,
1105 988 1207 1031 quos
1229 976 1419 1018 conferre
1444 979 1655 1032 nequeunt
1678 974 1793 1019 Vica-

172 1048 256 1089 rius
288 1058 335 1090 ac
370 1046 620 1098 Praefectus,
654 1045 793 1089 Abbas
820 1045 882 1089 vel
909 1045 1143 1089 Praefectus
1166 1045 1318 1088 nullius
1351 1061 1371 1086 «
1394 1047 1426 1088 si
1451 1046 1673 1102 episcopali
1699 1046 1795 1090 clia·

172 1121 332 1160 ractere
364 1121 576 1161 careant»
616 1116 723 1174 (can.
759 1117 856 1171 957,
891 1119 916 1170 ἓ
949 1116 1001 1173 2),
1039 1116 1110 1159 sed
1154 1115 1349 1159 delictum
1395 1116 1674 1160 ordinantium
1719 1122 1793 1171 est,

171 1187 280 1245 quod
316 1187 430 1230 illum
469 1187 669 1231 clericum
712 1189 801 1230 sive
843 1187 1115 1240 saecularem,
1148 1189 1237 1230 sive
1272 1186 1525 1243 religiosum,
1559 1187 1794 1244 regularem

172 1272 337 1316 quoque
369 1258 460 1301 sine
494 1257 616 1302 titulo
650 1257 848 1302 canonico
882 1258 1048 1301 diverso
1088 1271 1159 1314 pro
1201 1257 1375 1314 singulis
1406 1272 1551 1302 eorum
1581 1272 1793 1317 promove-

172 1329 276 1383 rint,
309 1342 476 1386 nempe:
515 1334 662 1372 eontra
697 1328 1009 1387 praescriptum
1040 1342 1131 1374 ean.
1165 1331 1273 1380 974,
1304 1328 1332 1387 ξ
1365 1332 1401 1380 1,
1433 1343 1472 1372 n.
1508 1332 1550 1384 7,
1585 1330 1692 1387 quod
1729 1343 1798 1386 ge-

157 1398 314 1443 nerale
347 1413 442 1444 cum
474 1402 539 1455 sit,
566 1414 638 1457 pro
660 1399 834 1456 singulis
859 1399 1080 1456 praedictis
1113 1412 1184 1456 per
1216 1399 1317 1443 alios
1349 1412 1528 1443 canones
1551 1402 1674 1444 citato
1698 1400 1795 1444 sub-

174 1475 394 1528 sequentes
426 1470 751 1525 determinatur-3

293 1543 340 1584 40
379 1541 474 1596 Qui,
508 1544 565 1585 uti
599 1541 676 1585 sub
709 1547 767 1586 n.O
805 1543 845 1584 1⁰
880 1541 1077 1585 declarati
1101 1546 1196 1584 sunt
1217 1541 1446 1585 secundum
1481 1541 1798 1598 explicationem

176 1626 265 1657 can.
301 1614 400 1665 966,
433 1615 457 1667 ἓ
491 1613 529 1667 1,
563 1612 678 1656 salvo
713 1615 879 1669 vigente
901 1613 1038 1656 adhuc
1061 1612 1262 1670 legitimo,
1288 1613 1413 1656 idest:
1451 1618 1539 1668 post
1561 1611 1684 1657 Conc.
1709 1613 1796 1656 Tri-

176 1685 388 1728 dentinum
440 1684 595 1728 directe
643 1697 839 1728 concesso
890 1683 1077 1740 religioni
1126 1685 1277 1741 cuique
1308 1683 1532 1741 privileyio
1566 1684 1798 1728 dimittendi

176 1755 364 1798 alumnos
398 1754 704 1812 promovendos
727 1754 777 1798 ad
801 1767 1110 1812 quemcumque
1132 1753 1382 1810 Episcopum
1407 1767 1500 1798 cum
1525 1754 1630 1798 Sede
1653 1754 1797 1811 Aplca.

176 1829 512 1870 communionem
546 1825 746 1880 habente3
786 1841 808 1867 c<
830 1827 899 1883 qui
923 1840 945 1866 ›>
985 1830 1147 1881 praeter
1170 1824 1275 1868 hanc
1299 1827 1602 1881 exceptionem,
1628 1824 1797 1882 reliyio-

177 1911 280 1947 sum,
319 1914 340 1938 «
363 1899 432 1955 qui
470 1902 562 1940 vota
596 1898 854 1953 nuncupavit
880 1898 917 1939 in
942 1896 1078 1953 aliqua
1113 1895 1312 1952 religione
1334 1911 1356 1936 »
1385 1895 1493 1952 (can.
1520 1896 1617 1948 448,
1643 1896 1720 1951 7⁰),
1745 1895 1800 1939 ad

178 1967 391 2026 familiam
434 1968 582 2011 domus
626 1967 842 2024 religiosae
878 1967 1170 2024 pertinentem,
1204 1980 1310 2024 quae
1341 1966 1510 2023 supple:
1544 1967 1698 2011 familia
1731 1980 1804 2010 seu

180 2039 328 2082 domus
350 2038 405 2081 sit
428 2044 551 2082 eoetra
576 2038 839 2081 territorium
863 2037 998 2096 ipsius
1021 2037 1276 2090 ordinantis,
1295 2050 1465 2094 nempe:
1491 2039 1531 2081 in
1555 2037 1663 2095 quod
1688 2039 1804 2081 iuris·

180 2110 400 2153 dictionem
427 2109 879 2167 habet,promoverint,
902 2111 977 2152 etsi
1000 2109 1051 2153 ad
1074 2108 1203 2152 solam
1231 2110 1405 2165 primam
1431 2112 1655 2164 tonsuram,
1675 2108 1803 2151 etiam

182 2194 271 2223 eum
295 2179 452 2223 litteris
474 2179 832 2223 dinzissorialibus
851 2179 1022 2237 proprii
1039 2178 1287 2237 Superioris
1310 2180 1556 2222 «maioris»
1579 2180 1682 2235 (can.
1703 2179 1803 2235 964,

183 2250 259 2307 ⁶20),
293 2250 378 2293 nisi
400 2250 586 2308 leqitime
604 2249 828 2308 probatum
850 2249 998 2307 suerit,
1025 2249 1239 2293 videlicet:
1278 2265 1301 2290 ε(
1323 2262 1372 2292 ex
1396 2248 1634 2292 authentico
1658 2248 1805 2293 Curiae

182 2321 428 2378 episcopalis
460 2323 693 2364 testimonio
717 2337 738 2361 »
776 2321 886 2378 (can.
911 2321 1007 2375 966,
1032 2319 1059 2377 ἓ
1083 2320 1125 2376 ⁶2)
1155 2319 1338 2377 aliquem
1360 2333 1411 2362 eoe
1434 2319 1597 2362 casibus
1619 2322 1802 2378 quinque

182 2405 415 2447 occurrere,
447 2391 498 2434 de
529 2391 676 2448 quibus
709 2391 751 2433 in
785 2405 876 2433 ean.
899 2393 994 2434 966
1026 2393 1175 2446 agitur,
1199 2395 1239 2433 et
1262 2390 1355 2433 data
1379 2390 1454 2433 fuit
1478 2389 1632 2434 ibidem
1665 2390 1805 2447 expla-

183 2464 304 2505 natio.
341 2461 388 2505 Et
422 2461 522 2505 haec
555 2464 769 2518 suspensio
802 2461 907 2505 latae
938 2463 1166 2504 sententiae
1198 2460 1274 2504 sub
1308 2461 1366 2503 n.⁰
1401 2459 1445 2503 40
1480 2473 1587 2504 nova
1621 2465 1693 2504 est.

302 2533 399 2575 ⁶216,
435 2534 634 2579 Sanctio
667 2535 908 2579 adversus
950 2534 1244 2578 accedentes
1286 2534 1351 2577 ad
1392 2534 1590 2578 ordines
1634 2535 1807 2578 contra

184 2618 250 2650 ss.
285 2618 517 2650 canones.
552 2629 607 2635 —
644 2603 747 2647 «Ex
783 2607 898 2660 parte
942 2607 1099 2646 tantum
1134 2615 1228 2646 cum
1271 2607 1410 2646 vetere
1444 2605 1532 2646 iure
1564 2604 1799 2658 congruit»

185 2674 293 2731 (can.
329 2675 367 2725 6,
401 2674 459 2728 ⁶2⁰)
491 2688 580 2717 ean.
615 2675 754 2719 2374.
787 2673 971 2718 Clericus
1001 2673 1073 2731 qui
1105 2673 1146 2730 a)
1178 2673 1269 2716 sine
1301 2673 1458 2716 litteris
1491 2672 1656 2730 supple:
1696 2688 1718 2713 «
1741 2672 1804 2715 di-

188 2747 388 2789 missoriis
411 2761 452 2799 2),
486 2758 534 2788 eo
567 2744 674 2802 quod
710 2745 891 2788 secunda
923 2745 1094 2787 canonis
1127 2755 1220 2800 pars
1254 2746 1368 2800 punit
1391 2743 1443 2787 ob
1468 2742 1805 2787 testimonialium

189 2815 412 2870 defectum,
449 2814 490 2872 b)
527 2814 587 2858 vel
619 2829 710 2858 eum
741 2814 880 2871 falsis,
914 2816 1010 2872 quia
1046 2813 1109 2857 vel
1145 2816 1264 2858 fictae
1296 2817 1389 2868 sint,
1417 2814 1478 2858 vel
1513 2815 1810 2870 supposititiae,

193 2885 255 2929 vel
291 2898 312 2929 a
346 2898 425 2929 non
462 2887 636 2942 propriis
669 2882 903 2930 Ordinariis
935 2897 1169 2938 concessae,
1205 2884 1267 2928 vel
1302 2897 1323 2928 a
1359 2886 1534 2941 propriis
1556 2884 1627 2927 sed
1651 2885 1721 2941 qui
1745 2895 1812 2925 ne-
