1950 3313
406 151 491 185 Trr.
518 152 580 186 VI.
600 172 612 178 -
631 153 688 188 De
707 156 872 191 subiecto
889 161 1079 194 coactivae
1095 163 1278 204 potestati
1297 164 1461 197 obnoxio
1706 167 1750 201 67

758 294 806 322 4—
835 274 905 319 tege
931 282 989 311 aut
1019 284 1197 324 praecepto
1547 284 1632 318 (jan.
1661 284 1750 319 2226

396 386 438 390 -
461 364 679 400 considerata
707 365 805 411 ⁸2*
835 379 1056 413 personarum
1085 373 1253 415 dignitate
1658 378 1747 412 2227

758 416 760 431 t

758 448 805 485 ¹-
833 462 947 496 actico
978 465 1184 509 periei-itone
1590 487 1603 501 ι,
1660 472 1748 506 222⁸

145 504 281 540 Titulus
302 504 354 540 Vl.

140 552 185 587 De
208 552 363 588 subiecto
756 575 804 603 (-
834 562 971 601 propter
999 557 1228 602 ignorantiam
1590 582 1603 595 ι»
1658 565 1748 599 2229

165 600 339 635 coactivae
402 621 435 625 -—
472 600 530 635 sed
559 605 722 635 excusato

170 649 326 693 potestati
417 647 469 682 vel
496 658 568 682 non
702 667 805 674 ——
832 648 966 683 ratione
991 650 1114 683 aetatis
1142 650 1174 683 in
1203 652 1426 698 delinquente
1589 673 1602 689 n
1658 658 1747 692 223⁰

167 694 315 730 obnoxio
334 715 378 720 —

765 764 804 767 —
831 753 934 778 causa
961 755 1149 779 concursus
1177 746 1209 779 in
1238 748 1399 782 delictum
1588 769 1601 783 ι,
1657 752 1741 786 2231

760 857 805 861 —-
833 837 925 872 tatae
951 839 1143 874 sententiae
1586 860 1599 877 ι)
1655 846 1746 880 2232

394 951 436 957 -
456 931 571 977 quoad
593 941 723 975 poenas
764 949 803 958 -a
834 943 893 978 per
918 944 1036 968 earum
1067 934 1293 971 inflictionem
1589 958 1601 968 ι.
1658 941 1744 975 2233

415 979 614 1014 subeundas
702 998 743 1002 —

766 1048 804 1052 —
832 1038 909 1062 cum
939 1029 1090 1063 remedio
1119 1030 1251 1075 poenali
1589 1050 1600 1063 n
1656 1034 1741 1068 2234

761 1142 805 1147 -
832 1123 968 1157 etiamsi
996 1123 1159 1159 delictum
1189 1136 1256 1159 non
1288 1131 1499 1171 perpetretur
1588 1146 1601 1159 ι)
1657 1128 1744 1162 2235

237 1261 307 1305 44.
341 1265 599 1320 Inscriptio
621 1266 789 1310 Tituli.
815 1291 866 1295 —
893 1265 983 1308 Post
1007 1265 1238 1309 subiectum
1266 1270 1330 1310 cui
1358 1274 1535 1322 potestas
1559 1273 1742 1312 coactiva

119 1336 330 1389 competit,
365 1336 547 1390 oportuit
580 1348 747 1378 normas
770 1335 884 1390 dare,
908 1349 1010 1393 quas
1042 1339 1223 1380 continet
1254 1337 1414 1381 Titulus
1448 1338 1497 1381 Π
1528 1342 1746 1396 inscriptus

119 1402 184 1446 De
215 1403 397 1448 subiecto
439 1419 617 1462 nempe:
653 1406 779 1462 tideti,
816 1409 885 1464 qui
930 1407 1122 1451 subditur
1166 1411 1398 1452 auctoritati
1444 1410 1746 1454 ecclesiasticae

119 1474 231 1531 teges
263 1480 334 1518 aut
359 1482 579 1532 praecepta
605 1478 766 1532 terenti,
792 1479 1107 1534 cognoscendus
1128 1492 1198 1535 per
1217 1492 1305 1522 can.
1334 1480 1399 1522 12.
1431 1481 1493 1533 13,
1522 1481 1585 1526 14,
1610 1483 1742 1538 quoad

118 1544 220 1597 illas,
257 1550 297 1589 et
329 1547 464 1604 quoad
499 1546 602 1591 haec
637 1561 710 1604 per
742 1561 832 1593 can.
868 1549 936 1603 94,
970 1552 1002 1592 si
1039 1563 1138 1592 vero
1171 1555 1318 1607 agatur
1342 1551 1391 1593 de
1425 1551 1590 1601 clerico,
1625 1555 1745 1608 respi-

118 1617 265 1660 ciendo
284 1616 793 1662 huiusincardinationem
817 1620 878 1663 vet
899 1620 1020 1664 atiani
1040 1621 1307 1665 subiectionis
1328 1625 1525 1665 rationem
1547 1628 1597 1669 et,
1613 1626 1643 1665 si
1664 1638 1743 1666 sei·-

120 1701 185 1730 mo
208 1690 260 1731 sit
283 1689 334 1732 de
357 1689 551 1746 religioso
575 1695 781 1747 exempto.
809 1692 1047 1734 attendatur
1070 1697 1228 1748 oportet
1253 1692 1403 1736 familia
1429 1707 1499 1736 seu
1524 1694 1670 1736 domus
1693 1695 1740 1736 ad

116 1771 242 1815 quam
266 1759 332 1803 hic
357 1763 588 1816 pertineat:
611 1762 662 1805 de
688 1761 755 1805 illo
781 1763 908 1819 igitur
941 1763 1152 1806 coaeticae
1169 1764 1374 1820 potestati
1391 1764 1606 1807 distinctae
1632 1767 1740 1806 iux-ta

117 1829 360 1886 Superiores
397 1831 458 1875 vel
495 1845 692 1888 personas
716 1833 893 1876 morales
917 1846 1005 1876 eani
1031 1839 1287 1886 exercentes,
1311 1839 1433 1891 atque
1460 1836 1742 1878 consideratae

115 1901 346 1945 secundum
383 1903 526 1946 modos
558 1903 1001 1948 diversosexercendi
1037 1918 1141 1951 eain,
1180 1906 1371 1948 iideticet
1413 1920 1482 1961 per
1516 1906 1637 1961 leges,
1674 1920 1744 1960 per

116 1972 354 2026 sententias,
377 1986 448 2029 per
481 1974 650 2017 modum
677 1977 887 2032 praecepti
912 1975 1184 2031 particularis,
1204 1975 1379 2018 obiiooei'o
1398 1976 1446 2019 ad
1474 1976 1742 2018 incurrendas

118 2056 271 2099 poenas
313 2044 407 2087 inde
451 2051 754 2102 consequentes
791 2046 853 2090 vel
887 2046 1125 2090 subeundas
1169 2049 1222 2089 uti
1259 2048 1450 2090 effectum
1487 2046 1596 2089 illius
1632 2052 1739 2103 potc-

116 2116 245 2159 statiS.

236 2185 303 2228 45.
339 2187 475 2247 Ordo
509 2202 750 2234 canonum
784 2201 833 2232 ex
868 2189 989 2232 dictis
1033 2190 1219 2237 infertur,
1254 2189 1322 2231 sed
1360 2188 1489 2245 logice
1533 2191 1741 2244 expositus

118 2256 432 2312 inscriptionem
476 2258 667 2303 illustrat.
711 2258 1006 2303 Consideretur
1049 2262 1181 2316 primo
1215 2261 1401 2302 coactiva
1438 2264 1614 2314 potestas
1649 2259 1737 2313 tege

44 2365 51 2370 .
116 2331 186 2368 aut
219 2333 441 2384 praecepto
485 2332 683 2385 exercita,
718 2335 758 2374 et
790 2330 1022 2374 subiectum
1058 2330 1134 2373 hac
1180 2333 1335 2373 ratione
1369 2330 1667 2372 determinatur
1701 2331 1736 2369 iii

116 2408 206 2440 can.
252 2397 379 2447 2226,
414 2399 512 2443 dum
556 2406 779 2459 sequentes
813 2402 895 2445 duo
941 2415 1207 2457 personarum
1253 2401 1494 2456 dignitatem
1530 2405 1565 2442 et
1600 2399 1736 2441 dciii-ti

118 2469 414 2523 perfectionem
448 2472 715 2515 considerant
737 2472 786 2516 ad
814 2472 924 2515 ittam
959 2472 1216 2515 statuendam
1242 2471 1644 2514 determinationem.
1672 2469 1740 2511 [tis

115 2537 427 2596 subsequuntur
449 2546 532 2585 tres
554 2555 735 2586 canones
760 2543 886 2586 2229.
910 2543 1021 2585 2230
1041 2547 1077 2585 et
1101 2542 1226 2592 22:31,
1252 2544 1318 2598 qui
1343 2543 1578 2584 successire
1597 2554 1740 2582 causa>

115 2621 139 2652 a
171 2612 314 2665 poeniS
348 2613 610 2656 incurrendis
643 2619 891 2657 excusantes
934 2613 1213 2663 considerant,
1245 2612 1432 2655 scilicet:
1468 2613 1737 2667 ignorantiam

115 2683 155 2723 et
189 2681 524 2737 impubertatem,
558 2689 597 2727 et
630 2690 798 2728 econtra
844 2684 1085 2727 inducentes
1121 2683 1183 2726 vei
1224 2687 1518 2726 concurrentes
1556 2681 1603 2723 ad
1640 2680 1736 2721 dcti-

115 2756 226 2794 ctum
246 2753 489 2809 poenalibus
513 2754 676 2811 tegibus
698 2755 936 2799 subiiciunt.
957 2754 1143 2811 Denique
1169 2754 1334 2796 niodum
1363 2766 1511 2808 poenas
1535 2751 1734 2793 subeundi

115 2827 184 2866 aut
218 2824 432 2880 infligendi
470 2826 740 2869 moderantur
763 2839 851 2869 can.
890 2825 1000 2868 2232
1041 2829 1079 2867 et
1120 2824 1243 2870 2233,
1280 2825 1375 2866 dum
1411 2822 1610 2865 subiectio
1652 2826 1732 2862 timi
