1950 3313
131 173 195 207 184
708 167 920 201 APPEme
946 175 1002 200 AD
1029 166 1114 199 L1B.
1144 165 1175 199 Ι.

127 296 196 335 aut
228 291 442 347 dignitate,
483 290 605 331 etiam
646 285 913 330 Patriarchali
947 289 1017 328 aut
1049 283 1281 341 Episcopali
1326 284 1598 341 praefulgeat,
1630 284 1754 342 quid-

126 374 248 419 quam
284 364 497 415 innovare,
531 362 602 402 aut
633 356 786 414 aliquid
813 355 1091 409 introducere,
1116 355 1226 412 quod
1251 357 1455 411 integram
1478 359 1757 412 exactamque

127 432 365 476 eorumdem
400 429 733 474 observationem
769 429 987 469 imminuat
1011 442 1051 468 ».
1085 425 1135 469 Et
1158 428 1282 469 etiam
1307 429 1414 469 esset
1435 427 1597 468 irritum
1622 425 1751 483 quod-

126 515 303 560 cumque
336 502 541 544 contrarie
573 503 784 553 statutum,
822 502 864 540 ut
898 496 1050 540 ibidem
1097 500 1236 553 postea
1280 495 1526 539 Benedictus
1571 497 1656 552 ipse
1689 508 1756 538 as-

126 576 224 618 serit
246 573 296 616 de
321 571 558 629 particulari
592 583 690 614 casu
722 568 773 612 ab
806 568 950 625 Aplca.
983 568 1089 612 Sede
1115 566 1345 624 reprobato.

244 643 451 687 Ecclesiae
485 640 704 685 orientales
737 644 955 696 propterea
989 640 1157 681 omnino
1190 637 1476 694 prohibentur,
1511 651 1560 681 ne
1596 639 1634 680 in
1657 637 1755 681 Mis-

127 718 193 764 sis,
228 715 463 771 divinisque
486 713 630 756 officiis
652 710 913 755 celebrandis
945 714 983 753 et
1018 712 1056 752 in
1074 708 1443 767 {administratione
1475 713 1756 753 sacramento·

129 800 218 830 rum
262 785 353 828 aliis
396 788 564 827 utantur
606 781 720 826 libris
764 795 836 837 pro
878 792 996 824 sacra
1031 780 1213 836 liturgia,
1255 781 1332 823 nisi
1372 782 1430 822 eis
1467 781 1537 836 qui
1575 781 1753 823 correcti

128 859 319 914 typisque
352 856 539 911 impressi
574 855 728 897 suerint
766 865 838 909 per
875 851 913 896 S.
938 850 1087 908 Congr.
1122 851 1172 894 de
1209 850 1325 907 Prop.
1360 849 1458 894 Fide
1477 864 1550 906 pro
1578 852 1759 906 negotiis

130 931 280 971 rituum
315 925 575 970 orientalium
610 923 847 968 huiusmodi
892 921 1091 966 librorum
1136 921 1416 965 emendationi
1458 922 1697 978 deputatam
1731 933 1755 965 a

129 999 232 1044 Sede
256 998 399 1054 Aplca.
427 1010 498 1040 seu
533 1009 641 1039 nunc
674 1008 696 1038 a
730 998 769 1039 S.
804 992 952 1050 Congr.
990 1006 1062 1050 pro
1095 992 1287 1036 Ecclesia
1321 990 1540 1037 Orientali.

251 1070 343 1112 166.
379 1069 553 1120 Quoad
577 1068 843 1113 Ecclesiam
866 1066 1068 1111 latinam
1096 1066 1206 1120 viget
1239 1067 1352 1107 iuxta
1378 1065 1591 1120 praeviam
1610 1061 1753 1107 Codici

129 1139 388 1196 disciplinam
421 1151 511 1181 can.
548 1137 656 1180 1257
693 1134 1006 1193 praescribens:
1047 1134 1220 1179 «Unius
1258 1134 1520 1191 Apostolicae
1553 1134 1670 1177 Sedis
1692 1137 1758 1177 est

129 1216 212 1254 tum
248 1222 407 1253 sacram
442 1208 633 1251 ordinare
666 1206 893 1262 liturgiam,
932 1210 1019 1249 tum
1058 1204 1273 1261 liturgicos
1306 1203 1537 1261 approbare
1562 1203 1688 1248 libros
1712 1219 1756 1255 )),

130 1285 168 1325 in
202 1295 283 1339 quo
317 1294 364 1323 ex
399 1280 520 1323 dictis
555 1282 664 1334 patet
685 1277 795 1335 quod
835 1276 1088 1320 «Ecclesiae
1112 1289 1278 1333 quoque
1302 1275 1513 1319 orientalis
1537 1275 1755 1332 disciplina·

131 1354 331 1396 referatur
358 1367 397 1392 J).
432 1376 484 1380 —
519 1349 691 1393 Romani
728 1349 945 1392 Pontifices
986 1360 1085 1391 sane
1119 1349 1158 1389 in
1192 1345 1357 1390 casibus
1396 1345 1661 1403 gravioribus
1695 1359 1759 1389 or-

131 1423 272 1466 dinant
306 1424 367 1464 ius
400 1421 637 1477 liturgicum
671 1419 879 1463 Ecclesiae
914 1418 1064 1462 latinae
1101 1416 1471 1462 Constitutionibus
1503 1417 1656 1473 Aplcis.
1683 1430 1759 1474 per·

130 1496 286 1550 seipsos
317 1494 434 1545 datis,
472 1505 507 1534 v.
528 1505 588 1548 gr.
625 1491 718 1534 Pius
752 1490 822 1533 PP.
860 1489 894 1533 X
928 1488 1130 1533 Rubricas
1163 1488 1365 1532 Breviarii
1391 1501 1438 1532 ac
1461 1487 1635 1531 Missalis
1657 1501 1754 1531 con-

130 1566 339 1607 stitutione
378 1562 570 1606 «Divino
603 1563 743 1605 astlatu
768 1577 787 1602 >³
819 1563 848 1615 ¹,
884 1566 1171 1605 verumtamen
1216 1562 1364 1617 passim
1406 1565 1577 1604 utuntur
1615 1560 1654 1604 S.
1689 1559 1756 1603 Ri-

131 1640 245 1678 tuum
280 1633 442 1690 Congi·⁸.
477 1645 615 1690 opera,
650 1645 755 1689 quae
790 1646 861 1688 pro
894 1645 966 1675 sua
991 1632 1201 1675 ordinaria
1243 1635 1441 1687 potestate
1466 1633 1503 1673 in
1527 1630 1757 1674 Ecclesiam·

132 1706 243 1749 latini
280 1707 379 1748 ritus
413 1718 484 1761 per
517 1704 723 1747 Romanos
757 1703 973 1747 Pontifices
1004 1703 1140 1746 eidem
1174 1702 1336 1756 collata,
1372 1704 1614 1745 universum
1640 1700 1756 1744 litur-

132 1779 268 1834 gicum
305 1778 365 1819 ius
399 1777 474 1818 rite
498 1777 763 1818 constitutum
792 1779 910 1831 urget
936 1776 973 1816 in
1001 1776 1131 1830 praxi,
1158 1776 1454 1829 interpretatur
1477 1777 1529 1828 et,
1552 1776 1760 1830 quatenus

132 1861 234 1904 opus
265 1849 329 1897 sit,
367 1847 501 1904 quoad
546 1846 705 1902 singula
742 1848 997 1902 praescripta
1021 1846 1220 1888 reformat
1252 1849 1290 1888 et
1322 1843 1547 1900 amplificat
1580 1844 1760 1887 servatis

131 1917 358 1962 servandis.

250 1987 307 2031 Ex
343 1987 466 2030 buius
498 1985 660 2043 (longi-⁸.
697 1988 918 2041 responsis,
952 1985 1030 2029 alia
1056 1985 1174 2029 facile
1198 1990 1426 2028 noscuntur
1448 1989 1658 2041 tamquam
1682 1983 1760 2027 De·

133 2064 244 2103 creta
287 2058 509 2115 generalia,
541 2060 692 2100 etenim
726 2060 784 2100 sic
818 2071 1012 2114 expresse
1055 2056 1316 2114 appellantur
1363 2055 1424 2099 vel
1471 2055 1752 2100 inscribuntur

139 2129 302 2174 «Urbis
335 2133 373 2172 et
395 2126 520 2173 Orbis
543 2144 580 2170 ›).
616 2128 719 2182 Alta,
754 2130 787 2171 si
819 2128 1105 2172 consideretur
1137 2129 1324 2183 rescripti
1362 2128 1509 2181 forma,
1541 2130 1636 2170 sunt
1669 2138 1758 2182 par-

133 2199 320 2244 ticularia
353 2213 402 2242 ex
438 2198 598 2242 obiecto
626 2199 687 2242 vel
714 2199 835 2241 modo
860 2198 1164 2255 respondendi3
1202 2198 1328 2241 multa
1355 2211 1453 2241 vero
1479 2196 1761 2254 particular-iar

134 2275 274 2327 utpote
307 2270 355 2313 ad
390 2270 573 2326 singulas
614 2269 820 2313 Ecclesias
856 2270 918 2313 vel
955 2270 1175 2326 religiones
1218 2269 1390 2318 directa,
1432 2273 1526 2312 sunt
1559 2270 1757 2325 aequiva-

133 2341 265 2384 lenter
296 2340 518 2396 generalia,
551 2343 703 2397 quippe
736 2353 842 2398 quae
867 2341 929 2384 vel
966 2342 1346 2397 interpretationem
1372 2339 1563 2383 rubricae
1581 2338 1762 2382 alicuius

134 2410 368 2468 generalem
413 2410 593 2462 tradunt,
641 2410 702 2454 vel
746 2410 1007 2454 observanda
1050 2424 1139 2454 esse
1181 2410 1232 2454 ab
1267 2409 1458 2453 omnibus
1497 2409 1675 2453 edicitur
1706 2418 1776 2452 ex·

135 2482 284 2525 Sacrae
317 2480 480 2537 Cong1··.
511 2481 719 2524 mandato.

251 2549 400 2595 Omnia
446 2564 638 2607 responsa
682 2556 721 2594 et
763 2552 926 2595 decreta
961 2552 998 2595 S.
1034 2551 1079 2596 R.
1113 2550 1292 2608 Congu-⁸„
1336 2563 1442 2609 quae
1487 2563 1594 2593 nunc
1632 2551 1758 2593 etiam

136 2627 223 2679 post
256 2621 447 2665 Codicem
485 2625 637 2678 vigent,
682 2625 944 2679 reperiuntur
984 2625 1130 2679 partim
1167 2625 1204 2666 in
1238 2621 1545 2667 Commentario
1577 2620 1758 2675 officiali,

135 2698 172 2736 et
207 2698 300 2736 ante
334 2692 454 2735 liuius
487 2694 647 2736 initium
681 2693 789 2736 edita
824 2695 862 2736 in
896 2693 1160 2748 Collectione‚
1193 2706 1319 2751 quam
1349 2692 1430 2736 Leo
1467 2691 1559 2736 Xlll
1583 2692 1649 2736 fel.
1675 2704 1761 2736 rec.

136 2776 208 2819 per
251 2762 346 2806 Dec.
392 2763 443 2805 16
479 2762 555 2807 seb.
606 2764 713 2806 1898
755 2779 773 2804 c(
796 2764 925 2820 aplca.
960 2776 1033 2807 sua
1066 2766 1310 2808 auctoritate
1352 2763 1596 2820 approbavit
1630 2767 1759 2820 atque

255 2917 265 2937 ¹
293 2915 382 2950 Kal.
417 2915 647 2950 Novembris
679 2916 781 2960 1911,
819 2916 894 2951 CO.
923 2917 996 2957 III,
1025 2916 1106 2950 633.
