1950 3313
160 184 202 216 12
621 181 706 215 Lm.
735 181 780 214 V.
810 200 822 205 -
850 180 959 215 PARS
988 180 1019 214 I.
1047 200 1060 205 -
1086 180 1144 215 De
1168 180 1319 215 delictis
1574 178 1663 214 Can.
1691 179 1784 214 2198

158 300 323 345 claratis
351 300 500 357 puniri
530 304 666 355 polest
699 303 1002 355 cousequenter
1034 298 1082 341 ad
1119 298 1222 342 duas
1254 301 1423 342 canonis
1452 300 1611 354 priores
1634 302 1782 354 partes.

158 371 374 426 Quomodo
408 375 544 413 autem
581 372 619 411 in
653 369 716 412 bis
747 369 912 412 casibus
944 382 988 412 se
1020 382 1167 425 gerere
1201 368 1350 412 debeat
1388 384 1407 410 ((
1432 369 1555 412 iudex
1579 383 1601 408 ))
1641 370 1679 410 in
1714 367 1785 411 Ec-

156 444 294 493 clesia,
329 440 583 496 praescribet
614 452 745 483 canon
781 439 909 493 2223,
945 441 970 491 ἓ
1004 440 1042 495 3,
1078 439 1136 495 ⁶2⁰,
1172 439 1229 482 3⁰.

273 512 410 555 Canon
446 513 520 553 iste
552 512 746 566 supponit
787 510 901 554 salva
948 512 1149 567 principia
1184 512 1286 553 iuris
1320 510 1474 566 publici
1513 510 1782 554 ecclesiastici

157 581 290 639 quoad
328 581 546 623 relationes
579 579 790 623 Ecclesiae
823 589 921 636 erga
955 581 1173 623 societates
1204 584 1291 623 tum
1316 579 1557 631 catholicas,
1581 584 1666 622 tum
1691 591 1782 623 aca-

157 652 340 703 tbolicas,
374 651 444 693 sed
477 663 584 707 quae
619 652 938 693 conventionem
984 649 1136 694 habent
1181 663 1274 694 cum
1315 650 1420 693 Sede
1454 650 1689 706 Apostolica
1727 652 1785 692 vi-

156 726 336 779 gentem,
374 726 459 764 tum
495 721 687 778 reliquas.
723 720 808 764 lmo
833 723 871 763 in
898 723 1015 777 praxi
1038 725 1133 764 sunt
1157 733 1254 777 prae
1286 720 1417 764 oculis
1450 720 1664 765 habendae
1697 726 1782 763 tum

157 794 369 836 doctrinae
391 791 442 835 ab
466 791 720 835 Auctoribus
744 791 853 835 illius
877 793 977 834 iuris
999 792 1189 842 traditae,
1214 796 1299 834 tum
1327 791 1438 848 leges
1470 791 1616 835 civiles
1649 793 1783 835 unius·

155 866 356 920 cuiusque
388 865 611 917 societatis,
646 875 752 920 quae
795 862 846 905 ad
891 875 980 905 rem
1018 863 1183 917 faciant,
1217 866 1302 905 tum
1337 875 1384 905 ea
1417 875 1524 920 quae
1563 862 1781 919 prudentia

158 947 228 989 pro
260 946 431 977 casuum
465 933 707 976 diversitate
741 933 883 976 dictat.

814 1122 1048 1160 TITULUS
1081 1122 1130 1159 ΙΙ.

216 1218 280 1260 De
313 1217 684 1271 imputabilitatc
717 1216 895 1270 delicti,
921 1216 978 1259 de
1011 1216 1165 1259 causis
1198 1215 1329 1258 illam
1360 1215 1726 1267 aggravantibus

303 1287 377 1330 vel
410 1287 736 1329 minuent-ibus
766 1289 815 1329 et
848 1287 904 1329 de
937 1286 1152 1329 iuridicis
1184 1285 1345 1329 delicti
1382 1284 1644 1328 effectibus.

204 1416 288 1452 CAN.
306 1414 710 1461 2199.-lmputabilitas
724 1414 838 1450 delicti
858 1425 938 1460 pen-

155 1464 212 1499 det
233 1474 272 1498 ex
300 1463 376 1498 dolo
395 1462 633 1508 delinquentis
653 1462 703 1497 vel
722 1473 762 1497 ex
780 1461 936 1497 eiusdem

156 1512 256 1556 culpa
284 1511 318 1544 in
357 1509 555 1555 ignorantia
584 1510 666 1554 legis
701 1509 848 1544 violatae
877 1513 937 1543 aut

158 1559 193 1592 in
221 1557 408 1593 omissione
425 1557 561 1592 debitae
582 1556 805 1602 diligentiae;
832 1566 939 1601 quare

156 1616 278 1641 omnes
305 1615 428 1639 causae
455 1615 544 1649 quae
579 1608 720 1648 augent,
754 1604 935 1644 minuunt,

156 1653 284 1687 tollunt
310 1652 426 1687 dolum
453 1657 513 1686 aut
540 1653 693 1696 culpam,
723 1661 762 1686 co
788 1651 862 1696 ipso
880 1661 939 1685 au—

155 1704 250 1744 gent,
281 1699 459 1738 minuunt,
485 1698 612 1734 tollunt
638 1698 753 1733 delicti
787 1698 936 1743 imputa-

157 1747 341 1782 bilitatem.

203 1793 287 1829 CAN.
309 1792 413 1828 2:200.

157 1841 301 1876 liberata
328 1840 488 1876 voluntas
519 1839 670 1875 violandi
691 1840 814 1883 legem,
835 1840 936 1886 eique

157 1888 343 1934 opponitur
369 1899 408 1922 ex
436 1892 532 1934 parte
558 1887 756 1922 intellectus
780 1886 935 1922 defectus

155 1935 364 1978 cognitionis
390 1940 423 1970 et
447 1947 487 1970 ex
509 1939 603 1981 parte
628 1934 818 1969 voluntatis
843 1935 934 1970 dese-

156 1988 231 2018 cstu
258 1982 439 2017 libertatis

442 1814 458 1819 —
487 1798 506 1836 ς
536 1793 566 1827 l.
598 1792 702 1827 Dolus
721 1792 796 1827 heic
814 1796 864 1827 est
882 1793 936 1828 de-

203 2034 221 2075 ξ
247 2030 279 2063 ἦ).
312 2029 424 2064 Posita
449 2033 591 2064 externa
623 2028 707 2073 legis
734 2028 932 2069 violatione,

156 2077 255 2112 dolus
281 2077 316 2110 in
346 2077 418 2111 foro
445 2081 585 2111 externo
613 2076 860 2120 praesumitur,
877 2076 935 2110 do-

156 2135 220 2159 nec
246 2125 459 2158 contrarium
489 2123 663 2168 probetur.

203 2170 288 2206 CAN.
318 2170 423 2204 2201.
454 2191 470 2195 -
500 2174 519 2212 ξ
542 2170 570 2204 l.
593 2168 714 2204 Delicti
742 2173 825 2203 sunt
843 2168 936 2204 inca-

158 2228 257 2263 paces
283 2217 341 2263 qui
369 2222 446 2252 actu
473 2221 592 2252 carent
618 2228 683 2251 usu
711 2216 868 2251 rationis.

204 2268 222 2310 ς’
249 2265 282 2299 ’2.
304 2263 535 2299 Habitualiter
547 2268 716 2303 amentes,
736 2263 814 2298 licet
828 2274 935 2308 quan-

156 2312 270 2357 doque
297 2311 412 2346 lncida
438 2311 621 2346 intervalla
639 2310 802 2350 habeant,
829 2310 880 2345 vel
898 2310 932 2343 in

156 2359 258 2394 certis
285 2358 495 2404 quibusdam
527 2357 852 2393 ratiocinationibus
883 2357 933 2392 vel

156 2406 291 2440 actibus
323 2408 398 2440 sani
434 2405 629 2449 videantur,
666 2404 780 2440 delicti
816 2409 934 2439 tamen

158 2453 339 2498 incapaces
367 2457 648 2504 praesumuntur.

203 2504 222 2541 ξ
250 2499 281 2533 3.
314 2499 507 2536 Delictum
501 2510 536 2533 in
555 2499 720 2534 ebrietate
738 2492 935 2533 voluntarla

157 2547 381 2582 commissum
408 2547 526 2592 aliqua
558 2545 828 2591 imputabilitatc
863 2552 931 2576 110ss

159 2599 266 2632 vacat
293 2595 350 2628 sed
371 2605 411 2629 ea
426 2604 539 2627 minor
553 2598 603 2627 est
618 2604 723 2638 quam
742 2604 821 2627 cuin
842 2591 933 2626 idem

157 2641 321 2676 delictum
337 2641 566 2675 committitur
580 2641 623 2675 ab
638 2651 676 2675 co
690 2640 747 2692 qui
764 2639 817 2674 sui
834 2639 935 2684 plene

156 2699 297 2733 compos
324 2688 377 2728 sit,
406 2687 471 2721 nisi
499 2692 616 2722 tamen
651 2687 799 2722 ebrietas
829 2695 933 2731 appo-

158 2735 221 2770 site
246 2735 287 2769 ad
315 2735 479 2769 delictum
519 2735 727 2778 patrandum
756 2734 806 2768 vel
834 2744 932 2768 excu-

158 2782 305 2816 sandum
326 2782 481 2827 quaesita
499 2782 564 2822 sit;
584 2781 709 2815 violata
726 2785 841 2815 aulem
862 2781 934 2824 lege

160 2829 192 2862 in
213 2829 377 2863 ebrietate
405 2828 650 2870 involuntaria,
682 2828 934 2873 imputabilitas

158 2876 290 2910 exsulat
315 2876 470 2915 omnino,
497 2875 523 2909 si
543 2875 691 2910 ebrietas
712 2886 811 2909 usum
832 2875 932 2909 ratio-

160 2923 214 2957 nis
248 2923 379 2957 adimat
413 2933 452 2957 ex
491 2927 582 2964 tot0;
618 2922 798 2963 minuitur,
833 2921 859 2955 si
895 2932 934 2957 ex

1011 1417 1106 1459 parte
1131 1417 1282 1448 tantum.
1312 1413 1403 1448 ldem
1432 1413 1567 1448 dicatur
1593 1413 1635 1448 de
1652 1413 1730 1448 aliis
1747 1425 1762 1447 s

1010 1460 1152 1495 milibus
1179 1460 1307 1496 mentis
1334 1460 1663 1506 perturbationibus.

1057 1511 1076 1550 ξ
1102 1506 1134 1542 4.
1166 1507 1331 1543 Debilitas
1359 1509 1485 1543 mentis
1502 1508 1617 1543 delicti
1636 1508 1785 1553 imputa-

1010 1555 1177 1590 bilitatem
1207 1555 1346 1594 minuit,
1364 1556 1421 1590 sed
1437 1566 1507 1590 non
1523 1555 1613 1589 tollit
1630 1555 1786 1590 omnino.

1057 1600 1140 1637 CAN.
1162 1601 1268 1637 2202.
1292 1621 1308 1628 -
1329 1605 1348 1643 ἓ
1373 1603 1399 1636 Ι.
1421 1602 1567 1637 Violatio
1587 1602 1671 1647 legis
1689 1602 1785 1647 igno—

1007 1654 1102 1684 ratae
1118 1649 1318 1685 nullatenus
1334 1650 1537 1695 imputatur,
1548 1649 1574 1684 si
1589 1649 1786 1694 ignorantia

1009 1696 1112 1731 suerit
1138 1696 1386 1742 inculpabilis,
1416 1708 1514 1732 secus
1534 1696 1786 1742 imputabilitas

1009 1743 1180 1778 minuitur
1205 1743 1285 1790 plus
1312 1743 1472 1779 minusve
1491 1755 1550 1790 pro
1569 1744 1787 1788 ignorantiae

1009 1790 1119 1835 ipsius
1143 1790 1393 1836 culpabilitate.

1055 1841 1073 1879 ξ
1100 1837 1133 1872 2.
1164 1837 1363 1883 lgnorantia
1386 1837 1493 1872 solius
1522 1848 1650 1883 poenae
1676 1837 1787 1882 impu-

1007 1885 1214 1920 tabilitatem
1242 1884 1358 1920 delicti
1396 1896 1465 1919 non
1499 1885 1600 1926 tollit,
1638 1885 1696 1920 sed
1723 1885 1785 1920 ali-

1007 1937 1179 1977 quantum
1216 1932 1357 1967 minuit.

1055 1983 1073 2021 §
1101 1978 1132 2014 3.
1164 1978 1260 2023 Quae
1286 1980 1327 2015 de
1346 1979 1543 2024 ignorantia
1570 1983 1784 2020 statuuntur,

1008 2027 1122 2062 valent
1148 2037 1283 2072 quoque
1316 2026 1358 2061 de
1393 2026 1645 2061 inadvertentia
1676 2030 1708 2060 et
1733 2036 1785 2060 er-

1007 2084 1095 2109 rore.

1053 2120 1139 2156 CAN.
1168 2119 1272 2154 awa.
1304 2141 1320 2145 -
1349 2124 1367 2161 ξ
1391 2119 1419 2154 l.
1442 2119 1477 2154 Si
1493 2120 1571 2165 quis
1586 2119 1693 2163 legem
1714 2119 1784 2154 vio-

1007 2167 1128 2202 laverit
1145 2178 1183 2202 ex
1203 2167 1390 2202 omissione
1415 2167 1551 2202 debitae
1568 2166 1780 2211 diligentiae,

1006 2214 1260 2260 imputabilitas
1288 2213 1459 2248 minuitur
1478 2225 1539 2259 pro
1556 2214 1657 2248 modo
1674 2225 1694 2248 a,
1710 2225 1786 2259 pru—

1006 2261 1101 2296 denti
1117 2261 1229 2296 iudice
1247 2271 1286 2296 ex
1305 2261 1479 2296 adiunctis
1493 2261 1783 2302 determinando;

1006 2309 1097 2353 quod
1124 2308 1150 2342 si
1179 2319 1250 2343 rem
1288 2308 1509 2354 praeviderit,
1546 2312 1579 2343 et
1606 2307 1783 2342 nibilomi-

1007 2366 1074 2390 nus
1099 2356 1278 2390 cautiones
1303 2355 1345 2390 ad
1372 2365 1448 2390 eam
1475 2355 1675 2390 evitandam
1702 2354 1785 2389 omi-

1005 2403 1099 2443 serit,
1126 2414 1212 2448 quas
1238 2402 1387 2446 diligens
1412 2402 1527 2447 quivis
1552 2401 1780 2443 adhibuisset,

1007 2449 1108 2495 culpa
1134 2454 1185 2485 est
1205 2449 1360 2495 proxima
1385 2449 1474 2484 dolo.

1053 2500 1072 2538 g
1099 2496 1132 2531 2.
1162 2496 1271 2532 Casus
1306 2497 1468 2532 fortuitus
1500 2496 1557 2541 qui
1592 2496 1780 2541 praevideri

1006 2543 1058 2578 vel
1085 2543 1138 2578 cui
1168 2544 1323 2589 praeviso
1348 2543 1478 2578 occurri
1507 2543 1642 2588 nequit,
1662 2555 1682 2578 a
1699 2554 1782 2588 qua-

1006 2590 1090 2625 libet
1116 2590 1386 2636 imputabilitatc
1411 2591 1543 2626 eximit.

1053 2636 1138 2673 CAN.
1167 2637 1272 2674 2204.
1296 2659 1312 2663 —
1335 2637 1449 2672 Minor
1478 2643 1582 2677 aetas,
1605 2637 1668 2671 nisi
1689 2636 1782 2672 aliud

1005 2689 1150 2726 constet,
1176 2684 1304 2720 minuit
1329 2685 1444 2720 delicti
1473 2684 1781 2730 imputabilitatem

1004 2742 1113 2777 eoque
1141 2732 1250 2777 magis
1280 2743 1347 2778 quo
1372 2733 1414 2767 ad
1436 2732 1622 2767 infantiam
1643 2731 1782 2777 propius

1005 2779 1149 2814 accedit

1053 2825 1137 2861 CAN.
1166 2824 1270 2860 2905.
1302 2830 1365 2868 -ξ
1396 2826 1424 2859 l
1451 2825 1507 2860 Vis
1535 2825 1677 2872 physica
1694 2834 1781 2869 quae

1007 2884 1147 2908 omnem
1173 2873 1297 2908 adimit
1321 2872 1446 2917 agendi
1467 2873 1676 2912 facultatem,
1699 2870 1781 2906 deli-

1006 2925 1099 2955 ctum
1129 2931 1266 2966 prorsus
1291 2920 1452 2955 exiludit.
