1950 3313
165 161 210 195 66
628 159 713 192 Lus.
742 159 788 192 V.

164 291 240 324 gem
269 279 319 314 vel
356 289 500 330 poenam
529 281 679 317 tantum,
713 277 798 312 haec
823 277 941 312 statim

164 331 286 366 cessat,
309 325 375 360 nisi
395 329 518 369 agatur
535 325 576 359 de
594 323 752 359 censuris
771 324 840 359 iam
858 335 941 359 con·

164 374 292 408 tractis.

211 424 230 462 ξ
257 418 287 454 4.
317 419 428 453 Poena
466 428 564 452 reum
599 417 729 463 ubique
767 422 938 453 terrarum

163 471 269 507 tenet,
298 466 402 501 etiam
441 465 590 499 resoluto
620 465 694 500 iure
728 463 937 511 Superioris,

163 514 229 548 nisi
257 513 353 548 aliud
380 522 542 557 expresse
571 516 747 547 caveatur.

210 560 293 595 CAN.
324 557 427 593 2227.
456 579 473 583 -
501 563 520 601 ξ
550 559 580 593 l.
611 559 724 594 Poena
749 559 892 594 nonnisi
919 571 940 595 a

164 607 318 642 Romano
344 605 510 641 Pontifice
540 605 651 651 infligi
681 610 741 642 aut
770 606 938 642 declarari

165 658 272 700 potest
299 654 335 688 in
362 664 419 688 eos
444 653 486 688 de
512 653 640 699 quibus
667 654 701 688 in
721 664 801 689 can.
834 653 934 696 1557,

209 752 228 790 g
246 747 278 782 2.
298 747 368 782 Ν151
389 758 548 793 expresse
567 748 808 789 nominentur,
837 747 873 783 S.
895 747 935 783 R.

163 794 196 829 E.
236 793 440 830 Cardinales
478 795 542 829 sub
580 794 653 840 lege
693 796 827 840 poenali
868 806 938 831 non

160 841 519 888 comprehenduntur,
563 853 627 877 nec
674 842 830 888 Episcopi
873 842 938 878 sub

164 889 282 935 poenis
309 889 398 924 latae
424 889 619 925 sententiae
644 889 885 935 suspensionis
907 894 940 925 et

163 936 349 972 interdicti.

208 983 293 1019 CAN.
323 983 426 1018 2228.
459 983 574 1018 Poena
608 983 681 1028 lege
707 987 837 1018 statuta
868 994 938 1019 non

162 1030 365 1071 incurritur,
395 1031 461 1065 nisi
489 1030 653 1065 delictum
687 1030 788 1066 suerit
814 1030 850 1064 in
878 1042 940 1066 suo

160 1089 285 1123 genere
313 1077 501 1123 perfectum
528 1078 721 1112 secundum
755 1078 940 1124 proprieta-

161 1132 228 1161 tem
257 1125 441 1160 verborum
468 1125 564 1169 legis.

208 1171 290 1207 Cis.
310 1171 401 1207 2229
439 1193 455 1197 -
477 1176 495 1214 ξ
517 1171 548 1206 1.
566 1172 592 1206 A
616 1171 721 1206 nullis
749 1171 839 1207 latae
865 1183 941 1207 sen-

160 1220 290 1255 tentiae
318 1219 437 1265 poeuis
464 1219 663 1264 ignorantia
679 1219 843 1254 affectata
868 1220 940 1255 sive

161 1267 246 1312 legis
272 1267 343 1302 six-e
381 1266 488 1302 solius
516 1277 645 1312 poenae
682 1271 834 1308 excusat,
861 1266 940 1302 licet

161 1314 210 1349 lex
253 1314 356 1349 verba
393 1315 434 1349 de
472 1313 599 1359 quibus
638 1314 673 1348 in
709 1317 728 1355 ξ
766 1315 786 1347 2
829 1315 940 1349 conti-

160 1366 253 1397 neat.

208 1409 273 1450 §2
277 1407 346 1443 .Si
375 1407 427 1443 lex
455 1407 580 1443 babeat
614 1408 739 1443 verba:
763 1419 938 1455 praesum-

157 1455 274 1501 pseiit
302 1466 406 1490 ausus
444 1455 559 1501 suevit,
587 1454 738 1496 scienter,
776 1455 936 1497 studiose,

161 1503 343 1544 temerarie,
371 1502 519 1537 consulto
545 1501 646 1555 eqeril
671 1503 783 1538 aliave
809 1502 939 1538 similia

160 1561 249 1602 quae
276 1550 415 1602 plenam
443 1550 677 1594 cognitionem
703 1561 744 1585 ac
769 1550 939 1585 delibera-

159 1598 290 1632 tionem
325 1597 481 1649 exigunt,
510 1596 685 1649 quaelibet
724 1597 938 1643 imputabili-

160 1645 241 1679 tatis
267 1644 470 1678 imminutio
508 1644 579 1679 sive
605 1655 644 1679 ex
678 1649 774 1690 parte
805 1645 938 1680 intelle-

160 1697 235 1726 ctus
261 1692 333 1726 sive
358 1702 397 1726 ex
426 1696 521 1737 parte
557 1691 745 1726 voluntatis
771 1692 893 1727 eximit
918 1703 939 1727 a

163 1739 281 1784 poenis
309 1738 397 1774 latae
423 1739 632 1773 sententiae.

207 1790 227 1828 ξ
254 1785 286 1820 3.
317 1785 351 1821 Si
380 1785 432 1820 lex
459 1785 564 1820 verba
602 1785 661 1820 illa
688 1796 757 1821 non
789 1786 938 1826 babeat:

235 1833 285 1867 l.0
304 1832 505 1877 ignorantia
532 1832 616 1877 legis
630 1837 690 1868 aut
707 1833 812 1867 etiam
831 1833 938 1868 solius

164 1891 305 1926 poenae,
335 1881 361 1914 si
392 1881 493 1914 fuerit
519 1891 635 1915 crassa
670 1880 721 1915 vel
749 1880 890 1926 supina,
918 1892 938 1916 a

160 1927 258 1962 nulla
296 1938 406 1973 poena
433 1927 522 1962 latae
559 1927 753 1963 sententiae
790 1928 934 1965 eximit:

160 1975 186 2009 si
215 1985 284 2010 non
308 1975 408 2009 fuerit
426 1985 541 2009 crassa
560 1974 610 2009 vel
637 1975 778 2020 supina,
798 1980 939 2010 excusat

159 2033 178 2057 a
206 2021 486 2061 medicinalibus,
517 2032 585 2056 non
613 2026 729 2056 autem
749 2033 769 2057 a
788 2022 939 2058 vindica·

160 2069 240 2103 tivis
267 2068 356 2103 latae
381 2069 575 2103 sententiae
604 2070 745 2114 poenis3

230 2116 280 2151 2.0
297 2115 461 2155 Ebrietas,
477 2116 618 2150 omissio
633 2116 768 2151 debitae
794 2117 939 2161 diligen-

159 2163 239 2206 tiae,
270 2163 400 2197 mentis
425 2162 599 2205 debilitas,
628 2163 778 2207 impetus
806 2164 936 2209 passio-

162 2210 224 2250 nis,
246 2210 286 2245 si.
309 2221 377 2244 non
398 2210 557 2245 obstante
577 2210 858 2256 imputabilitatis
884 2211 937 2245 de-

162 2257 367 2297 minutione,
394 2257 484 2291 actio
503 2258 547 2291 sit
564 2257 679 2292 adhuc
697 2257 848 2302 graviter
866 2257 937 2292 cul-

163 2304 310 2350 pabilis‚‘
328 2315 347 2338 a
375 2304 494 2350 poenis
533 2304 620 2339 latae
646 2305 839 2340 sententiae
867 2316 935 2340 non

160 2356 327 2386 excusant
346 2362 353 2394 3

232 2398 284 2432 3.⁰
310 2397 419 2432 Metus
437 2397 565 2442 gravis,
586 2397 612 2431 si
633 2398 797 2433 delictum
821 2404 938 2443 vergat

162 2445 196 2479 in
224 2450 464 2490 contemptum
494 2445 569 2480 fidei
597 2450 657 2479 aut
683 2446 937 2481 ecclesiasticae

160 2492 376 2527 auctoritatis
403 2492 453 2527 vel
474 2492 508 2526 in
532 2492 708 2537 publicum
736 2492 936 2528 animarum

161 2540 344 2580 damnum,
362 2550 381 2574 a
402 2540 520 2584 poeuis
540 2539 628 2574 latae
646 2540 840 2575 sententiae
860 2540 936 2575 nul·

162 2587 299 2621 latenus
324 2587 456 2621 eximit.

209 2637 228 2675 ξ
255 2633 286 2667 4.
318 2632 409 2668 Licet
445 2644 522 2668 reus
554 2633 711 2668 censuris
738 2634 826 2669 latae
863 2644 940 2669 sen-

163 2681 290 2716 tentiae
315 2681 357 2714 ad
387 2691 544 2714 normam
571 2683 590 2726 g·
617 2681 650 2721 3,
680 2692 714 2714 n.
750 2683 759 2714 l
793 2692 861 2716 non
890 2686 937 2716 te-

164 2732 297 2768 neatur,
328 2728 359 2761 id
388 2733 505 2762 tamen
534 2738 603 2762 nou
636 2728 781 2773 impedit
807 2728 940 2773 quomi-

163 2787 241 2818 nus,
271 2775 296 2809 si
326 2785 378 2809 res
406 2775 503 2814 ferat,
543 2785 696 2819 congrua
732 2775 802 2810 alia
829 2786 938 2821 poena

163 2822 213 2857 vcl
243 2821 453 2867 poenitentia
479 2821 566 2856 allici
595 2826 710 2867 queat.

818 178 830 184 -
858 158 969 193 PARS
995 158 1045 194 II.

1075 179 1087 184 -
1113 159 1170 194 De
1189 162 1328 204 poenis

1062 276 1147 313 CAN.
1176 276 1280 313 22311.
1312 299 1329 303 -
1360 277 1558 324 lmpuberes
1583 284 1794 315 excusantur

1013 335 1035 359 a
1054 324 1175 371 poenis
1202 325 1293 360 latae
1319 326 1527 365 sententiae
1547 330 1581 361 et
1600 326 1713 371 potius
1731 338 1791 380 pu-

1013 372 1212 407 nitionibus
1248 373 1452 412 educativis,
1490 384 1595 418 quam
1633 373 1793 408 censuris

1012 419 1134 454 aliisve
1160 419 1278 464 poenis
1316 419 1534 464 gravioribus
1570 420 1793 455 vindicativis

1013 466 1256 511 corrigantur;
1284 467 1429 512 puberes
1462 478 1542 502 vero
1574 467 1632 512 qui
1665 478 1723 503 eos
1747 468 1792 503 ad

1013 513 1124 558 legem
1164 513 1363 549 violandam
1403 514 1607 549 induxerint
1633 514 1685 550 vel
1711 525 1791 550 cum

1012 560 1112 596 eisin
1131 560 1297 596 delictum
1312 561 1553 596 concurrerint
1569 562 1612 596 ad
1632 572 1792 597 normam

1013 619 1090 643 can.
1121 606 1224 649 22119,
1239 612 1280 650 ἐξ
1298 607 1367 651 153,
1386 608 1452 654 ipsi
1472 608 1614 654 quidem
1644 619 1790 654 poenam

1013 655 1086 700 lege
1111 659 1278 690 statutam
1305 655 1505 690 incurrunt.

1060 701 1145 738 cm.
1175 701 1282 736 2231.
1313 723 1330 728 -
1359 701 1394 737 Si
1415 702 1531 748 plures
1555 703 1597 737 ad
1625 703 1791 738 delictum

1014 749 1285 795 perpetrandum
1312 750 1566 790 concurrerint,
1595 750 1675 786 licet
1701 761 1793 785 unus

1012 801 1150 831 tantum
1189 797 1224 830 in
1257 796 1331 841 lege
1364 797 1577 837 nominetur,
1604 797 1626 831 ii
1655 808 1793 843 quoque

1013 843 1054 878 de
1079 843 1208 889 quibus
1234 843 1270 878 in
1292 855 1371 879 can.
1388 843 1493 885 22119,
1511 848 1552 886 §5
1576 844 1646 886 1-3‚
1674 849 1792 880 tenen-

1012 894 1081 925 tur.
1112 890 1177 924 nisi
1198 891 1250 925 lex
1265 890 1361 926 aliud
1388 902 1548 937 expresse
1574 892 1714 933 caverit,
1740 903 1793 927 ea-

1012 926 1092 972 dem
1121 948 1254 983 poena;
1282 938 1384 973 ceteri
1403 949 1483 974 vero
1510 949 1579 973 non
1609 939 1704 980 item,
1733 939 1791 974 sed

1012 984 1082 1019 alia
1108 984 1199 1019 iusta
1228 995 1337 1030 poena
1365 996 1425 1031 pro
1451 985 1612 1038 prudenti
1635 986 1794 1032 Superio-

1012 1031 1062 1066 ris
1086 1031 1230 1066 arbitrio
1256 1032 1425 1077 puniendi
1445 1037 1537 1073 sunt,
1564 1033 1632 1067 nisi
1660 1033 1712 1068 lex
1740 1044 1793 1079 pe-

1012 1079 1180 1114 culiarem
1222 1089 1369 1124 poenam
1405 1079 1440 1113 in
1469 1080 1561 1125 ipsos
1592 1080 1792 1115 constituat.

1061 1125 1145 1161 CAN.
1176 1124 1280 1160 2232.
1312 1147 1329 1151 -
1358 1130 1377 1168 ,S
1408 1127 1436 1160 1.
1460 1126 1573 1161 Poena
1599 1127 1689 1162 latae
1714 1137 1792 1162 sen-

1013 1173 1156 1215 tentiae,
1186 1174 1258 1208 sive
1290 1173 1512 1208 medicinalis
1538 1173 1610 1209 sive
1638 1174 1792 1210 vindica—

1013 1221 1097 1261 tiva,
1125 1220 1396 1266 delinquentem,
1423 1221 1481 1266 qui
1513 1221 1627 1256 delicti
1655 1221 1721 1257 sibi
1748 1222 1794 1256 sit

1013 1268 1186 1308 consciuS,
1217 1268 1291 1314 ipso
1319 1268 1408 1303 facto
1427 1269 1462 1302 in
1483 1272 1628 1313 utroque
1648 1269 1718 1304 soro
1743 1273 1792 1304 te-

1013 1320 1097 1358 net;
1128 1320 1210 1350 ante
1247 1315 1457 1350 sententiam
1490 1320 1607 1350 tamen
1638 1315 1790 1351 declara-

1015 1362 1137 1397 toriam
1164 1373 1183 1397 a
1203 1373 1314 1408 poena
1339 1363 1557 1398 observanda
1582 1363 1794 1408 delinquens

1013 1414 1196 1445 excusatur
1222 1409 1357 1455 quoties
1383 1420 1459 1445 eam
1479 1420 1616 1445 servare
1641 1410 1717 1445 sine
1743 1411 1792 1444 in-

1014 1457 1121 1492 famia
1149 1457 1281 1502 nequit,
1307 1457 1391 1492 etin
1421 1457 1491 1492 foro
1517 1461 1659 1493 externo
1684 1457 1728 1492 ab
1754 1468 1794 1492 eo

1012 1504 1167 1540 eiusdem
1208 1515 1339 1549 poenae
1368 1504 1626 1539 observantiam
1657 1505 1794 1548 exigere

1012 1562 1116 1586 nemo
1136 1555 1257 1596 potest,
1278 1551 1345 1585 nisi
1362 1551 1528 1587 delictum
1547 1551 1592 1586 sit
1606 1552 1791 1593 notorium,

1013 1598 1113 1633 firmo
1142 1599 1352 1644 praescripto
1379 1609 1456 1634 can.
1486 1597 1590 1639 2223,
1620 1604 1639 1641 ς
1665 1597 1697 1633 4.

1060 1650 1079 1688 ξ
1105 1645 1137 1680 2.
1168 1644 1350 1681 Sententia
1387 1645 1614 1681 declaratoria
1646 1656 1792 1690 poenam

1012 1693 1054 1728 ad
1083 1698 1300 1728 momentum
1339 1693 1514 1728 commissi
1543 1693 1658 1728 delicti
1686 1697 1791 1728 retro·
1826 1713 1828 1715 -

1012 1740 1131 1775 trahit.

1060 1786 1143 1823 Cn.
1170 1785 1275 1821 2233.
1307 1808 1323 1812 -
1352 1788 1371 1833 g
1401 1787 1430 1821 1.
1461 1785 1562 1822 Nulla
1603 1797 1712 1833 poena
1743 1786 1791 1820 in-

1013 1834 1083 1878 fligi
1112 1838 1235 1879 potest,
1265 1833 1331 1868 nisi
1352 1839 1444 1869 certo
1466 1839 1600 1869 constet
1625 1834 1791 1869 delictum

1011 1881 1240 1916 commissum
1270 1881 1376 1916 fuisse
1394 1886 1427 1917 et
1446 1892 1514 1916 non
1541 1892 1615 1917 esse
1635 1881 1790 1926 legitime

1013 1929 1277 1975 praescriptum.

1059 1979 1078 2018 ξ
1104 1975 1136 2010 2.
1165 1975 1256 2011 Licet
1282 1975 1316 2010 id
1347 1975 1501 2020 legitime
1531 1979 1674 2014 constet
1705 1975 1732 2009 si
1759 1985 1790 2009 a.-

1011 2028 1112 2068 gatur
1137 2022 1180 2057 de
1206 2022 1399 2067 infligenda
1437 2033 1595 2065 censura.
1634 2033 1714 2057 reus
1739 2033 1790 2057 re-

1011 2070 1249 2116 prehendatur
1274 2080 1314 2104 ac
1341 2074 1525 2104 moneatur
1551 2073 1587 2104 111
1617 2080 1636 2103 a
1669 2073 1789 2104 contu—

1011 2128 1122 2152 macla
1154 2117 1292 2152 recedat
1316 2117 1359 2151 ad
1392 2127 1550 2151 normam
1583 2113 1791 2157 61111.2242,

1012 2168 1031 2206 ἓ
1056 2164 1090 2199 3
1118 2164 1211 2207 dato,
1240 2164 1267 2198 si
1296 2163 1456 2209 prudenti
1484 2163 1638 2198 eiusdem
1665 2162 1791 2197 iudicis

1011 2211 1062 2246 vel
1091 2191 1286 2256 Superioris
1323 2210 1467 2245 arbitrio
1505 2221 1605 2245 casus
1631 2210 1664 2244 id
1695 2211 1789 2251 serat,

1011 2269 1165 2302 congruo
1206 2258 1248 2292 ad
1292 2257 1568 2303 resipiscentiam
1611 2261 1788 2301 tempore;

1010 2305 1229 2340 contumacia
1259 2305 1475 2350 persistente,
1503 2315 1650 2339 censura
1676 2303 1788 2348 iutligi

1035 2356 1132 2387 otest.

1012 2364 1032 2398 p
1059 2399 1142 2434 CAN.
1173 2396 1277 2433 2237.
1297 2419 1315 2423 -
1331 2397 1399 2442 Qui
1433 2398 1532 2444 plura
1551 2397 1676 2433 delicta
1702 2408 1791 2433 com-

1012 2446 1120 2488 misit,
1148 2456 1219 2480 non
1255 2446 1356 2489 modo
1393 2446 1534 2490 gravius
1573 2444 1703 2491 puniri,
1731 2445 1789 2480 sed

1011 2493 1053 2534 si,
1083 2493 1244 2539 prudenti
1272 2492 1397 2527 iudicis
1423 2492 1579 2531 arbitrio,
1609 2503 1662 2527 res
1688 2492 1721 2526 id
1745 2492 1789 2527 fe-

1011 2545 1076 2581 rat,
1105 2540 1228 2574 subiici
1257 2540 1361 2575 etiam
1389 2539 1489 2574 dehet
1508 2539 1710 2584 vigilantiae
1737 2539 1788 2574 vel

1011 2587 1068 2622 alii
1097 2586 1250 2622 remedio
1277 2586 1426 2632 poenali.

1060 2633 1142 2669 CAN.
1181 2632 1284 2669 2235.
1317 2655 1334 2659 -
1377 2633 1547 2669 Delictum
1583 2633 1788 2667 frustratum

1010 2686 1070 2716 aut
1096 2686 1240 2716 conatus
1278 2680 1407 2723 delicti,
1434 2681 1500 2715 nisi
1541 2685 1710 2725 tanquam
1737 2679 1788 2713 di-

1011 2728 1139 2763 stincta
1165 2728 1290 2763 delicta
1314 2728 1386 2771 lege
1414 2728 1620 2773 plectantur,
1645 2731 1787 2772 possunt

1011 2786 1164 2820 congrua
1203 2785 1312 2820 poena
1352 2786 1410 2820 pro
1448 2775 1616 2819 gravitate
1655 2773 1785 2819 puniri,

1011 2822 1105 2856 salvo
1133 2822 1343 2868 praescripto
1369 2832 1447 2857 can.
1477 2820 1580 2861 2213,
1612 2824 1631 2862 ξ
1658 2821 1689 2854 3.
