1950 3313
77 175 172 212 Can.
197 176 401 212 2312-2313
482 176 567 214 Trr.
591 176 638 212 X.
665 197 677 202 —
704 178 760 213 De
787 180 964 215 remediis
987 184 1214 226 poenalibus·
1239 188 1305 220 etc.
1631 189 1696 220 15³5

79 298 158 340 sint
194 296 270 340 liae
304 296 576 348 minuendae3
611 301 789 340 attamen
821 300 1010 355 pens-alis
1043 304 1163 345 etiam
1200 304 1475 360 qmilitatilms
1505 320 1701 363 pers-‹ma-

80 380 171 409 rum
205 372 244 409 el
276 366 525 410 deliciorum
563 365 789 424 adiunctis,
814 382 918 426 quae
950 371 1069 413 simul
1097 376 1304 429 requirent
1338 375 1398 417 vel
1432 382 1696 431 angmentum

84 437 142 481 vel
176 437 509 491 diminutionem,
542 437 793 495 quandoque
837 445 971 482 autem
1008 445 1258 485 eontrarium
1306 446 1503 488 inllnxum
1541 449 1577 488 in
1624 447 1699 491 liae

80 509 302 552 conferent.
338 507 454 563 Quae
489 507 631 564 regula
667 510 744 551 iam
782 511 926 553 tradita
964 513 1092 554 luerat
1127 512 1177 555 al)
1212 514 1346 559 lnnoe.
1384 514 1430 557 lV
1467 516 1696 560 Liwniensi

79 578 297 636 Episcopo,
331 577 498 636 quando
532 578 655 621 dixit:
683 580 693 600 ¹
735 594 756 619 «
778 578 969 623 Ceterum
1004 596 1095 624 euin
1134 587 1378 638 poenitentia
1414 600 1489 628 non
1528 592 1605 629 tum
1641 601 1698 630 se-

80 649 261 692 eundum
296 650 569 706 quantitatem
604 662 809 703 excessus,
844 663 967 707 qnam
1008 655 1252 708 poenitentis
1294 659 1594 711 contritionem,
1630 644 1700 713 per

80 720 246 763 ‹lisere-ti
279 720 508 763 sacerdotis
540 720 758 764 arbitrium
793 723 843 765 sit
880 723 1145 777 moderanda,
1181 731 1345 780 pensata
1380 728 1574 782 ‹pialitate
1609 742 1697 784 per—

78 803 217 844 sonae,
250 804 376 847 super
399 792 686 845 fornicatione,
709 792 927 847 adulterio,
961 793 1198 849 homicidio,
1225 799 1403 851 periurio
1436 803 1471 840 et
1506 798 1594 841 aliis
1627 801 1701 840 (ϊί-

81 861 261 906 minibus
293 862 566 906 consideratis
597 864 921 907 circumstantiis
943 864 1148 919 omnibuS,
1182 871 1219 909 et
1255 871 1492 922 praesertim
1520 871 1698 911 novitate

79 933 292 977 Livonien.
326 932 550 989 Ecclesiae,
578 938 880 990 competentem
912 938 1201 991 poenitentiam
1228 936 1558 993 delinquentibus
1577 941 1699 995 imp«,-

79 1007 197 1057 natis‚
233 1009 354 1061 prout
386 1004 506 1048 saluti
541 1018 685 1048 eorum
722 1005 909 1048 videritis
942 1006 1140 1062 expedire
1165 1023 1203 1050 )).

198 1076 297 1120 148.
334 1078 752 1123 Poenitentiarum
777 1079 1121 1123 canonicarum
1146 1081 1378 1125 elenchus
1402 1092 1478 1121 non
1508 1086 1563 1122 est
1589 1094 1697 1123 ‹fani-

81 1147 226 1204 pletus,
262 1149 357 1205 quia
391 1150 450 1191 sic
484 1150 627 1204 incipit
659 1161 751 1190 caii.
783 1149 918 1191 2313.
952 1151 976 1202 ἓ
1010 1151 1043 1191 1.
1081 1147 1339 1206 Praecipuae
1386 1152 1422 1192 in
1460 1153 1572 1206 praxi
1605 1165 1698 1207 pae-

79 1218 286 1261 nitentiae
318 1221 429 1262 iuxta
465 1220 611 1276 capitis
645 1223 829 1262 tenorem
864 1224 961 1261 Stin!
992 1226 1216 1277 praei-epla
1251 1234 1298 1263 ex
1336 1221 1471 1275 modo,
1496 1235 1575 1278 quo
1610 1222 1699 1263 illae

79 1292 364 1346 imponuntur,
396 1289 672 1346 obligatorio:
708 1316 760 1320 —
796 1290 844 1333 10
879 1289 1102 1333 Reeilaiia'i
1134 1290 1436 1333 determinatas
1472 1306 1541 1348 per
1573 1296 1698 1348 Supe-

79 1363 229 1404 riorem
262 1373 420 1418 preces,
458 1374 495 1402 v.
520 1374 581 1418 gr.
618 1361 809 1418 psalmos,
844 1364 1063 1416 orationes,
1087 1366 1192 1406 etc:
1222 1389 1269 1393 —
1296 1362 1344 1405 2⁰
1371 1362 1604 1419 Perayemli
1629 1366 1700 1405 t'or-

78 1433 197 1475 tassis
231 1431 405 1488 pedibus
438 1430 479 1488 a)
509 1431 628 1490 piam
660 1431 713 1476 ob
745 1445 915 1489 scopum
951 1431 1139 1489 aliquam
1169 1433 1565 1490 pereyrinalionem,
1607 1437 1698 1476 visi-

77 1502 202 1546 tando
225 1502 448 1560 quamdam
470 1502 704 1558 ecclesiam,
722 1505 1019 1559 sanctuarium,
1040 1505 1278 1560 imaginem,
1303 1503 1363 1546 vel
1390 1521 1412 1545 «
1435 1506 1654 1561 peragendi
1680 1522 1695 1545 »

78 1572 169 1616 alia
199 1573 376 1631 pietalis
408 1587 550 1631 opera,
585 1587 733 1631 nempe
766 1573 923 1618 cultum
959 1574 1030 1618 Dei
1065 1579 1104 1617 et
1136 1575 1378 1618 Sanctorum
1414 1578 1699 1632 respicientia3

80 1670 132 1675 —
162 1644 212 1688 3⁰
246 1644 451 1689 Servandi
495 1645 713 1703 peculiare
756 1647 888 1691 idest:
929 1646 1033 1690 ultra
1085 1649 1336 1703 praescripta
1382 1647 1611 1701 ieiunium,
1648 1673 1698 1679 —

78 1715 126 1757 4Ο
144 1714 377 1773 Eroqaiido
396 1715 682 1774 eleemosynas
702 1720 914 1773 pecuniae,
938 1720 1128 1772 vestium,
1154 1723 1229 1761 etc.
1254 1717 1404 1776 inpios
1422 1732 1534 1772 usus,
1554 1732 1700 1774 nempe

77 1789 261 1830 caritatis
307 1799 405 1843 erga
442 1800 644 1844 pauperes
695 1787 758 1832 vel
791 1788 921 1831 divini
956 1788 1118 1842 eultus3
1155 1815 1206 1819 —
1241 1788 1289 1832 5⁰
1327 1788 1557 1846 l’erayemli
1589 1803 1699 1831 exer-

77 1856 178 1899 citia
211 1856 462 1915 spiritualia
513 1860 677 1915 proprie
710 1859 834 1913 dicta,
868 1864 988 1915 prout
1020 1858 1072 1903 ab
1104 1862 1312 1903 exercitiis
1344 1861 1380 1902 S.
1417 1859 1559 1916 lgnatii
1600 1860 1699 1902 llaec

75 1927 356 1972 denominatio
390 1929 620 1983 derivatur,
653 1929 697 1972 in
727 1930 802 1987 pia
843 1935 1009 1987 propter
1031 1932 1120 1973 eius
1142 1931 1264 1973 finem
1293 1931 1499 1987 religionis
1535 1932 1596 1975 vel
1635 1946 1698 1976 ea-

78 2002 209 2042 ritatis
240 2004 316 2042 aul
348 1999 552 2057 reliyiosa
595 1999 714 2044 (Ionio
748 2014 924 2058 nempe:
968 2001 1144 2046 alicuius
1178 2002 1400 2059 religionis,
1432 2016 1508 2060 per
1540 2002 1699 2060 aliquo!

76 2069 181 2124 dies,
211 2083 390 2128 qnorum
427 2070 545 2115 limes
579 2072 748 2115 inferior
796 2077 889 2115 sunt
922 2073 1004 2116 (luo
1053 2075 1164 2117 iuxta
1201 2088 1285 2130 reg.
1322 2074 1422 2118 iuris
1454 2074 1507 2117 40
1553 2076 1589 2116 in
1626 2074 1695 2118 6⁰:

80 2157 102 2183 c<
126 2141 302 2186 Pluralis
335 2141 486 2186 locutio
519 2143 695 2186 duorum
731 2156 905 2203 numero
938 2148 996 2187 est
1031 2149 1286 2199 contenta»,
1311 2146 1379 2187 sed
1417 2145 1596 2201 protralii
1633 2159 1698 2201 po-

76 2218 154 2257 test
186 2215 225 2256 in
259 2218 357 2266 tres,
390 2218 497 2269 octo,
530 2214 673 2258 decem
713 2214 775 2258 vel
811 2228 1009 2260 mensem.

198 2283 386 2329 Vidimus
409 2287 448 2328 in
467 2284 740 2329 instructione
763 2287 886 2330 citata
919 2289 1210 2330 connumerari
1245 2290 1441 2331 exercitia
1473 2288 1698 2343 spiritualia

76 2356 272 2400 remediis
305 2359 604 2413 praeventivis,
624 2358 743 2401 cuius
766 2369 844 2400 non
871 2359 1091 2401 immemor
1123 2359 1246 2401 fuisse
1280 2358 1499 2413 legislator,
1525 2358 1698 2401 ostendit

76 2428 101 2480 ἓ
122 2428 165 2469 2.
189 2425 475 2470 Poenileiilias
497 2427 704 2485 quaslibet
726 2428 986 2484 supradictas
1010 2431 1047 2471 in
1072 2431 1096 2482 g
1121 2429 1165 2471 1²
1193 2427 1449 2471 Orclinarias
1472 2428 1579 2483 (can.
1605 2428 1695 2481 198,

75 2499 100 2551 ,ξ
133 2497 175 2552 1)
205 2511 284 2555 pro
317 2511 395 2541 sua
424 2498 656 2557 prudentia
690 2502 728 2543 in
764 2500 886 2542 tinem
938 2500 1215 2543 remediorum
1268 2499 1498 2555 poenalium
1544 2498 1698 2541 addere

71 2573 224 2626 potest,
257 2581 335 2612 non
372 2571 450 2613 iam
485 2570 749 2623 substituere,
778 2569 953 2628 poenali
987 2569 1167 2613 remedio
1194 2583 1242 2612 ex
1278 2574 1454 2626 ‹piatiior
1488 2571 1697 2612 recensitis

73 2639 150 2683 sub
173 2652 262 2684 can.
289 2640 401 2683 ‘2306
427 2641 713 2685 tantummodo
732 2641 976 2684 monitionis
999 2646 1038 2683 el
1061 2640 1353 2698 correptionis,
1372 2654 1462 2683 nam
1488 2642 1696 2695 expressio

75 2712 196 2754 unius
227 2715 288 2773 est
320 2710 505 2755 exclusio
538 2717 786 2756 ceterorum.

193 2863 205 2884 1
225 2862 317 2908 Cap.
331 2863 354 2897 8
374 2879 388 2893 «
404 2862 450 2898 de
468 2864 731 2909 poenitentiis
746 2869 786 2899 et
797 2864 1096 2899 remissionibus
1113 2880 1124 2893 »
1139 2892 1145 2905 ‚
1163 2864 1226 2899 tit.
1242 2863 1466 2903 XXXVIII,
1485 2861 1566 2895 Lib.
1582 2861 1626 2904 V,
1644 2860 1692 2894 X.
