1950 3313
130 176 196 210 118
633 172 717 205 L1B.
747 171 776 205 Ι.

807 190 819 195 -
846 171 1017 204 Normae
1046 170 1244 214 ,qenerales

124 293 225 339 palis,
251 291 439 326 decendium
468 290 511 325 od
548 289 795 336 appellandum,
821 293 898 329 etc,

128 351 260 385 primus
285 339 358 373 dies
384 350 427 372 ne
453 342 672 382 computetur
704 340 737 371 et
762 341 900 381 tempus

127 387 269 421 finiatur
309 385 442 431 expleto
484 385 605 419 ultimo
648 384 704 418 die
744 383 899 418 eiusdem

126 433 283 473 numeri;

220 480 269 514 40.
300 478 397 523 Quod
426 479 452 513 si
482 478 612 513 mensis
650 478 705 512 die
743 477 898 512 eiusdem

126 528 261 562 numeri
289 532 416 567 careat,
446 537 497 561 ex.
526 537 575 569 g.,
609 536 695 559 unus
733 523 854 559 mensis
878 535 898 558 α

125 574 178 609 die
203 576 257 609 30
287 572 450 612 ianuarii.
476 577 560 607 tunc
589 583 647 618 pro
666 572 801 607 diverso
820 582 901 606 casu

126 627 262 667 tempus
289 622 434 656 finiatur
459 620 647 666 incipiente
689 619 741 654 vel
767 619 902 665 expleto

128 669 249 704 ultimo
275 669 330 704 die
358 668 511 709 mensis;

221 715 271 750 5.⁰
297 716 330 750 Si
359 720 481 760 agatur
507 715 548 750 de
573 714 708 749 actibus
742 713 898 749 eiusdem

126 763 264 807 generis
294 764 392 798 statis
418 762 633 808 temporibus
675 760 897 802 renovandis,

125 820 178 845 ex.
207 822 272 855 gr„
300 810 477 845 triemzimn
506 810 548 843 ad
571 808 808 855 professionem
825 819 899 854 per-

971 293 1103 340 petuam
1146 294 1220 334 post
1269 294 1435 341 temporat
1437 299 1518 329 mm
1572 288 1752 323 triennium

975 334 1110 369 aliudve
1137 335 1292 381 temporis
1314 334 1462 381 spatium
1489 335 1533 370 ad
1562 335 1750 370 electionem

974 382 1209 424 renovandam,
1236 387 1313 423 etc.‚
1334 387 1472 435 tempus
1493 381 1613 418 finitur
1631 383 1752 418 eodem

975 434 1175 465 recurrente
1202 430 1257 465 die
1283 441 1350 475 quo
1377 429 1519 475 incepit,
1549 431 1607 465 sed
1642 441 1752 465 novus

974 481 1072 511 actus
1101 488 1160 522 per
1187 477 1361 522 integrum
1390 477 1540 512 eundem
1559 477 1651 513 diem
1671 477 1750 523 poni

975 528 1095 570 potest.

1023 571 1105 606 Can.
1134 570 1179 606 35
1205 592 1228 596 -
1254 571 1406 617 Tempus
1432 571 1515 606 utile
1543 571 1626 606 illud
1655 571 1751 607 intel-

977 618 1095 663 ligitur
1121 619 1211 664 quod
1257 630 1315 664 pro
1341 618 1503 654 exercitio
1540 623 1600 654 aut
1639 629 1752 665 prose-

975 666 1114 701 cutione
1139 667 1190 701 sui
1218 667 1305 701 iuris
1323 666 1370 701 ita
1395 665 1498 701 alicui
1526 666 1690 712 competit
1716 671 1751 701 ut

974 713 1148 758 ignoranti
1176 718 1236 748 aut
1274 724 1375 758 agere
1415 724 1484 748 non
1513 713 1639 749 valenti
1681 724 1751 748 non

973 766 1106 802 currat;
1138 760 1343 800 continuum,
1371 761 1462 806 quod
1492 760 1624 796 nullam
1667 761 1753 806 pati-

974 813 1031 843 tur
1057 808 1361 854 interruptionem.

244 930 312 973 92.
351 931 607 986 Inscriptio
654 930 802 974 Tituli
846 932 895 974 et
936 942 1177 974 canonum
1220 929 1517 974 distributio.
1558 928 1753 984 Sequitur

133 999 293 1044 Titulus
328 999 396 1043 III
421 1002 588 1043 omnim>
622 1001 659 1042 in
694 998 1015 1043 Collectionibus
1048 1011 1194 1052 novus,
1228 1000 1302 1042 etsi
1337 997 1531 1041 nonnulla
1555 999 1754 1054 praescri-

128 1076 193 1128 pta
227 1073 265 1113 in
303 1071 487 1114 Decretis
531 1072 771 1126 praesertim
818 1069 1020 1125 liturgicis
1062 1073 1197 1112 essent
1230 1068 1408 1112 condita.
1450 1068 1507 1112 De
1540 1067 1750 1126 temporis,

126 1154 231 1199 quae
264 1146 322 1185 est
357 1154 435 1184 una
470 1154 517 1184 ex
548 1140 825 1184 humanorum
859 1145 1026 1184 actuum
1051 1142 1373 1183 circumstantiis
1407 1153 1481 1196 per
1503 1153 1555 1184 ss,
1575 1151 1753 1183 canones

126 1212 398 1255 determinata
434 1211 653 1267 multoties,
678 1211 978 1269 supputatione
1000 1213 1212 1264 canonica,
1250 1213 1470 1267 praecipue
1495 1212 1620 1265 igitur
1641 1211 1752 1254 circa

88 1274 95 1278 ’
126 1281 288 1327 Codicis
330 1283 526 1326 formulas
570 1285 881 1339 interrogationi
927 1298 946 1324 <‹
970 1284 1136 1340 quando
1159 1299 1179 1323 ))
1208 1282 1226 1325 ἰ)
1279 1281 1341 1325 vel
1390 1300 1404 1321 (ι
1443 1294 1656 1339 usquequo
1691 1281 1752 1324 »⁶2

127 1353 334 1397 relativas.
987 1345 989 1347 ¹

245 1424 376 1468 Posita
415 1425 661 1481 generaliori
698 1438 840 1468 norma
876 1438 946 1481 per
979 1437 1054 1468 can
1091 1424 1158 1480 31,
1205 1423 1410 1467 usualium
1447 1422 1669 1467 verborum
1704 1435 1751 1466 ac

126 1498 465 1552 supputationum
501 1496 622 1539 datur
654 1497 902 1552 significatio
941 1496 1114 1539 iuridica
1150 1497 1188 1538 in
1222 1507 1311 1538 can.
1349 1494 1415 1548 3⁶2,
1451 1494 1518 1546 33,
1552 1494 1649 1537 dum
1684 1505 1750 1537 ca-

127 1578 205 1608 non
243 1566 293 1608 34
329 1566 570 1623 praescribit
606 1567 793 1610 diversas
826 1565 1105 1609 clausularum
1141 1565 1304 1609 Codicis
1336 1567 1447 1609 circa
1471 1570 1634 1622 tempus
1655 1578 1750 1621 sup-

128 1638 372 1692 putationes,
391 1637 529 1680 addita
551 1651 622 1694 per
639 1650 729 1681 can.
751 1637 804 1680 35
823 1637 1103 1681 declaratione
1123 1638 1320 1692 temporis
1340 1636 1450 1679 utilis
1482 1648 1530 1679 ac
1553 1637 1749 1679 continui.

245 1708 311 1752 93.
349 1711 531 1754 Norma
569 1711 863 1755 universatis
901 1711 1032 1755 circa
1069 1710 1433 1754 ecclesiasticas
1461 1709 1612 1765 leges.
1647 1706 1749 1751 Con-

126 1783 322 1834 gruenter
360 1779 462 1823 can¹.
500 1780 522 1822 ζ)
547 1780 680 1837 quoad
707 1782 990 1836 praeteritum,
1014 1784 1135 1823 cavet
1158 1782 1281 1822 etiam
1308 1792 1379 1835 pro
1403 1780 1538 1822 futuro
1562 1792 1650 1820 oon.
1679 1779 1748 1821 31.

127 1847 265 1891 Salvis
289 1849 447 1907 leyibus
471 1850 683 1907 litm'yz'eis
717 1851 765 1894 ad
801 1863 891 1895 can⁴
927 1851 949 1893 2
984 1850 1204 1894 declaratis
1236 1852 1359 1893 etiam
1395 1849 1530 1907 quoad
1549 1848 1672 1892 Tituli
1696 1850 1752 1891 in-

68 1914 70 1916 ’
125 1922 406 1976 scriptionem,
441 1927 600 1979 tempus
625 1924 737 1965 iuxta
759 1921 1004 1978 legislatoris
1025 1925 1203 1964 mentem
1225 1923 1262 1963 in
1283 1919 1443 1977 legibus
1461 1919 1752 1963 ecelesiasticis

126 1988 221 2033 hinc
255 1991 511 2047 implicitam,
542 1992 722 2050 proinde
753 1992 838 2035 nisi
871 1991 992 2034 aliud
1029 2005 1224 2049 eoepresse
1256 1996 1456 2033 caveatur
1489 1993 1669 2047 ipsarum
1695 1989 1749 2032 le-

126 2074 224 2117 gum
258 2064 381 2105 etiam
415 2065 524 2106 circa
561 2063 769 2120 liturgiam
805 2063 956 2117 verbis,
992 2068 1246 2120 supputetur
1264 2062 1515 2118 obligatione
1538 2063 1750 2115 canonica,

126 2143 231 2188 quae
266 2135 509 2189 interpretes
542 2134 704 2178 Codicis
737 2137 861 2177 etiam
896 2134 1008 2191 ligat,
1042 2133 1098 2177 ad
1129 2147 1319 2176 normam
1353 2146 1558 2176 canonum
1591 2131 1662 2189 qui
1694 2145 1751 2174 se-

125 2208 313 2258 quzmlm‘
345 2203 421 2247 hoc
456 2207 493 2247 in
528 2204 660 2248 'l'itulo
694 2211 883 2262 quatuor.

245 2274 312 2316 94.
347 2276 481 2327 Dies,
519 2278 700 2322 mensis
740 2280 788 2322 et
826 2290 983 2322 annus
1007 2278 1172 2334 quoad
1195 2277 1449 2321 iuridicum
1472 2288 1683 2321 sensum.
1706 2272 1748 2316 In

125 2343 192 2386 die
215 2349 361 2401 quarto
386 2347 541 2401 mundi,
582 2362 603 2387 (<
626 2347 727 2389 dixit
747 2346 856 2390 Deus
876 2364 883 2391 :
918 2346 1035 2390 Fiant
1054 2347 1272 2389 luminaria
1292 2348 1330 2388 in
1352 2346 1612 2388 firmamento
1631 2343 1749 2397 coefi,

125 2419 165 2457 et
197 2415 385 2458 dividant
419 2416 527 2459 diem
562 2430 608 2460 ac
644 2422 820 2469 noctem,
854 2422 892 2460 et
924 2420 1005 2461 sint
1038 2419 1077 2460 in
1111 2419 1226 2474 signa
1252 2421 1291 2459 et
1314 2421 1514 2473 tempora,
1538 2420 1576 2459 et
1599 2415 1687 2458 dies
1710 2418 1750 2458 et

125 2497 281 2529 annos:
317 2492 359 2529 ut
393 2486 555 2530 luceant
580 2490 617 2529 in
655 2490 915 2531 firmamento
949 2488 1068 2543 coeli,
1102 2493 1141 2531 et
1175 2487 1407 2531 illuminent
1431 2492 1597 2530 terram.
1620 2485 1670 2529 Et
1691 2486 1748 2528 fa-

124 2560 236 2598 ctum
271 2567 330 2600 est
364 2560 460 2600 ita»
500 2556 619 2615 (Gen.
656 2558 683 2607 l,
721 2558 785 2612 14,
822 2559 904 2613 15).
939 2558 1041 2602 Cum
1076 2558 1193 2602 nobis
1221 2559 1402 2614 perfecte
1425 2561 1544 2601 notae
1568 2570 1646 2599 non
1670 2558 1749 2599 sint

127 2624 237 2681 leges
271 2627 535 2671 luminarium
572 2630 834 2679 lirinamenti,
857 2642 904 2672 ac
930 2630 1022 2672 inde
1048 2629 1287 2672 relationem
1320 2634 1503 2672 mutuam
1534 2630 1640 2670 inter
1663 2627 1750 2670 dies

128 2710 288 2740 menses
320 2703 358 2740 et
391 2711 519 2741 annos
552 2703 695 2742 exacte
719 2699 998 2742 determinare
1022 2704 1228 2757 nequeant
1252 2699 1451 2752 homines,
1493 2714 1512 2740 ((
1537 2703 1579 2741 ut
1602 2710 1750 2754 cogno-

125 2773 237 2810 scant
273 2772 465 2825 quoniam
503 2769 688 2812 homines
710 2775 863 2822 sunt»,
895 2774 1018 2826 atque
1054 2773 1188 2813 minus
1223 2783 1295 2826 per
1314 2772 1584 2813 instrumenta
1608 2781 1749 2812 crono-

126 2840 295 2881 metrica
330 2841 367 2881 in
405 2844 539 2895 partes
571 2853 745 2895 semper
768 2839 961 2896 aequales
995 2840 1060 2883 illa
1087 2847 1271 2896 tempora
1296 2840 1512 2891 dividere3
1549 2841 1587 2882 in
1613 2851 1748 2881 mores

126 2905 337 2951 hominum
373 2923 445 2965 pro
481 2923 554 2952 usu
588 2909 827 2966 quotidiano
863 2910 1016 2952 inducti
1059 2912 1223 2953 luerunt
1250 2910 1405 2952 diversi
1429 2909 1747 2965 computationis
