1950 3313
156 152 224 186 128
666 149 750 184 L1B.
776 149 807 182 Ι.
837 169 848 173 -
876 149 1047 183 Nor-mae
1068 150 1271 193 generales·

161 269 380 326 Rescripta
420 268 546 311 idest:
581 279 775 323 responsa
809 268 961 323 scripta
995 266 1044 309 ad
1084 279 1240 321 preces,
1265 267 1609 312 consultationem
1634 274 1704 313 aut
1727 271 1783 312 in·

159 342 435 382 sinuationem
470 337 523 381 ibi
558 340 752 380 insertam
788 338 963 385 alicuius
996 336 1129 379 tidelis
1165 342 1250 379 tum
1273 336 1399 382 Sedis
1430 338 1697 396 Apostolieae
1729 340 1780 384 ad

159 422 344 453 normam
380 408 614 465 generalem
651 420 740 451 can.
761 408 800 461 7,
835 412 921 449 tum
955 406 1141 449 aliorum
1170 405 1499 452 Ordinariorum
1523 422 1616 453 cum
1647 411 1782 454 officio

155 483 244 524 sive
277 481 444 523 divinae
477 482 566 523 sive
599 478 905 522 ecclesiasticae
940 479 1206 521 iustitutionis
1239 479 1288 522 ad
1330 492 1518 522 normam
1557 493 1646 524 can.
1686 482 1779 537 198,

154 554 178 606 g
216 552 248 603 1,
282 550 505 608 impetrari
540 554 705 606 propter
739 562 906 605 precum
944 545 1246 604 porrectionem
1282 548 1412 592 libere
1442 550 1492 593 ad
1530 550 1641 607 leges
1670 552 1780 609 quod

154 624 297 665 attinet
326 626 502 679 possem!
536 620 634 678 (qua
668 619 901 663 subiectum
936 621 1252 663 concessionum
1278 634 1349 677 per
1382 620 1487 678 ipsa)
1512 620 1561 664 ab
1593 621 1782 666 omnibus

154 692 345 736 tidelibus
378 706 426 735 ex
463 694 551 735 iure
587 705 658 748 per
691 690 943 746 baptismum
978 689 1159 745 obtento,
1193 693 1282 735 sive
1326 694 1425 735 viris
1468 695 1558 736 sive
1603 694 1779 745 feminis,

154 769 238 806 tum
276 763 404 816 laicis,
437 767 521 805 tum
559 761 772 818 religiosis,
810 766 894 804 tum
929 761 1106 816 clericis,
1143 767 1213 805 aut
1246 761 1437 815 subditis,
1465 768 1535 806 aut
1572 764 1780 815 Praelatis,

146 834 225 891 qm?
257 847 452 890 eoepresse
487 832 624 876 verbis
657 845 861 875 canonum
906 831 967 874 vel
1015 845 1086 888 per
1128 835 1416 876 auctoritatem
1456 834 1778 879 ecclesiasticam

153 909 456 959 competentem
491 917 571 946 ιιοιι
602 901 895 960 prohibentur.
930 902 1002 945 His
1035 916 1134 959 ergo
1157 903 1390 960 applicatur
1421 905 1530 962 quod
1567 905 1718 961 legitur
1742 908 1779 948 in

145 988 243 1031 cap.
282 990 300 1015 ((
325 974 424 1018 Cum
450 974 559 1030 apud
584 974 732 1017 Sedem
754 989 773 1014 ))
804 973 856 1016 33
882 973 933 1016 de
957 973 1226 1030 Sponsalibus
1249 979 1288 1017 et
1313 977 1576 1018 matrimonio
1601 975 1686 1033 (lV,
1714 977 1778 1033 l):

159 1061 178 1087 c(
202 1045 303 1090 Cum
339 1044 653 1102 prohibitorium
689 1047 739 1087 sit
772 1044 954 1088 edictum
981 1044 1050 1102 (de
1077 1047 1339 1088 matrimonio
1363 1046 1676 1103 contrahendo),
1696 1050 1781 1105 qui-

146 1129 331 1174 cumque
366 1129 443 1159 non
469 1115 711 1172 prohibetur
736 1129 807 1172 per
830 1117 1167 1173 consequentiam
1203 1116 1497 1160 admittitur».
1534 1117 1655 1161 Aliud
1692 1123 1779 1162 erat

146 1201 202 1231 *ex
240 1187 331 1230 lure
364 1186 643 1230 Romanorum
679 1175 1211 1242 edictum*permissorium
1244 1189 1303 1231 sic
1336 1200 1579 1244 expressum
1617 1191 1653 1231 ιιι
1689 1202 1778 1245 cap.

159 1274 179 1299 ((
202 1257 438 1314 Corporalia
465 1274 483 1298 ))
522 1258 572 1301 de
608 1257 874 1300 translatione
906 1257 1097 1314 Episcopi
1134 1257 1181 1315 (l,
1216 1257 1284 1314 7):
1325 1274 1345 1299 <(
1369 1258 1625 1302 prohibitum
1662 1259 1777 1303 iutel-

155 1329 308 1386 ligitur,
343 1329 449 1386 quod
486 1342 564 1372 uon
601 1331 806 1385 reperitur
839 1342 1081 1372 concessum
1108 1345 1144 1372 )).

270 1398 485 1452 Quaenam
518 1402 598 1443 sint
632 1399 707 1443 liae
743 1399 1042 1456 prohibitiones
1074 1412 1094 1443 a
1130 1402 1218 1443 iure
1252 1401 1387 1458 quoad
1428 1403 1563 1444 omnia
1599 1402 1637 1445 S.
1663 1401 1781 1445 Sedis

155 1473 353 1527 rescripta
388 1471 565 1514 ostendit
596 1470 681 1528 {2
721 1473 888 1514 variatis
922 1471 997 1515 bac
1032 1473 1069 1514 in
1107 1476 1221 1528 parte
1255 1471 1419 1515 Normis
1443 1486 1515 1528 pro
1548 1471 1670 1516 Curia
1707 1471 1781 1516 Ro-

154 1554 289 1596 mana,
307 1544 424 1598 queis
458 1554 564 1584 nova
599 1543 673 1585 t'uit
709 1542 875 1585 inducta
910 1541 1128 1599 disciplina
1154 1543 1166 1564 ²
1207 1557 1227 1583 ((
1250 1555 1270 1585 a
1306 1542 1372 1585 die
1397 1542 1446 1585 ΙΙΙ
1471 1541 1574 1587 Nor.
1602 1543 1716 1586 1908
1742 1559 1779 1584 ».

152 1611 317 1655 Eisdem
356 1611 491 1655 verbis
524 1615 671 1656 citatae
706 1626 876 1656 normae
911 1615 1055 1669 incipit
1086 1612 1114 1670 ξ
1145 1615 1188 1656 2.
1229 1612 1407 1657 Gratiae
1441 1616 1690 1670 praeteritis
1717 1614 1780 1657 vel

152 1683 379 1726 secuudum
417 1686 477 1726 ius
510 1690 547 1725 et
583 1683 920 1741 dispensationes
954 1689 1096 1727 contra
1123 1686 1184 1727 ius
1212 1687 1356 1741 vigens
1389 1698 1508 1728 cume
1536 1698 1669 1742 penus
1701 1687 1777 1728 sci-

154 1754 269 1797 licet:
305 1754 355 1797 de
388 1754 571 1812 qualibet
608 1757 777 1798 materia
827 1760 866 1798 et
914 1754 990 1798 sub
1039 1768 1305 1812 quacumque
1348 1758 1478 1798 torma
1524 1755 1780 1813 proindeque

155 1827 356 1879 rescripti,
390 1825 594 1883 huiusque
630 1839 708 1869 nou
743 1830 897 1869 attenta
932 1826 1195 1869 distinctione
1234 1828 1392 1883 gratiae
1436 1831 1474 1869 et
1518 1828 1695 1869 iustitiae
1729 1839 1777 1869 ex

156 1895 439 1940 Decretalibus
463 1896 492 1950 ²,
527 1909 633 1954 quae
667 1911 691 1939 a
728 1896 832 1940 Sede
863 1896 1104 1955 Apostoliea
1139 1896 1247 1953 (can.
1272 1898 1328 1949 Ἴ),
1352 1899 1430 1940 siut
1455 1911 1685 1948 concessae,
1707 1897 1778 1940 sed

153 1968 298 2023 potiori
326 1969 480 2010 motivo
507 1967 558 2011 ab
581 1965 815 2011 Ordinariis
838 1967 1043 2016 obtentae,
1063 1969 1159 2025 quia
1180 1967 1458 2011 Decretalium
1482 1967 1780 2024 prohibitiones

156 2037 428 2093 respiciebant
463 2038 551 2081 illas
584 2052 792 2094 expresse,
829 2044 999 2095 propter
1031 2051 1134 2096 quas
1166 2039 1416 2082 auferendas
1444 2039 1617 2082 dicitur:
1652 2038 1779 2081 eliam

154 2121 345 2162 censura,
383 2124 402 2149 ((
426 2112 871 2163 excommunicatione,
907 2109 1140 2164 interdicto,
1165 2112 1434 2166 suspensione
1458 2125 1477 2151 ))
1518 2109 1628 2166 (cau.
1652 2109 1779 2163 2255,

153 2177 181 2235 g
216 2177 257 2234 1)
291 2178 489 2232 irretitis,
514 2179 651 2236 aliqua
674 2193 774 2235 ergo
797 2193 846 2223 ex
873 2182 921 2223 iis
945 2182 1025 2222 iam
1051 2182 1229 2233 incursa,
1259 2195 1276 2220 (‹
1303 2184 1415 2223 ratae
1439 2195 1459 2221 »
1488 2184 1532 2222 ut
1561 2182 1599 2222 in
1625 2180 1780 2222 normis

154 2262 225 2291 seu
259 2247 426 2291 validae
458 2254 566 2304 sunt,
598 2254 720 2306 atque
754 2250 830 2294 sub
864 2250 943 2293 illis
975 2250 1388 2307 comprehenduntur
1430 2263 1594 2307 quoque
1638 2262 1781 2292 omnes

154 2318 351 2362 haeretici
385 2322 558 2375 externi,
600 2334 678 2363 uon
719 2320 906 2364 obstante
948 2323 1156 2364 contrario
1195 2320 1472 2364 Decretalium
1507 2325 1546 2364 et
1579 2320 1781 2364 Romano-

154 2403 246 2433 rum
282 2392 383 2434 iure.
417 2390 607 2433 Attamen
642 2403 723 2448 qua
756 2392 875 2445 tales,
911 2405 1005 2435 cum
1040 2393 1150 2435 enim
1185 2393 1534 2435 excommunicati
1569 2393 1662 2446 siut,
1698 2403 1778 2433 uon

154 2465 214 2504 est
247 2460 576 2504 obliviscendum
611 2462 719 2518 quod
754 2465 962 2520 sequitur:
998 2462 1114 2506 salvo
1135 2462 1403 2520 praescripto
1428 2476 1517 2506 cart.
1542 2464 1682 2512 2265,
1704 2460 1732 2519 ξ
1755 2461 1778 2504 2

154 2533 219 2574 cui
254 2544 296 2574 se
331 2532 513 2574 referunt
545 2531 650 2575 aliae
682 2532 786 2575 duae
820 2535 1051 2587 citationes,
1071 2546 1241 2589 nempe:
1283 2548 1303 2574 «
1327 2533 1436 2590 quod
1481 2536 1513 2576 si
1553 2532 1655 2575 baec
1688 2544 1779 2574 sen-

155 2604 280 2645 tentia
314 2601 607 2657 (declaratoria
641 2606 1084 2647 excommunicationis
1112 2604 1174 2647 vel
1199 2603 1539 2647 condemnatoria
1563 2602 1613 2646 ad
1648 2603 1778 2658 ipsam

154 2672 347 2729 equidem
385 2675 422 2714 in
458 2673 610 2716 iudicio
644 2674 694 2716 ad
732 2686 916 2717 normam
953 2687 1041 2717 cau.
1079 2675 1203 2730 1868,
1237 2674 1265 2732 ἓ
1300 2674 1337 2728 1,
1373 2687 1453 2717 non
1486 2676 1518 2717 si
1542 2685 1780 2717 excommu-

273 2801 284 2822 1
312 2799 415 2834 Ordo
450 2801 666 2835 servandus
701 2801 741 2835 in
782 2801 820 2835 S.
850 2801 1251 2846 Congregationibus,
1292 2801 1589 2843 Trffiunalibus,
1630 2800 1780 2835 Officiis

157 2846 298 2881 Curiae
337 2847 548 2890 Romanae,
577 2849 622 2882 29
658 2848 763 2893 Sept.
799 2849 901 2882 1908.
932 2849 1026 2882 Pars
1052 2849 1103 2890 ΙΙ,
1132 2849 1297 2883 Normae
1324 2850 1555 2894 peculiares,
1587 2848 1678 2893 Cap.
1705 2847 1777 2890 ΠΙ,

158 2894 243 2927 Art.
276 2895 324 2934 10,
354 2906 391 2928 n.
420 2896 471 2930 60.
498 2916 509 2920 -
537 2895 613 2930 CO.
642 2895 673 2937 1,
702 2896 759 2929 61.
791 2915 832 2922 —-
859 2896 872 2918 ²
896 2895 988 2940 Cap.
1021 2899 1051 2937 1,
1081 2896 1120 2930 h.
1149 2900 1178 2930 t.
1208 2897 1249 2930 in
1276 2896 1326 2930 60.
