1950 3313
682 160 767 195 ΤιΤ.
797 161 842 195 V.
871 181 883 186 -
909 161 966 196 De
986 163 1210 207 privilegiis
1694 164 1761 199 157

393 300 434 304 -
459 278 641 324 acquitem-
691 288 730 292 —
760 278 819 313 per
845 268 964 303 modos
990 268 1144 305 diversos
1605 270 1691 306 Can.
1719 269 1762 305 63

412 326 466 361 (hs
694 406 729 409 -
749 387 1015 431 percommuni-
1055 385 1100 388 —
1126 375 1299 409 quaenam
1329 365 1503 411 impertita
1729 412 1736 420 ⁸

708 433 881 468 cimonem
996 456 1033 459 —
1077 416 1267 446 consentur
1639 428 1652 444 »
1717 411 1760 447 54

1053 527 1097 531 —
1126 506 1210 541 iuris
1236 506 1397 552 sequelae
1639 522 1653 538 ‚,
1717 505 1761 541 (55

387 618 433 622 -
461 602 595 643 praetor
622 597 687 642 ius,
717 603 894 644 quatenus
921 599 994 635 iure
1020 600 1104 636 talia
1129 606 1318 636 censentur
1637 618 1652 634 »
1715 600 1759 635 {36

827 713 869 717 ——
897 704 936 728 ex
965 694 1117 739 ipsorum
1147 699 1264 730 tenore
1640 711 1654 729 r,
1717 695 1760 730 ⁴57

391 760 429 763 ——
460 739 732 784 interpretandis
768 717 823 803 -1

827 809 871 813 -
898 788 933 822 in
961 789 1067 824 dubio
1640 808 1653 823 »
1717 791 1760 827 68

602 929 608 935 ⁴
713 901 762 1000 1-
791 884 903 930 quoad
930 895 1050 920 eorum
1080 896 1180 920 usum
1638 901 1652 917 υ
1716 886 1759 919 69

393 951 427 954 -
457 941 629 965 concessus
661 951 703 955 -

145 1005 283 1040 Titulus
307 1003 331 1039 V
722 998 761 1003 —
790 983 960 1023 quantum
990 985 1219 1025 permaneant
1638 995 1651 1012 »
1716 979 1759 1015 70

164 1100 170 1105 .
202 1051 291 1106 pe..
685 1093 725 1097 -—
755 1084 814 1118 per
840 1074 1095 1109 revocationem
1636 1090 1649 1107 υ
1715 1074 1754 1109 71

120 1100 366 1147 privilegiis—

676 1170 725 1193 t—
753 1178 812 1212 per
838 1169 1141 1204 renunciationem
1638 1184 1651 1201 ι)
1715 1169 1758 1203 72

384 1309 425 1313 -
441 1289 649 1333 extinguen-

405 1336 459 1370 d¹⁵
622 1357 662 1359 —
704 1356 832 1392 tionem

385 1902 427 1905 m
458 1880 648 1926 probandis

114 1975 235 2020 gentia
265 1975 491 2011 concedentis
531 1975 716 2010 videantur
753 1974 901 2019 gratiam

116 2023 309 2059 consecuti.

164 2068 249 2105 CAN.
281 2068 324 2105 159
355 2091 372 2095 -
402 2068 509 2105 Nemo
535 2070 671 2114 cogitur
711 2069 757 2103 uti
797 2069 900 2115 privi-

115 2117 205 2162 legio
224 2118 261 2151 in
281 2117 332 2152 sui
363 2117 544 2152 dumtaxat
565 2117 716 2152 savorem
737 2127 900 2153 concesso

116 2165 183 2199 nisi
211 2165 280 2200 alio
307 2175 346 2200 ex
374 2165 488 2210 capite
514 2170 677 2209 exsurgat
703 2164 881 2208 obligatio.

163 2211 248 2247 CAN.
276 2211 319 2247 70
361 2232 384 2238 -
424 2211 659 2257 Privilegium,
700 2212 766 2246 nisi
806 2211 902 2246 aliud

114 2264 262 2302 constet,
291 2260 508 2295 censendum
535 2264 586 2295 est
613 2264 831 2305 perpetuum.

163 2305 246 2342 CAN.
274 2306 314 2341 71
348 2328 364 2332 -
396 2306 458 2342 Per
484 2307 595 2351 legem
621 2306 821 2351 generalem
849 2317 900 2341 re-

116 2359 286 2390 vocantur
313 2354 497 2400 privilegia
526 2355 561 2388 in
590 2355 651 2389 hoc
680 2353 804 2389 Codice
822 2364 897 2389 con-

115 2404 230 2442 tenta3
259 2401 302 2436 ad
330 2406 444 2437 cetera
470 2402 561 2448 quod
588 2402 724 2440 attinet
744 2406 901 2436 servetur

117 2448 369 2504 praescriptum
396 2460 474 2484 can.
503 2448 560 2483 60.

165 2494 251 2530 clx.
285 2494 341 2530 72
368 2500 387 2538 ξ
415 2496 447 2531 l.
480 2496 663 2542 Plivilegia
681 2500 817 2531 cessant
841 2506 900 2542 per

115 2542 414 2578 renuntiationem
441 2554 462 2579 a
480 2548 699 2590 competente
714 2543 899 2589 Superiore

114 2594 347 2635 acceptatam.

162 2641 181 2679 ξ
208 2636 241 2671 2.
273 2636 456 2682 Privilegio
483 2638 518 2672 in
547 2639 598 2673 sui
639 2643 776 2674 tantum
806 2638 898 2673 savo-

114 2695 188 2720 rem
215 2684 406 2719 constituto
425 2685 568 2730 quaevis
596 2696 744 2731 persona
765 2685 899 2731 privata

114 2731 320 2767 renuntiare
349 2736 472 2777 potest.

162 2782 181 2821 ἓ
218 2777 251 2812 3.
295 2777 472 2814 Concesso
497 2779 600 2814 alicui
641 2779 897 2820 communitati,

112 2825 278 2871 dignitati
307 2825 424 2861 locove
440 2826 643 2861 renuntiare
664 2826 807 2872 privatis
827 2837 898 2872 per-

112 2873 209 2909 sonis
236 2883 309 2908 non
339 2872 430 2908 licet.

161 2924 181 2963 §1
208 2924 240 2954 4.
273 2919 341 2955 Nee
357 2919 421 2965 ipsi
442 2920 684 2955 communitati
705 2930 763 2955 seu
783 2920 894 2955 coetui

692 1329 719 1333 —
753 1320 812 1355 per
829 1320 939 1345 cessa-

680 1642 721 1644 —
752 1630 810 1666 per
835 1619 939 1654 amis-

702 1678 834 1702 Sionem
918 1687 960 1691 —

988 1283 1022 1287 —
1050 1263 1199 1298 resoluto
1227 1264 1299 1299 iure
1327 1264 1550 1299 concedentis
1637 1280 1651 1295 )›
1714 1263 1758 1298 73

917 1379 962 1382 -
979 1379 1024 1382 —
1051 1358 1292 1403 personalibus
1636 1373 1650 1389 >1
1715 1357 1753 1393 74

987 1474 1021 1477 —
1048 1452 1201 1488 realibus
1636 1468 1649 1485 υ
1714 1452 1757 1487 75

980 1569 1019 1572 Α
1048 1548 1091 1582 ob
1120 1559 1188 1582 non
1218 1559 1318 1583 usum
1355 1548 1404 1582 vel
1443 1559 1543 1583 usum

970 1574 973 1649 i
1000 1595 1213 1630 contrarium
1635 1610 1649 1627 »
1713 1594 1755 1629 76

980 1711 1022 1715 -
1049 1700 1126 1725 cum
1154 1690 1322 1736 temporis
1355 1700 1536 1736 progressu
1638 1704 1650 1722 »
1713 1689 1756 1724 77

979 1806 1023 1809 —
1049 1795 1088 1820 ex
1117 1783 1310 1830 privatione
1337 1784 1380 1819 ob
1406 1782 1555 1819 abusum
1636 1798 1650 1816 »
1713 1783 1756 1818 78

979 1974 1153 2018 integrum
1182 1978 1232 2008 est
1260 1974 1463 2009 renuntiare
1492 1974 1670 2020 privilegio
1688 1974 1752 2008 sibi

976 2023 1056 2056 dato
1085 2031 1142 2066 per
1171 2021 1312 2055 modum
1341 2022 1439 2066 legis,
1481 2021 1531 2057 vel
1559 2021 1585 2055 si
1626 2032 1755 2056 renun-

977 2068 1074 2103 tiatio
1092 2068 1191 2103 cedat
1207 2068 1242 2102 in
1264 2068 1432 2104 Ecclesiae
1451 2068 1642 2104 aliorumve
1664 2080 1756 2114 prae-

977 2115 1159 2151 iudicium.

1024 2163 1107 2198 CAN.
1135 2162 1193 2196 73.
1218 2183 1234 2188 -
1258 2163 1419 2198 Resoluto
1439 2163 1511 2198 iure
1532 2164 1756 2198 concedentis

977 2210 1159 2256 privilegia
1186 2221 1257 2245 non
1277 2211 1657 2256 exstingnuntu1·,nisi
1677 2211 1756 2246 data

977 2258 1105 2293 t'·u01int
1132 2268 1211 2292 cum
1239 2257 1417 2293 clausula.
1447 2257 1490 2292 ad
1517 2258 1752 2304 beneplacitum

976 2312 1138 2340 nostium.
1169 2305 1219 2340 vel
1247 2305 1316 2340 alia
1342 2305 1605 2351 aequipollenti.

1022 2352 1105 2388 CAN.
1122 2343 1176 2387 74.
1192 2372 1212 2378 -
1233 2352 1459 2397 Plivilegium
1482 2353 1661 2405 personale
1682 2363 1754 2398 per-

973 2411 1095 2435 sonam
1111 2400 1270 2444 sequitur
1283 2405 1315 2435 et
1330 2411 1408 2435 cum
1423 2400 1498 2446 ipsa
1509 2400 1753 2443 exstinguitur.

1021 2447 1106 2483 CAN.
1135 2447 1190 2482 75.
1222 2469 1237 2472 -
1269 2447 1451 2492 Privilegia
1482 2447 1587 2482 rzealii
1615 2452 1752 2482 cessant

976 2505 1034 2541 per
1059 2495 1258 2530 absolutum
1291 2495 1336 2529 rei
1367 2495 1418 2529 vel
1452 2495 1512 2529 loci
1550 2494 1750 2533 interitum;

974 2542 1155 2588 privilegia
1183 2553 1262 2577 vero
1289 2542 1424 2581 localia
1462 2542 1488 2575 si
1531 2542 1624 2576 locus
1663 2542 1753 2575 intra

973 2590 1232 2636 quinquaginta
1269 2601 1383 2624 annos
1411 2590 1624 2624 restituatur.
1667 2588 1752 2623 revi-

972 2637 1120 2672 viscunt.

1019 2683 1103 2720 CAN.
1135 2682 1190 2719 76.
1223 2704 1239 2709 -
1270 2683 1332 2718 l'er
1361 2694 1428 2718 non
1470 2694 1570 2718 usum
1611 2682 1662 2717 vcl
1693 2692 1752 2727 per

971 2743 1072 2766 usum
1099 2731 1313 2766 contrarium
1343 2730 1521 2775 privilegia
1551 2729 1629 2764 aliis
1661 2729 1750 2763 liaud

970 2789 1116 2813 onerosa
1135 2789 1204 2813 non
1223 2782 1382 2813 cessant:
1411 2787 1499 2822 quac
1519 2787 1596 2811 vero
1611 2776 1645 2810 in
1668 2775 1751 2810 alio-

971 2837 1048 2860 rum
1099 2835 1288 2868 gravamen
1344 2823 1483 2864 cedunt,
1528 2823 1750 2863 amittuntur,

971 2872 997 2906 si
1025 2873 1166 2907 accedat
1193 2871 1347 2915 legitima
1376 2870 1601 2916 praescriptio
1628 2869 1677 2905 xcl
1698 2874 1746 2904 ta-

971 2919 1039 2954 cita
1065 2919 1290 2954 renuntiatio.
