<?xml version="1.0" encoding="UTF-8"?>
<!DOCTYPE html PUBLIC "-//W3C//DTD XHTML 1.0 Transitional//EN"
    "http://www.w3.org/TR/xhtml1/DTD/xhtml1-transitional.dtd">
<html xmlns="http://www.w3.org/1999/xhtml" xml:lang="en" lang="en">
 <head>
  <title>
</title>
<meta http-equiv="Content-Type" content="text/html;charset=utf-8" />
  <meta name='ocr-system' content='tesseract 3.04.00' />
  <meta name='ocr-capabilities' content='ocr_page ocr_carea ocr_par ocr_line ocrx_word'/>
</head>
<body>
  <div class='ocr_page' id='page_1' title='image "./commentariumtext01blatuoft_0247.png"; bbox 0 0 1950 3313; ppageno 0'>
   <div class='ocr_carea' id='block_1_1' title="bbox 109 184 1740 234">
    <p class='ocr_par' dir='ltr' id='par_1_1' title="bbox 109 184 1740 234">
     <span class='ocr_line' id='line_1_1' title="bbox 109 184 1740 234; baseline 0.002 -14"><span class='ocrx_word' id='word_1_1' title='bbox 109 184 205 221; x_wconf 77' lang='lat' dir='ltr'>Can.</span> <span class='ocrx_word' id='word_1_2' title='bbox 231 185 326 220; x_wconf 73' lang='lat'>2342</span> <span class='ocrx_word' id='word_1_3' title='bbox 486 186 569 220; x_wconf 73' lang='lat' dir='ltr'>TIT.</span> <span class='ocrx_word' id='word_1_4' title='bbox 597 186 706 220; x_wconf 83' lang='lat' dir='ltr'>XIII.</span> <span class='ocrx_word' id='word_1_5' title='bbox 733 207 746 212; x_wconf 88' lang='lat'><em>—</em></span> <span class='ocrx_word' id='word_1_6' title='bbox 774 188 828 221; x_wconf 83' lang='lat' dir='ltr'>De</span> <span class='ocrx_word' id='word_1_7' title='bbox 854 190 1005 222; x_wconf 66' lang='lat' dir='ltr'>delictis</span> <span class='ocrx_word' id='word_1_8' title='bbox 1023 192 1158 223; x_wconf 73' lang='lat' dir='ltr'>contra</span> <span class='ocrx_word' id='word_1_9' title='bbox 1182 201 1370 234; x_wconf 69' lang='lat' dir='ltr'>pers-oncis·</span> <span class='ocrx_word' id='word_1_10' title='bbox 1672 191 1740 224; x_wconf 74' lang='lat'>‘235</span> 
     </span>
    </p>
   </div>
   <div class='ocr_carea' id='block_1_2' title="bbox 172 246 751 253">
    <p class='ocr_par' dir='ltr' id='par_1_2' title="bbox 172 246 751 253">
     <span class='ocr_line' id='line_1_2' title="bbox 172 246 751 253; baseline 0 0"><span class='ocrx_word' id='word_1_11' title='bbox 172 246 751 253; x_wconf 95' lang='lat' dir='ltr'> </span> 
     </span>
    </p>
   </div>
   <div class='ocr_carea' id='block_1_3' title="bbox 93 305 1738 2989">
    <p class='ocr_par' dir='ltr' id='par_1_3' title="bbox 98 305 1738 1926">
     <span class='ocr_line' id='line_1_3' title="bbox 112 305 1738 367; baseline 0.002 -19"><span class='ocrx_word' id='word_1_12' title='bbox 112 305 225 348; x_wconf 68' lang='lat'>2230</span> <span class='ocrx_word' id='word_1_13' title='bbox 265 321 285 347; x_wconf 76' lang='grc'>(1</span> <span class='ocrx_word' id='word_1_14' title='bbox 308 310 560 350; x_wconf 74' lang='lat' dir='ltr'><strong>excusantur</strong></span> <span class='ocrx_word' id='word_1_15' title='bbox 593 319 613 349; x_wconf 87' lang='lat' dir='ltr'>a</span> <span class='ocrx_word' id='word_1_16' title='bbox 650 310 790 362; x_wconf 85' lang='lat' dir='ltr'>poenis</span> <span class='ocrx_word' id='word_1_17' title='bbox 825 308 927 351; x_wconf 87' lang='lat' dir='ltr'>latae</span> <span class='ocrx_word' id='word_1_18' title='bbox 961 312 1187 353; x_wconf 84' lang='lat' dir='ltr'>sentcntiae</span> <span class='ocrx_word' id='word_1_19' title='bbox 1210 326 1248 356; x_wconf 77' lang='lat'>»,</span> <span class='ocrx_word' id='word_1_20' title='bbox 1273 316 1391 366; x_wconf 84' lang='lat' dir='ltr'>prout</span> <span class='ocrx_word' id='word_1_21' title='bbox 1425 316 1483 353; x_wconf 87' lang='lat' dir='ltr'>cst</span> <span class='ocrx_word' id='word_1_22' title='bbox 1504 310 1738 367; x_wconf 83' lang='lat' dir='ltr'>supradicta</span> 
     </span>
     <span class='ocr_line' id='line_1_4' title="bbox 109 379 1737 438; baseline 0.001 -18"><span class='ocrx_word' id='word_1_23' title='bbox 109 379 506 431; x_wconf 73' lang='lat' dir='ltr'>excommunicatio,</span> <span class='ocrx_word' id='word_1_24' title='bbox 543 381 668 421; x_wconf 79' lang='lat' dir='ltr'>ceteri</span> <span class='ocrx_word' id='word_1_25' title='bbox 707 381 876 434; x_wconf 78' lang='lat' dir='ltr'>praefati</span> <span class='ocrx_word' id='word_1_26' title='bbox 908 384 1154 436; x_wconf 85' lang='lat' dir='ltr'>puniuntur:</span> <span class='ocrx_word' id='word_1_27' title='bbox 1180 381 1220 438; x_wconf 87' lang='lat' dir='ltr'>a)</span> <span class='ocrx_word' id='word_1_28' title='bbox 1246 382 1286 424; x_wconf 75' lang='lat' dir='ltr'>tn</span> <span class='ocrx_word' id='word_1_29' title='bbox 1321 396 1465 423; x_wconf 70' lang='lat' dir='ltr'>eanum</span> <span class='ocrx_word' id='word_1_30' title='bbox 1500 381 1737 424; x_wconf 89' lang='lat' dir='ltr'>monialium</span> 
     </span>
     <span class='ocr_line' id='line_1_5' title="bbox 110 447 1736 509; baseline 0.002 -19"><span class='ocrx_word' id='word_1_31' title='bbox 110 447 161 491; x_wconf 84' lang='lat' dir='ltr'>de</span> <span class='ocrx_word' id='word_1_32' title='bbox 195 448 345 506; x_wconf 89' lang='lat' dir='ltr'>quibus</span> <span class='ocrx_word' id='word_1_33' title='bbox 377 453 495 491; x_wconf 83' lang='lat' dir='ltr'>antea</span> <span class='ocrx_word' id='word_1_34' title='bbox 529 450 788 491; x_wconf 72' lang='lat' dir='ltr'>mctmsteria</span> <span class='ocrx_word' id='word_1_35' title='bbox 824 450 867 507; x_wconf 87' lang='lat' dir='ltr'>b)</span> <span class='ocrx_word' id='word_1_36' title='bbox 900 451 990 493; x_wconf 64' lang='lat' dir='ltr'>stim</span> <span class='ocrx_word' id='word_1_37' title='bbox 1023 451 1211 509; x_wconf 59' lang='lat' dir='ltr'>[effitiunt</span> <span class='ocrx_word' id='word_1_38' title='bbox 1247 452 1433 500; x_wconf 70' lang='lat' dir='ltr'>lieentia,</span> <span class='ocrx_word' id='word_1_39' title='bbox 1459 452 1638 495; x_wconf 84' lang='lat' dir='ltr'>scilicet:</span> <span class='ocrx_word' id='word_1_40' title='bbox 1676 451 1736 494; x_wconf 73' lang='grc' dir='ltr'>1·οΙ</span> 
     </span>
     <span class='ocr_line' id='line_1_6' title="bbox 109 520 1737 579; baseline 0.001 -16"><span class='ocrx_word' id='word_1_41' title='bbox 109 520 284 563; x_wconf 77' lang='lat' dir='ltr'>Sanctae</span> <span class='ocrx_word' id='word_1_42' title='bbox 317 520 434 563; x_wconf 80' lang='lat' dir='ltr'>Sedis</span> <span class='ocrx_word' id='word_1_43' title='bbox 468 521 579 562; x_wconf 89' lang='lat' dir='ltr'>iuxta</span> <span class='ocrx_word' id='word_1_44' title='bbox 615 522 773 563; x_wconf 87' lang='lat' dir='ltr'>initium</span> <span class='ocrx_word' id='word_1_45' title='bbox 810 534 897 564; x_wconf 85' lang='lat' dir='ltr'>can.</span> <span class='ocrx_word' id='word_1_46' title='bbox 932 523 1029 567; x_wconf 76' lang='lat'><strong>(500.</strong></span> <span class='ocrx_word' id='word_1_47' title='bbox 1068 523 1128 566; x_wconf 73' lang='lat' dir='ltr'>rel</span> <span class='ocrx_word' id='word_1_48' title='bbox 1164 521 1374 566; x_wconf 83' lang='lat' dir='ltr'>Ordinarii</span> <span class='ocrx_word' id='word_1_49' title='bbox 1412 524 1485 566; x_wconf 72' lang='lat' dir='ltr'>loci</span> <span class='ocrx_word' id='word_1_50' title='bbox 1523 526 1737 579; x_wconf 85' lang='lat' dir='ltr'>impetrata</span> 
     </span>
     <span class='ocr_line' id='line_1_7' title="bbox 107 589 1735 649; baseline 0.002 -19"><span class='ocrx_word' id='word_1_51' title='bbox 107 589 338 633; x_wconf 88' lang='lat' dir='ltr'>secundum</span> <span class='ocrx_word' id='word_1_52' title='bbox 373 601 462 633; x_wconf 83' lang='lat' dir='ltr'>can.</span> <span class='ocrx_word' id='word_1_53' title='bbox 488 589 681 633; x_wconf 89' lang='lat' dir='ltr'>eumdem</span> <span class='ocrx_word' id='word_1_54' title='bbox 719 604 754 632; x_wconf 92' lang='lat' dir='ltr'>n.</span> <span class='ocrx_word' id='word_1_55' title='bbox 781 591 840 645; x_wconf 72' lang='lat'>4⁰,</span> <span class='ocrx_word' id='word_1_56' title='bbox 864 591 1153 647; x_wconf 66' lang='lat' dir='ltr'>tityrettiemto,</span> <span class='ocrx_word' id='word_1_57' title='bbox 1182 593 1230 634; x_wconf 70' lang='lat' dir='ltr'><em>w</em></span> <span class='ocrx_word' id='word_1_58' title='bbox 1262 592 1507 649; x_wconf 68' lang='lat' dir='ltr'>paritez-‹stu›</span> <span class='ocrx_word' id='word_1_59' title='bbox 1540 594 1562 634; x_wconf 93' lang='lat' dir='ltr'>i.</span> <span class='ocrx_word' id='word_1_60' title='bbox 1588 606 1621 634; x_wconf 85' lang='grc'>0.</span> <span class='ocrx_word' id='word_1_61' title='bbox 1646 590 1735 634; x_wconf 87' lang='lat' dir='ltr'>sub-</span> 
     </span>
     <span class='ocr_line' id='line_1_8' title="bbox 109 661 1734 718; baseline 0.001 -16"><span class='ocrx_word' id='word_1_62' title='bbox 109 661 243 703; x_wconf 86' lang='lat' dir='ltr'>iacent</span> <span class='ocrx_word' id='word_1_63' title='bbox 275 673 441 718; x_wconf 87' lang='lat' dir='ltr'>quoque</span> <span class='ocrx_word' id='word_1_64' title='bbox 477 661 685 717; x_wconf 74' lang='lat' dir='ltr'>praefatae</span> <span class='ocrx_word' id='word_1_65' title='bbox 721 667 957 704; x_wconf 74' lang='lat' dir='ltr'>reservatae</span> <span class='ocrx_word' id='word_1_66' title='bbox 998 665 1431 710; x_wconf 74' lang='lat' dir='ltr'>excommunicationi,</span> <span class='ocrx_word' id='word_1_67' title='bbox 1466 677 1533 705; x_wconf 78' lang='lat' dir='ltr'>eos</span> <span class='ocrx_word' id='word_1_68' title='bbox 1567 675 1734 717; x_wconf 78' lang='lat' dir='ltr'>nempe:</span> 
     </span>
     <span class='ocr_line' id='line_1_9' title="bbox 112 730 1733 789; baseline 0.001 -17"><span class='ocrx_word' id='word_1_69' title='bbox 112 746 134 772; x_wconf 87' lang='lat'>«</span> <span class='ocrx_word' id='word_1_70' title='bbox 157 730 391 775; x_wconf 89' lang='lat' dir='ltr'>clausuram</span> <span class='ocrx_word' id='word_1_71' title='bbox 428 731 667 775; x_wconf 87' lang='lat' dir='ltr'>monialium</span> <span class='ocrx_word' id='word_1_72' title='bbox 708 735 907 775; x_wconf 73' lang='lat' dir='ltr'>violantes</span> <span class='ocrx_word' id='word_1_73' title='bbox 932 736 968 775; x_wconf 94' lang='lat' dir='ltr'>in</span> <span class='ocrx_word' id='word_1_74' title='bbox 994 746 1135 776; x_wconf 85' lang='lat' dir='ltr'>carum</span> <span class='ocrx_word' id='word_1_75' title='bbox 1173 736 1417 776; x_wconf 82' lang='lat' dir='ltr'>monasteria</span> <span class='ocrx_word' id='word_1_76' title='bbox 1444 736 1531 775; x_wconf 86' lang='lat' dir='ltr'>sine</span> <span class='ocrx_word' id='word_1_77' title='bbox 1556 732 1733 789; x_wconf 80' lang='lat' dir='ltr'>legitima</span> 
     </span>
     <span class='ocr_line' id='line_1_10' title="bbox 108 801 1735 860; baseline -0.001 -15"><span class='ocrx_word' id='word_1_78' title='bbox 108 801 272 846; x_wconf 82' lang='lat' dir='ltr'>licentia</span> <span class='ocrx_word' id='word_1_79' title='bbox 298 803 570 858; x_wconf 78' lang='lat' dir='ltr'>ingrediendo</span> <span class='ocrx_word' id='word_1_80' title='bbox 594 819 615 843; x_wconf 86' lang='lat'>»</span> <span class='ocrx_word' id='word_1_81' title='bbox 639 803 736 860; x_wconf 91' lang='lat' dir='ltr'>(non</span> <span class='ocrx_word' id='word_1_82' title='bbox 761 803 941 847; x_wconf 78' lang='lat' dir='ltr'>exclusis</span> <span class='ocrx_word' id='word_1_83' title='bbox 966 803 1251 860; x_wconf 86' lang='lat' dir='ltr'>impuberibus</span> <span class='ocrx_word' id='word_1_84' title='bbox 1283 818 1404 859; x_wconf 77' lang='lat' dir='ltr'>supra</span> <span class='ocrx_word' id='word_1_85' title='bbox 1440 804 1735 855; x_wconf 65' lang='lat' dir='ltr'>determinatis,</span> 
     </span>
     <span class='ocr_line' id='line_1_11' title="bbox 106 874 1735 932; baseline -0.001 -16"><span class='ocrx_word' id='word_1_86' title='bbox 106 876 202 931; x_wconf 89' lang='lat' dir='ltr'>quia</span> <span class='ocrx_word' id='word_1_87' title='bbox 228 874 459 930; x_wconf 82' lang='lat' dir='ltr'>designatio</span> <span class='ocrx_word' id='word_1_88' title='bbox 484 887 752 930; x_wconf 84' lang='lat' dir='ltr'>personarum</span> <span class='ocrx_word' id='word_1_89' title='bbox 778 875 968 918; x_wconf 85' lang='lat' dir='ltr'>distincta</span> <span class='ocrx_word' id='word_1_90' title='bbox 996 877 1032 917; x_wconf 90' lang='lat' dir='ltr'>in</span> <span class='ocrx_word' id='word_1_91' title='bbox 1060 878 1190 932; x_wconf 88' lang='lat' dir='ltr'>prima</span> <span class='ocrx_word' id='word_1_92' title='bbox 1217 880 1329 931; x_wconf 82' lang='lat' dir='ltr'>parte</span> <span class='ocrx_word' id='word_1_93' title='bbox 1364 880 1457 917; x_wconf 73' lang='lat' dir='ltr'>tunc</span> <span class='ocrx_word' id='word_1_94' title='bbox 1492 875 1735 922; x_wconf 69' lang='lat' dir='ltr'>necessaria,</span> 
     </span>
     <span class='ocr_line' id='line_1_12' title="bbox 106 943 1735 1002; baseline -0.002 -14"><span class='ocrx_word' id='word_1_95' title='bbox 106 947 201 1002; x_wconf 87' lang='lat' dir='ltr'>quia</span> <span class='ocrx_word' id='word_1_96' title='bbox 226 945 422 989; x_wconf 86' lang='lat' dir='ltr'>delictum</span> <span class='ocrx_word' id='word_1_97' title='bbox 449 958 590 988; x_wconf 85' lang='lat' dir='ltr'>earum</span> <span class='ocrx_word' id='word_1_98' title='bbox 620 945 881 1001; x_wconf 76' lang='lat' dir='ltr'>puniebatur,</span> <span class='ocrx_word' id='word_1_99' title='bbox 901 948 939 989; x_wconf 91' lang='lat' dir='ltr'>in</span> <span class='ocrx_word' id='word_1_100' title='bbox 965 946 1040 989; x_wconf 87' lang='lat' dir='ltr'>hac</span> <span class='ocrx_word' id='word_1_101' title='bbox 1063 947 1242 989; x_wconf 79' lang='lat' dir='ltr'>secunda</span> <span class='ocrx_word' id='word_1_102' title='bbox 1268 951 1327 989; x_wconf 63' lang='lat' dir='ltr'>est</span> <span class='ocrx_word' id='word_1_103' title='bbox 1355 943 1735 1001; x_wconf 80' lang='lat' dir='ltr'>praetermittenda)</span> 
     </span>
     <span class='ocr_line' id='line_1_13' title="bbox 105 1016 1733 1073; baseline -0.001 -15"><span class='ocrx_word' id='word_1_104' title='bbox 105 1016 203 1059; x_wconf 88' lang='lat' dir='ltr'>dum</span> <span class='ocrx_word' id='word_1_105' title='bbox 241 1021 403 1073; x_wconf 88' lang='lat' dir='ltr'>patrant</span> <span class='ocrx_word' id='word_1_106' title='bbox 436 1016 633 1060; x_wconf 84' lang='lat' dir='ltr'>delictum</span> <span class='ocrx_word' id='word_1_107' title='bbox 667 1017 716 1060; x_wconf 90' lang='lat' dir='ltr'>ad</span> <span class='ocrx_word' id='word_1_108' title='bbox 753 1030 939 1060; x_wconf 89' lang='lat' dir='ltr'>normam</span> <span class='ocrx_word' id='word_1_109' title='bbox 965 1030 1053 1060; x_wconf 80' lang='lat' dir='ltr'>can.</span> <span class='ocrx_word' id='word_1_110' title='bbox 1081 1016 1242 1061; x_wconf 72' lang='grc'>(1001111</span> <span class='ocrx_word' id='word_1_111' title='bbox 1277 1016 1521 1073; x_wconf 75' lang='lat' dir='ltr'>explicatam</span> <span class='ocrx_word' id='word_1_112' title='bbox 1556 1020 1593 1057; x_wconf 91' lang='lat' dir='ltr'>et</span> <span class='ocrx_word' id='word_1_113' title='bbox 1628 1028 1733 1057; x_wconf 80' lang='lat' dir='ltr'>nunc</span> 
     </span>
     <span class='ocr_line' id='line_1_14' title="bbox 104 1087 1732 1146; baseline -0.002 -16"><span class='ocrx_word' id='word_1_114' title='bbox 104 1090 303 1132; x_wconf 83' lang='lat' dir='ltr'>sancitam</span> <span class='ocrx_word' id='word_1_115' title='bbox 339 1087 380 1146; x_wconf 91' lang='lat' dir='ltr'>a)</span> <span class='ocrx_word' id='word_1_116' title='bbox 404 1087 718 1131; x_wconf 67' lang='lat' dir='ltr'>introducentes</span> <span class='ocrx_word' id='word_1_117' title='bbox 751 1088 803 1132; x_wconf 90' lang='lat' dir='ltr'>ab</span> <span class='ocrx_word' id='word_1_118' title='bbox 835 1093 965 1142; x_wconf 87' lang='lat' dir='ltr'>extra,</span> <span class='ocrx_word' id='word_1_119' title='bbox 1000 1089 1108 1146; x_wconf 89' lang='lat' dir='ltr'>quod</span> <span class='ocrx_word' id='word_1_120' title='bbox 1146 1088 1334 1143; x_wconf 79' lang='lat' dir='ltr'>verbum,</span> <span class='ocrx_word' id='word_1_121' title='bbox 1370 1092 1531 1144; x_wconf 88' lang='lat' dir='ltr'>praeter</span> <span class='ocrx_word' id='word_1_122' title='bbox 1564 1100 1632 1129; x_wconf 85' lang='lat' dir='ltr'>eos</span> <span class='ocrx_word' id='word_1_123' title='bbox 1665 1088 1732 1143; x_wconf 90' lang='grc'>(1111</span> 
     </span>
     <span class='ocr_line' id='line_1_15' title="bbox 105 1156 1734 1216; baseline -0.002 -15"><span class='ocrx_word' id='word_1_124' title='bbox 105 1158 342 1202; x_wconf 84' lang='lat' dir='ltr'>facultatem</span> <span class='ocrx_word' id='word_1_125' title='bbox 368 1159 628 1215; x_wconf 84' lang='lat' dir='ltr'>ingrediendi</span> <span class='ocrx_word' id='word_1_126' title='bbox 654 1158 868 1216; x_wconf 79' lang='lat' dir='ltr'>praebent,</span> <span class='ocrx_word' id='word_1_127' title='bbox 889 1161 1020 1202; x_wconf 85' lang='lat' dir='ltr'>innuit</span> <span class='ocrx_word' id='word_1_128' title='bbox 1043 1158 1144 1202; x_wconf 88' lang='lat' dir='ltr'>alios</span> <span class='ocrx_word' id='word_1_129' title='bbox 1162 1161 1230 1216; x_wconf 87' lang='lat' dir='ltr'>qui</span> <span class='ocrx_word' id='word_1_130' title='bbox 1253 1158 1421 1215; x_wconf 68' lang='lat' dir='ltr'>physice</span> <span class='ocrx_word' id='word_1_131' title='bbox 1443 1157 1504 1199; x_wconf 70' lang='lat' dir='ltr'>vol</span> <span class='ocrx_word' id='word_1_132' title='bbox 1527 1156 1734 1199; x_wconf 84' lang='lat' dir='ltr'>moraliter</span> 
     </span>
     <span class='ocr_line' id='line_1_16' title="bbox 103 1226 1734 1287; baseline -0.002 -15"><span class='ocrx_word' id='word_1_133' title='bbox 103 1229 174 1272; x_wconf 85' lang='lat' dir='ltr'>sed</span> <span class='ocrx_word' id='word_1_134' title='bbox 210 1233 390 1287; x_wconf 88' lang='lat' dir='ltr'>proprie,</span> <span class='ocrx_word' id='word_1_135' title='bbox 417 1243 566 1286; x_wconf 89' lang='lat' dir='ltr'>pueros</span> <span class='ocrx_word' id='word_1_136' title='bbox 589 1243 636 1274; x_wconf 86' lang='lat' dir='ltr'>ac</span> <span class='ocrx_word' id='word_1_137' title='bbox 661 1229 819 1287; x_wconf 87' lang='lat' dir='ltr'>puellas</span> <span class='ocrx_word' id='word_1_138' title='bbox 852 1243 945 1273; x_wconf 85' lang='lat' dir='ltr'>cum</span> <span class='ocrx_word' id='word_1_139' title='bbox 983 1231 1150 1273; x_wconf 88' lang='lat' dir='ltr'>rationis</span> <span class='ocrx_word' id='word_1_140' title='bbox 1184 1243 1272 1280; x_wconf 89' lang='lat' dir='ltr'>usu,</span> <span class='ocrx_word' id='word_1_141' title='bbox 1298 1229 1476 1284; x_wconf 83' lang='lat' dir='ltr'>indeque</span> <span class='ocrx_word' id='word_1_142' title='bbox 1511 1226 1734 1283; x_wconf 82' lang='lat' dir='ltr'>prohibitas</span> 
     </span>
     <span class='ocr_line' id='line_1_17' title="bbox 104 1300 1733 1357; baseline -0.002 -14"><span class='ocrx_word' id='word_1_143' title='bbox 104 1314 151 1343; x_wconf 90' lang='lat' dir='ltr'>ex</span> <span class='ocrx_word' id='word_1_144' title='bbox 188 1313 277 1346; x_wconf 87' lang='lat' dir='ltr'>can.</span> <span class='ocrx_word' id='word_1_145' title='bbox 314 1302 412 1356; x_wconf 81' lang='lat'>600,</span> <span class='ocrx_word' id='word_1_146' title='bbox 447 1304 552 1345; x_wconf 88' lang='lat' dir='ltr'>intra</span> <span class='ocrx_word' id='word_1_147' title='bbox 587 1301 821 1344; x_wconf 70' lang='lat' dir='ltr'>clausuram</span> <span class='ocrx_word' id='word_1_148' title='bbox 862 1301 1030 1353; x_wconf 84' lang='lat' dir='ltr'>ducunt,</span> <span class='ocrx_word' id='word_1_149' title='bbox 1068 1301 1109 1357; x_wconf 88' lang='lat' dir='ltr'>b)</span> <span class='ocrx_word' id='word_1_150' title='bbox 1142 1300 1204 1343; x_wconf 64' lang='lat' dir='ltr'>ret</span> <span class='ocrx_word' id='word_1_151' title='bbox 1237 1300 1502 1343; x_wconf 70' lang='lat' dir='ltr'>admittentes</span> <span class='ocrx_word' id='word_1_152' title='bbox 1535 1313 1582 1342; x_wconf 86' lang='lat' dir='ltr'>ex</span> <span class='ocrx_word' id='word_1_153' title='bbox 1621 1304 1733 1354; x_wconf 87' lang='lat' dir='ltr'>parte</span> 
     </span>
     <span class='ocr_line' id='line_1_18' title="bbox 103 1369 1732 1429; baseline -0.004 -13"><span class='ocrx_word' id='word_1_154' title='bbox 103 1372 401 1424; x_wconf 75' lang='lat' dir='ltr'>claustralium,</span> <span class='ocrx_word' id='word_1_155' title='bbox 438 1378 478 1416; x_wconf 93' lang='lat' dir='ltr'>ut</span> <span class='ocrx_word' id='word_1_156' title='bbox 521 1375 702 1427; x_wconf 83' lang='lat' dir='ltr'>ostiaria,</span> <span class='ocrx_word' id='word_1_157' title='bbox 741 1376 1027 1429; x_wconf 88' lang='lat' dir='ltr'>superiorissa,</span> <span class='ocrx_word' id='word_1_158' title='bbox 1066 1372 1254 1428; x_wconf 90' lang='lat' dir='ltr'>aliaeque</span> <span class='ocrx_word' id='word_1_159' title='bbox 1288 1371 1531 1428; x_wconf 79' lang='lat' dir='ltr'>praebentes</span> <span class='ocrx_word' id='word_1_160' title='bbox 1565 1369 1732 1426; x_wconf 63' lang='lat' dir='ltr'>physice</span> 
     </span>
     <span class='ocr_line' id='line_1_19' title="bbox 102 1441 1732 1502; baseline -0.002 -16"><span class='ocrx_word' id='word_1_161' title='bbox 102 1443 464 1502; x_wconf 78' lang='lat' dir='ltr'>qualitercumque</span> <span class='ocrx_word' id='word_1_162' title='bbox 485 1447 737 1501; x_wconf 82' lang='lat' dir='ltr'>ingressum:</span> <span class='ocrx_word' id='word_1_163' title='bbox 755 1471 796 1474; x_wconf 97' lang='lat'><strong>—</strong></span> <span class='ocrx_word' id='word_1_164' title='bbox 823 1444 957 1501; x_wconf 86' lang='lat' dir='ltr'>quoad</span> <span class='ocrx_word' id='word_1_165' title='bbox 982 1457 1153 1500; x_wconf 90' lang='lat' dir='ltr'>poenam</span> <span class='ocrx_word' id='word_1_166' title='bbox 1178 1457 1275 1486; x_wconf 81' lang='lat' dir='ltr'>vero</span> <span class='ocrx_word' id='word_1_167' title='bbox 1294 1444 1520 1486; x_wconf 89' lang='lat' dir='ltr'>sententiae</span> <span class='ocrx_word' id='word_1_168' title='bbox 1541 1441 1732 1483; x_wconf 85' lang='lat' dir='ltr'>ferendae</span> 
     </span>
     <span class='ocr_line' id='line_1_20' title="bbox 101 1513 1727 1573; baseline -0.005 -15"><span class='ocrx_word' id='word_1_169' title='bbox 101 1517 316 1572; x_wconf 87' lang='lat' dir='ltr'>sequitur:</span> <span class='ocrx_word' id='word_1_170' title='bbox 353 1514 462 1573; x_wconf 81' lang='lat' dir='ltr'>quod</span> <span class='ocrx_word' id='word_1_171' title='bbox 495 1515 531 1558; x_wconf 75' lang='lat' dir='ltr'>si</span> <span class='ocrx_word' id='word_1_172' title='bbox 564 1515 708 1559; x_wconf 73' lang='lat' dir='ltr'>cleriei</span> <span class='ocrx_word' id='word_1_173' title='bbox 740 1515 870 1558; x_wconf 77' lang='lat' dir='ltr'>siut«</span> <span class='ocrx_word' id='word_1_174' title='bbox 895 1520 1061 1572; x_wconf 88' lang='lat' dir='ltr'>propter</span> <span class='ocrx_word' id='word_1_175' title='bbox 1094 1517 1269 1572; x_wconf 89' lang='lat' dir='ltr'>primam</span> <span class='ocrx_word' id='word_1_176' title='bbox 1294 1513 1438 1557; x_wconf 91' lang='lat' dir='ltr'>saltem</span> <span class='ocrx_word' id='word_1_177' title='bbox 1473 1518 1681 1555; x_wconf 87' lang='lat' dir='ltr'>tonsuram</span> <span class='ocrx_word' id='word_1_178' title='bbox 1707 1527 1727 1550; x_wconf 84' lang='lat'>»</span> 
     </span>
     <span class='ocr_line' id='line_1_21' title="bbox 102 1583 1730 1644; baseline -0.004 -14"><span class='ocrx_word' id='word_1_179' title='bbox 102 1585 330 1643; x_wconf 79' lang='lat' dir='ltr'>(can.108,</span> <span class='ocrx_word' id='word_1_180' title='bbox 364 1589 389 1641; x_wconf 62' lang='grc' dir='ltr'><strong>ἓ</strong></span> <span class='ocrx_word' id='word_1_181' title='bbox 425 1586 466 1644; x_wconf 87' lang='grc'>1)</span> <span class='ocrx_word' id='word_1_182' title='bbox 498 1593 723 1644; x_wconf 71' lang='lat' dir='ltr'>praeterea</span> <span class='ocrx_word' id='word_1_183' title='bbox 755 1586 1072 1644; x_wconf 71' lang='lat' dir='ltr'>suspendantur</span> <span class='ocrx_word' id='word_1_184' title='bbox 1104 1600 1152 1630; x_wconf 88' lang='lat' dir='ltr'>ex</span> <span class='ocrx_word' id='word_1_185' title='bbox 1189 1587 1442 1629; x_wconf 89' lang='lat' dir='ltr'>iniunctione</span> <span class='ocrx_word' id='word_1_186' title='bbox 1476 1584 1583 1641; x_wconf 82' lang='lat' dir='ltr'>(can.</span> <span class='ocrx_word' id='word_1_187' title='bbox 1606 1583 1730 1633; x_wconf 77' lang='lat'>2223,</span> 
     </span>
     <span class='ocr_line' id='line_1_22' title="bbox 101 1656 1730 1716; baseline -0.004 -16"><span class='ocrx_word' id='word_1_188' title='bbox 101 1660 125 1711; x_wconf 64' lang='grc' dir='ltr'><strong>ἓ</strong></span> <span class='ocrx_word' id='word_1_189' title='bbox 160 1658 202 1714; x_wconf 86' lang='grc'>3)</span> <span class='ocrx_word' id='word_1_190' title='bbox 223 1671 301 1716; x_wconf 78' lang='lat' dir='ltr'>per</span> <span class='ocrx_word' id='word_1_191' title='bbox 335 1663 494 1715; x_wconf 76' lang='lat' dir='ltr'>tempus</span> <span class='ocrx_word' id='word_1_192' title='bbox 524 1672 602 1715; x_wconf 78' lang='lat' dir='ltr'>pro</span> <span class='ocrx_word' id='word_1_193' title='bbox 633 1658 849 1716; x_wconf 71' lang='lat' dir='ltr'>yrum&#39;tate</span> <span class='ocrx_word' id='word_1_194' title='bbox 880 1658 1041 1715; x_wconf 74' lang='lat' dir='ltr'>culpae,</span> <span class='ocrx_word' id='word_1_195' title='bbox 1065 1671 1172 1715; x_wconf 88' lang='lat' dir='ltr'>quae</span> <span class='ocrx_word' id='word_1_196' title='bbox 1204 1656 1387 1700; x_wconf 89' lang='lat' dir='ltr'>clausula</span> <span class='ocrx_word' id='word_1_197' title='bbox 1424 1656 1609 1711; x_wconf 75' lang='lat' dir='ltr'>indigitat</span> <span class='ocrx_word' id='word_1_198' title='bbox 1647 1668 1730 1696; x_wconf 83' lang='lat' dir='ltr'>mo-</span> 
     </span>
     <span class='ocr_line' id='line_1_23' title="bbox 101 1725 1728 1786; baseline -0.002 -16"><span class='ocrx_word' id='word_1_199' title='bbox 101 1727 304 1772; x_wconf 88' lang='lat' dir='ltr'>ralitatem</span> <span class='ocrx_word' id='word_1_200' title='bbox 340 1734 457 1772; x_wconf 88' lang='lat' dir='ltr'>actus</span> <span class='ocrx_word' id='word_1_201' title='bbox 491 1741 661 1785; x_wconf 80' lang='lat' dir='ltr'>pravam</span> <span class='ocrx_word' id='word_1_202' title='bbox 698 1729 1007 1786; x_wconf 88' lang='lat' dir='ltr'>ponderandam</span> <span class='ocrx_word' id='word_1_203' title='bbox 1044 1727 1092 1770; x_wconf 82' lang='lat' dir='ltr'>ab</span> <span class='ocrx_word' id='word_1_204' title='bbox 1130 1727 1361 1770; x_wconf 72' lang='lat' dir='ltr'>Ordinurt&#39;o</span> <span class='ocrx_word' id='word_1_205' title='bbox 1398 1726 1472 1769; x_wconf 83' lang='lat' dir='ltr'>loci</span> <span class='ocrx_word' id='word_1_206' title='bbox 1510 1725 1571 1768; x_wconf 80' lang='lat' dir='ltr'>rel</span> <span class='ocrx_word' id='word_1_207' title='bbox 1606 1738 1626 1768; x_wconf 88' lang='lat' dir='ltr'>a</span> <span class='ocrx_word' id='word_1_208' title='bbox 1656 1727 1728 1767; x_wconf 67' lang='lat' dir='ltr'>Su-</span> 
     </span>
     <span class='ocr_line' id='line_1_24' title="bbox 101 1795 1730 1856; baseline -0.002 -15"><span class='ocrx_word' id='word_1_209' title='bbox 101 1801 263 1855; x_wconf 86' lang='lat' dir='ltr'>periore</span> <span class='ocrx_word' id='word_1_210' title='bbox 309 1799 503 1856; x_wconf 82' lang='lat' dir='ltr'>regulari,</span> <span class='ocrx_word' id='word_1_211' title='bbox 542 1799 740 1843; x_wconf 88' lang='lat' dir='ltr'>alterutro</span> <span class='ocrx_word' id='word_1_212' title='bbox 787 1812 958 1855; x_wconf 87' lang='lat' dir='ltr'>poenam</span> <span class='ocrx_word' id='word_1_213' title='bbox 1007 1800 1229 1855; x_wconf 80' lang='lat' dir='ltr'>infligente,</span> <span class='ocrx_word' id='word_1_214' title='bbox 1263 1800 1294 1840; x_wconf 87' lang='lat' dir='ltr'>si</span> <span class='ocrx_word' id='word_1_215' title='bbox 1332 1797 1425 1840; x_wconf 84' lang='lat' dir='ltr'>huic</span> <span class='ocrx_word' id='word_1_216' title='bbox 1458 1795 1730 1839; x_wconf 85' lang='lat' dir='ltr'>subiiciantur</span> 
     </span>
     <span class='ocr_line' id='line_1_25' title="bbox 98 1868 1260 1926; baseline -0.002 -14"><span class='ocrx_word' id='word_1_217' title='bbox 98 1870 333 1925; x_wconf 86' lang='lat' dir='ltr'>puniendus</span> <span class='ocrx_word' id='word_1_218' title='bbox 365 1882 413 1913; x_wconf 89' lang='lat' dir='ltr'>ac</span> <span class='ocrx_word' id='word_1_219' title='bbox 449 1870 647 1913; x_wconf 88' lang='lat' dir='ltr'>moniales</span> <span class='ocrx_word' id='word_1_220' title='bbox 680 1876 786 1920; x_wconf 82' lang='lat' dir='ltr'>(can.</span> <span class='ocrx_word' id='word_1_221' title='bbox 808 1870 920 1926; x_wconf 74' lang='grc'>1103),</span> <span class='ocrx_word' id='word_1_222' title='bbox 953 1868 1260 1926; x_wconf 78' lang='lat' dir='ltr'>defim&#39;eiutum;</span> 
     </span>
    </p>

    <p class='ocr_par' dir='ltr' id='par_1_4' title="bbox 93 1938 1727 2989">
     <span class='ocr_line' id='line_1_26' title="bbox 217 1938 1727 1998; baseline -0.003 -15"><span class='ocrx_word' id='word_1_223' title='bbox 217 1943 264 1983; x_wconf 69' lang='grc'>20</span> <span class='ocrx_word' id='word_1_224' title='bbox 297 1940 499 1984; x_wconf 70' lang='lat' dir='ltr'>Mulieres</span> <span class='ocrx_word' id='word_1_225' title='bbox 534 1941 732 1998; x_wconf 83' lang='lat' dir='ltr'>(exclusis</span> <span class='ocrx_word' id='word_1_226' title='bbox 766 1940 1052 1997; x_wconf 86' lang='lat' dir='ltr'>impuberibus</span> <span class='ocrx_word' id='word_1_227' title='bbox 1084 1939 1135 1983; x_wconf 88' lang='lat' dir='ltr'>ob</span> <span class='ocrx_word' id='word_1_228' title='bbox 1168 1952 1258 1983; x_wconf 91' lang='lat' dir='ltr'>can.</span> <span class='ocrx_word' id='word_1_229' title='bbox 1296 1938 1421 1989; x_wconf 63' lang='lat'>(2230,</span> <span class='ocrx_word' id='word_1_230' title='bbox 1450 1943 1490 1981; x_wconf 86' lang='lat' dir='ltr'>ut</span> <span class='ocrx_word' id='word_1_231' title='bbox 1524 1940 1560 1979; x_wconf 94' lang='lat' dir='ltr'>in</span> <span class='ocrx_word' id='word_1_232' title='bbox 1598 1939 1727 1993; x_wconf 89' lang='lat' dir='ltr'>prima</span> 
     </span>
     <span class='ocr_line' id='line_1_27' title="bbox 99 2008 1726 2069; baseline -0.004 -15"><span class='ocrx_word' id='word_1_233' title='bbox 99 2009 137 2055; x_wconf 87' lang='lat' dir='ltr'>h.</span> <span class='ocrx_word' id='word_1_234' title='bbox 158 2023 249 2055; x_wconf 89' lang='lat' dir='ltr'>can.</span> <span class='ocrx_word' id='word_1_235' title='bbox 268 2011 401 2069; x_wconf 88' lang='lat' dir='ltr'>parte)</span> <span class='ocrx_word' id='word_1_236' title='bbox 422 2025 514 2056; x_wconf 87' lang='lat' dir='ltr'>nam</span> <span class='ocrx_word' id='word_1_237' title='bbox 551 2012 644 2055; x_wconf 91' lang='lat' dir='ltr'>illae</span> <span class='ocrx_word' id='word_1_238' title='bbox 678 2016 835 2055; x_wconf 87' lang='lat' dir='ltr'>tantum</span> <span class='ocrx_word' id='word_1_239' title='bbox 872 2025 950 2054; x_wconf 92' lang='lat' dir='ltr'>non</span> <span class='ocrx_word' id='word_1_240' title='bbox 979 2013 1055 2053; x_wconf 85' lang='lat' dir='ltr'>viri</span> <span class='ocrx_word' id='word_1_241' title='bbox 1081 2024 1168 2053; x_wconf 88' lang='lat' dir='ltr'>esse</span> <span class='ocrx_word' id='word_1_242' title='bbox 1192 2015 1345 2067; x_wconf 87' lang='lat' dir='ltr'>queunt</span> <span class='ocrx_word' id='word_1_243' title='bbox 1373 2008 1575 2051; x_wconf 67' lang='lat' dir='ltr'>violantes</span> <span class='ocrx_word' id='word_1_244' title='bbox 1607 2021 1726 2064; x_wconf 64' lang='lat' dir='ltr'>requ-</span> 
     </span>
     <span class='ocr_line' id='line_1_28' title="bbox 99 2078 1725 2140; baseline -0.002 -17"><span class='ocrx_word' id='word_1_245' title='bbox 99 2081 257 2125; x_wconf 79' lang='lat' dir='ltr'>larium</span> <span class='ocrx_word' id='word_1_246' title='bbox 290 2082 474 2126; x_wconf 76' lang='lat' dir='ltr'>virorum</span> <span class='ocrx_word' id='word_1_247' title='bbox 506 2099 524 2123; x_wconf 86' lang='lat'>«</span> <span class='ocrx_word' id='word_1_248' title='bbox 549 2085 617 2140; x_wconf 90' lang='lat' dir='ltr'>qui</span> <span class='ocrx_word' id='word_1_249' title='bbox 657 2087 746 2126; x_wconf 80' lang='lat' dir='ltr'>vota</span> <span class='ocrx_word' id='word_1_250' title='bbox 783 2086 1076 2138; x_wconf 81' lang='lat' dir='ltr'>nuncuparunt</span> <span class='ocrx_word' id='word_1_251' title='bbox 1111 2084 1146 2123; x_wconf 95' lang='lat' dir='ltr'>in</span> <span class='ocrx_word' id='word_1_252' title='bbox 1182 2078 1383 2124; x_wconf 82' lang='lat' dir='ltr'>Ordine»</span> <span class='ocrx_word' id='word_1_253' title='bbox 1413 2079 1521 2136; x_wconf 82' lang='lat' dir='ltr'>(can.</span> <span class='ocrx_word' id='word_1_254' title='bbox 1541 2078 1637 2130; x_wconf 58' lang='lat'>458,</span> <span class='ocrx_word' id='word_1_255' title='bbox 1663 2078 1725 2133; x_wconf 77' lang='lat'>7⁰)</span> 
     </span>
     <span class='ocr_line' id='line_1_29' title="bbox 98 2148 1726 2211; baseline -0.002 -16"><span class='ocrx_word' id='word_1_256' title='bbox 98 2152 358 2207; x_wconf 77' lang='lat' dir='ltr'>clausuram,</span> <span class='ocrx_word' id='word_1_257' title='bbox 392 2157 516 2211; x_wconf 83' lang='lat' dir='ltr'>igitur</span> <span class='ocrx_word' id='word_1_258' title='bbox 564 2159 704 2197; x_wconf 86' lang='lat' dir='ltr'>contra</span> <span class='ocrx_word' id='word_1_259' title='bbox 757 2155 1056 2209; x_wconf 82' lang='lat' dir='ltr'>praescriptum</span> <span class='ocrx_word' id='word_1_260' title='bbox 1091 2164 1181 2196; x_wconf 86' lang='lat' dir='ltr'>can.</span> <span class='ocrx_word' id='word_1_261' title='bbox 1217 2152 1313 2205; x_wconf 78' lang='lat'>598,</span> <span class='ocrx_word' id='word_1_262' title='bbox 1349 2152 1445 2204; x_wconf 74' lang='lat'>599,</span> <span class='ocrx_word' id='word_1_263' title='bbox 1479 2150 1507 2207; x_wconf 62' lang='grc' dir='ltr'>ἓ</span> <span class='ocrx_word' id='word_1_264' title='bbox 1546 2150 1578 2201; x_wconf 92' lang='lat' dir='ltr'>l,</span> <span class='ocrx_word' id='word_1_265' title='bbox 1613 2155 1650 2191; x_wconf 81' lang='lat' dir='ltr'>et</span> <span class='ocrx_word' id='word_1_266' title='bbox 1686 2148 1726 2204; x_wconf 86' lang='lat' dir='ltr'>b)</span> 
     </span>
     <span class='ocr_line' id='line_1_30' title="bbox 98 2220 1725 2282; baseline -0.002 -16"><span class='ocrx_word' id='word_1_267' title='bbox 98 2224 348 2282; x_wconf 75' lang='lat' dir='ltr'>Superiores</span> <span class='ocrx_word' id='word_1_268' title='bbox 381 2228 635 2282; x_wconf 80' lang='lat' dir='ltr'>quicumque</span> <span class='ocrx_word' id='word_1_269' title='bbox 673 2225 822 2268; x_wconf 89' lang='lat' dir='ltr'>domus</span> <span class='ocrx_word' id='word_1_270' title='bbox 867 2223 1069 2280; x_wconf 83' lang='lat' dir='ltr'>regularis</span> <span class='ocrx_word' id='word_1_271' title='bbox 1101 2223 1152 2266; x_wconf 91' lang='lat' dir='ltr'>de</span> <span class='ocrx_word' id='word_1_272' title='bbox 1185 2235 1265 2280; x_wconf 89' lang='lat' dir='ltr'>qua</span> <span class='ocrx_word' id='word_1_273' title='bbox 1299 2224 1450 2278; x_wconf 81' lang='lat' dir='ltr'>agitur,</span> <span class='ocrx_word' id='word_1_274' title='bbox 1483 2224 1519 2276; x_wconf 79' lang='lat' dir='ltr'>c)</span> <span class='ocrx_word' id='word_1_275' title='bbox 1552 2220 1725 2277; x_wconf 79' lang='lat' dir='ltr'>aliique.</span> 
     </span>
     <span class='ocr_line' id='line_1_31' title="bbox 97 2291 1727 2354; baseline -0.003 -17"><span class='ocrx_word' id='word_1_276' title='bbox 97 2294 345 2354; x_wconf 71' lang='lat' dir='ltr'>quicumque</span> <span class='ocrx_word' id='word_1_277' title='bbox 377 2296 411 2338; x_wconf 82' lang='lat' dir='ltr'>ii</span> <span class='ocrx_word' id='word_1_278' title='bbox 443 2295 541 2352; x_wconf 76' lang='lat' dir='ltr'>siut,</span> <span class='ocrx_word' id='word_1_279' title='bbox 566 2294 739 2339; x_wconf 86' lang='lat' dir='ltr'>subiecti</span> <span class='ocrx_word' id='word_1_280' title='bbox 767 2294 844 2351; x_wconf 82' lang='lat' dir='ltr'>legi</span> <span class='ocrx_word' id='word_1_281' title='bbox 872 2293 1031 2350; x_wconf 87' lang='lat' dir='ltr'>poenali</span> <span class='ocrx_word' id='word_1_282' title='bbox 1067 2294 1509 2336; x_wconf 84' lang='lat' dir='ltr'>excommunicationis</span> <span class='ocrx_word' id='word_1_283' title='bbox 1533 2291 1727 2334; x_wconf 72' lang='lat' dir='ltr'>mulieres</span> 
     </span>
     <span class='ocr_line' id='line_1_32' title="bbox 96 2364 1727 2422; baseline -0.003 -14"><span class='ocrx_word' id='word_1_284' title='bbox 96 2377 144 2409; x_wconf 90' lang='lat' dir='ltr'>ac</span> <span class='ocrx_word' id='word_1_285' title='bbox 181 2368 272 2420; x_wconf 89' lang='lat' dir='ltr'>viri,</span> <span class='ocrx_word' id='word_1_286' title='bbox 306 2381 377 2410; x_wconf 67' lang='lat' dir='ltr'>eas</span> <span class='ocrx_word' id='word_1_287' title='bbox 410 2366 448 2410; x_wconf 91' lang='grc'>11.</span> <span class='ocrx_word' id='word_1_288' title='bbox 484 2380 520 2412; x_wconf 87' lang='grc'>0.</span> <span class='ocrx_word' id='word_1_289' title='bbox 556 2366 750 2409; x_wconf 89' lang='lat' dir='ltr'>mulieres</span> <span class='ocrx_word' id='word_1_290' title='bbox 782 2365 1077 2422; x_wconf 69' lang='lat' dir='ltr'>cuiuscumque</span> <span class='ocrx_word' id='word_1_291' title='bbox 1109 2364 1276 2411; x_wconf 74' lang='lat' dir='ltr'>aetatis,</span> <span class='ocrx_word' id='word_1_292' title='bbox 1311 2377 1409 2419; x_wconf 77' lang='lat' dir='ltr'>ergo</span> <span class='ocrx_word' id='word_1_293' title='bbox 1441 2365 1562 2406; x_wconf 88' lang='lat' dir='ltr'>etiam</span> <span class='ocrx_word' id='word_1_294' title='bbox 1600 2364 1727 2417; x_wconf 89' lang='lat' dir='ltr'>impu—</span> 
     </span>
     <span class='ocr_line' id='line_1_33' title="bbox 99 2434 1723 2493; baseline -0.004 -14"><span class='ocrx_word' id='word_1_295' title='bbox 99 2435 229 2492; x_wconf 85' lang='lat' dir='ltr'>beres,</span> <span class='ocrx_word' id='word_1_296' title='bbox 264 2439 345 2481; x_wconf 89' lang='lat' dir='ltr'>imo</span> <span class='ocrx_word' id='word_1_297' title='bbox 378 2440 452 2481; x_wconf 91' lang='lat' dir='ltr'>etsi</span> <span class='ocrx_word' id='word_1_298' title='bbox 488 2451 565 2480; x_wconf 91' lang='lat' dir='ltr'>non</span> <span class='ocrx_word' id='word_1_299' title='bbox 600 2442 820 2493; x_wconf 87' lang='lat' dir='ltr'>septennes</span> <span class='ocrx_word' id='word_1_300' title='bbox 867 2441 925 2479; x_wconf 88' lang='lat' dir='ltr'>ast</span> <span class='ocrx_word' id='word_1_301' title='bbox 972 2437 1140 2479; x_wconf 86' lang='lat' dir='ltr'>rationis</span> <span class='ocrx_word' id='word_1_302' title='bbox 1175 2448 1248 2478; x_wconf 88' lang='lat' dir='ltr'>usu</span> <span class='ocrx_word' id='word_1_303' title='bbox 1284 2448 1360 2477; x_wconf 87' lang='lat' dir='ltr'>non</span> <span class='ocrx_word' id='word_1_304' title='bbox 1396 2439 1597 2483; x_wconf 72' lang='lat' dir='ltr'>carentes,</span> <span class='ocrx_word' id='word_1_305' title='bbox 1630 2434 1723 2488; x_wconf 87' lang='lat' dir='ltr'>quia</span> 
     </span>
     <span class='ocr_line' id='line_1_34' title="bbox 98 2503 1725 2564; baseline -0.004 -14"><span class='ocrx_word' id='word_1_306' title='bbox 98 2507 271 2551; x_wconf 78' lang='lat' dir='ltr'>verbum</span> <span class='ocrx_word' id='word_1_307' title='bbox 324 2508 520 2552; x_wconf 89' lang='lat' dir='ltr'>mulieres</span> <span class='ocrx_word' id='word_1_308' title='bbox 566 2521 711 2552; x_wconf 91' lang='lat' dir='ltr'>sexum</span> <span class='ocrx_word' id='word_1_309' title='bbox 760 2508 964 2564; x_wconf 81' lang='lat' dir='ltr'>designat,</span> <span class='ocrx_word' id='word_1_310' title='bbox 997 2511 1034 2549; x_wconf 85' lang='lat' dir='ltr'>et</span> <span class='ocrx_word' id='word_1_311' title='bbox 1080 2506 1315 2562; x_wconf 84' lang='lat' dir='ltr'>praedictae</span> <span class='ocrx_word' id='word_1_312' title='bbox 1349 2518 1491 2547; x_wconf 88' lang='lat' dir='ltr'>omnes</span> <span class='ocrx_word' id='word_1_313' title='bbox 1527 2503 1725 2545; x_wconf 69' lang='lat' dir='ltr'>violantes</span> 
     </span>
     <span class='ocr_line' id='line_1_35' title="bbox 94 2573 1724 2635; baseline -0.006 -13"><span class='ocrx_word' id='word_1_314' title='bbox 94 2583 190 2622; x_wconf 89' lang='lat' dir='ltr'>sunt</span> <span class='ocrx_word' id='word_1_315' title='bbox 212 2578 430 2622; x_wconf 88' lang='lat' dir='ltr'>clausurae</span> <span class='ocrx_word' id='word_1_316' title='bbox 465 2583 507 2622; x_wconf 91' lang='lat' dir='ltr'>ut</span> <span class='ocrx_word' id='word_1_317' title='bbox 540 2579 792 2635; x_wconf 85' lang='lat' dir='ltr'>explicatum</span> <span class='ocrx_word' id='word_1_318' title='bbox 828 2583 888 2621; x_wconf 91' lang='lat' dir='ltr'>est</span> <span class='ocrx_word' id='word_1_319' title='bbox 923 2580 959 2619; x_wconf 92' lang='lat' dir='ltr'>in</span> <span class='ocrx_word' id='word_1_320' title='bbox 995 2590 1086 2621; x_wconf 81' lang='lat' dir='ltr'>can.</span> <span class='ocrx_word' id='word_1_321' title='bbox 1112 2577 1210 2629; x_wconf 74' lang='lat'>598,</span> <span class='ocrx_word' id='word_1_322' title='bbox 1234 2579 1259 2629; x_wconf 63' lang='grc' dir='ltr'><strong>ξ</strong></span> <span class='ocrx_word' id='word_1_323' title='bbox 1288 2576 1319 2621; x_wconf 74' lang='lat' dir='ltr'>l,</span> <span class='ocrx_word' id='word_1_324' title='bbox 1346 2574 1391 2631; x_wconf 74' lang='grc' dir='ltr'>α)</span> <span class='ocrx_word' id='word_1_325' title='bbox 1416 2573 1724 2617; x_wconf 70' lang='lat' dir='ltr'>introducentes</span> 
     </span>
     <span class='ocr_line' id='line_1_36' title="bbox 97 2643 1721 2707; baseline -0.006 -15"><span class='ocrx_word' id='word_1_326' title='bbox 97 2650 140 2707; x_wconf 84' lang='grc' dir='ltr'>β)</span> <span class='ocrx_word' id='word_1_327' title='bbox 174 2649 237 2692; x_wconf 78' lang='lat' dir='ltr'>vel</span> <span class='ocrx_word' id='word_1_328' title='bbox 269 2648 550 2702; x_wconf 74' lang='lat' dir='ltr'>admittentes,</span> <span class='ocrx_word' id='word_1_329' title='bbox 586 2654 707 2706; x_wconf 90' lang='lat' dir='ltr'>prout</span> <span class='ocrx_word' id='word_1_330' title='bbox 742 2651 780 2695; x_wconf 93' lang='grc'>111</span> <span class='ocrx_word' id='word_1_331' title='bbox 815 2662 989 2692; x_wconf 89' lang='grc'>1111111010</span> <span class='ocrx_word' id='word_1_332' title='bbox 1025 2647 1285 2703; x_wconf 84' lang='lat' dir='ltr'>praecedenti</span> <span class='ocrx_word' id='word_1_333' title='bbox 1323 2645 1421 2688; x_wconf 77' lang='lat' dir='ltr'>liaec</span> <span class='ocrx_word' id='word_1_334' title='bbox 1470 2643 1591 2687; x_wconf 67' lang='lat' dir='ltr'>rerba</span> <span class='ocrx_word' id='word_1_335' title='bbox 1631 2647 1721 2685; x_wconf 91' lang='lat' dir='ltr'>sunt</span> 
     </span>
     <span class='ocr_line' id='line_1_37' title="bbox 94 2713 1720 2777; baseline -0.006 -13"><span class='ocrx_word' id='word_1_336' title='bbox 94 2720 327 2775; x_wconf 69' lang='lat' dir='ltr'>declarata,</span> <span class='ocrx_word' id='word_1_337' title='bbox 361 2720 511 2777; x_wconf 84' lang='lat' dir='ltr'>singuli</span> <span class='ocrx_word' id='word_1_338' title='bbox 547 2723 737 2764; x_wconf 85' lang='lat' dir='ltr'>recensiti</span> <span class='ocrx_word' id='word_1_339' title='bbox 772 2720 1192 2763; x_wconf 87' lang='lat' dir='ltr'>excommunicationi</span> <span class='ocrx_word' id='word_1_340' title='bbox 1225 2719 1394 2761; x_wconf 88' lang='lat' dir='ltr'>canonis</span> <span class='ocrx_word' id='word_1_341' title='bbox 1427 2715 1546 2758; x_wconf 80' lang='lat' dir='ltr'>liuius</span> <span class='ocrx_word' id='word_1_342' title='bbox 1587 2713 1720 2756; x_wconf 87' lang='lat' dir='ltr'>subia-</span> 
     </span>
     <span class='ocr_line' id='line_1_38' title="bbox 94 2785 1722 2848; baseline -0.007 -13"><span class='ocrx_word' id='word_1_343' title='bbox 94 2796 188 2835; x_wconf 85' lang='lat' dir='ltr'>cent</span> <span class='ocrx_word' id='word_1_344' title='bbox 221 2791 327 2835; x_wconf 86' lang='lat' dir='ltr'>Iatae</span> <span class='ocrx_word' id='word_1_345' title='bbox 359 2793 609 2846; x_wconf 52' lang='lat' dir='ltr'>sententiam</span> <span class='ocrx_word' id='word_1_346' title='bbox 633 2817 684 2822; x_wconf 88' lang='lat'>—</span> <span class='ocrx_word' id='word_1_347' title='bbox 710 2803 840 2848; x_wconf 87' lang='lat' dir='ltr'>poena</span> <span class='ocrx_word' id='word_1_348' title='bbox 876 2804 973 2833; x_wconf 78' lang='lat' dir='ltr'>vero</span> <span class='ocrx_word' id='word_1_349' title='bbox 1009 2788 1203 2831; x_wconf 81' lang='lat' dir='ltr'>terendae</span> <span class='ocrx_word' id='word_1_350' title='bbox 1236 2789 1461 2830; x_wconf 82' lang='lat' dir='ltr'>sententiae</span> <span class='ocrx_word' id='word_1_351' title='bbox 1485 2785 1722 2839; x_wconf 82' lang='lat' dir='ltr'>adiungitur</span> 
     </span>
     <span class='ocr_line' id='line_1_39' title="bbox 94 2857 1720 2918; baseline -0.007 -13"><span class='ocrx_word' id='word_1_352' title='bbox 94 2866 236 2906; x_wconf 87' lang='lat' dir='ltr'>contra</span> <span class='ocrx_word' id='word_1_353' title='bbox 269 2861 488 2905; x_wconf 89' lang='lat' dir='ltr'>nonnullos</span> <span class='ocrx_word' id='word_1_354' title='bbox 520 2875 568 2905; x_wconf 87' lang='lat' dir='ltr'>ex</span> <span class='ocrx_word' id='word_1_355' title='bbox 604 2864 676 2915; x_wconf 89' lang='lat' dir='ltr'>eis,</span> <span class='ocrx_word' id='word_1_356' title='bbox 710 2874 882 2918; x_wconf 88' lang='lat' dir='ltr'>nempe:</span> <span class='ocrx_word' id='word_1_357' title='bbox 917 2865 955 2902; x_wconf 87' lang='lat' dir='ltr'>et</span> <span class='ocrx_word' id='word_1_358' title='bbox 986 2863 1211 2916; x_wconf 75' lang='lat' dir='ltr'>praeterea</span> <span class='ocrx_word' id='word_1_359' title='bbox 1244 2857 1436 2914; x_wconf 68' lang='lat' dir='ltr'>retiyiost</span> <span class='ocrx_word' id='word_1_360' title='bbox 1469 2857 1720 2911; x_wconf 77' lang='lat' dir='ltr'>qiiicumque</span> 
     </span>
     <span class='ocr_line' id='line_1_40' title="bbox 93 2927 1719 2989; baseline -0.007 -14"><span class='ocrx_word' id='word_1_361' title='bbox 93 2933 202 2977; x_wconf 91' lang='lat' dir='ltr'>illius</span> <span class='ocrx_word' id='word_1_362' title='bbox 224 2933 374 2981; x_wconf 80' lang='lat' dir='ltr'>domus</span> <span class='ocrx_word' id='word_1_363' title='bbox 400 2932 462 2976; x_wconf 84' lang='lat' dir='ltr'>vel</span> <span class='ocrx_word' id='word_1_364' title='bbox 488 2932 659 2976; x_wconf 90' lang='lat' dir='ltr'>alterius</span> <span class='ocrx_word' id='word_1_365' title='bbox 681 2932 722 2989; x_wconf 90' lang='lat' dir='ltr'>a)</span> <span class='ocrx_word' id='word_1_366' title='bbox 748 2930 1061 2974; x_wconf 73' lang='lat' dir='ltr'>iutrodueentes</span> <span class='ocrx_word' id='word_1_367' title='bbox 1087 2928 1129 2985; x_wconf 90' lang='grc'>1))</span> <span class='ocrx_word' id='word_1_368' title='bbox 1156 2928 1218 2971; x_wconf 67' lang='lat' dir='ltr'>vel</span> <span class='ocrx_word' id='word_1_369' title='bbox 1242 2927 1510 2970; x_wconf 75' lang='lat' dir='ltr'>(utmittentes</span> <span class='ocrx_word' id='word_1_370' title='bbox 1535 2930 1574 2967; x_wconf 95' lang='lat' dir='ltr'>ut</span> <span class='ocrx_word' id='word_1_371' title='bbox 1599 2936 1719 2979; x_wconf 86' lang='lat' dir='ltr'>supra</span> 
     </span>
    </p>
   </div>
  </div>
 </body>
</html>
