1950 3313
475 175 560 208 TIT.
590 175 620 209 I.
650 195 661 201 -
689 175 744 209 Dc
773 180 916 210 initura
945 180 977 211 vt
1005 179 1195 212 divisione
1221 179 1350 213 delicti
1699 185 1720 214 :5

98 294 263 338 illarum
300 293 436 350 legum
473 293 806 337 inobservantiac
840 302 930 338 sunt
966 311 1130 352 semper
1165 301 1512 353 ti·aiisgre.·;sioiws
1549 302 1637 341 tiae
1671 301 1717 342 ad

99 366 219 408 tinem
255 365 458 418 ducentis,
492 369 531 406 et
564 378 669 421 (inae
704 365 853 407 debent
890 381 977 407 esso
1014 367 1194 409 liuniano
1220 374 1409 424 peractae
1436 370 1570 420 modo,
1596 371 1720 412 idi-st:

96 434 442 479 cumdeliberata
472 434 705 484 volumnio,
732 434 967 477 bominibus
992 439 1100 478 onim
1129 438 1238 491 leges
1264 441 1542 494 imponuntur.
1569 439 1722 482 ltelicto

98 508 222 562 igitur
246 507 587 561 transgressionis
604 508 814 547 communi
843 509 1007 547 nomine
1030 521 1099 562 pro
1120 508 1367 564 quibuslibet
1390 509 1524 562 legum
1547 510 1723 552 inobser-

96 578 260 626 vantiis,
294 577 460 632 proprie
493 574 641 618 delicta
677 580 794 617 crunt
832 575 923 618 illae
959 581 1320 633 transgressioiws,
1354 594 1459 636 quac
1502 580 1619 622 valdi-
1653 595 1720 636 op-

97 651 305 702 ponuntur
339 647 407 688 lini
442 657 585 688 earum
622 645 756 701 legum
793 647 1099 703 consequendo.
1138 648 1210 690 llic
1236 654 1292 690 ost
1320 649 1468 691 bonum
1504 663 1722 692 commune

95 716 304 760 socialiter
333 716 688 772 consequendum.
723 717 885 767 Quanta
921 730 1016 759 xero
1048 720 1095 759 sit
1122 721 1322 773 oppositio
1359 722 1722 774 praeiaricationis

95 792 236 831 eontra
271 787 382 843 leges
415 800 513 842 erga
551 786 663 829 illum
711 788 832 829 tinem
880 787 1194 830 determinanda
1229 794 1287 831 est
1322 790 1371 831 ab
1405 806 1466 839 co,
1498 793 1565 846 qui
1603 790 1722 833 liuius

95 871 237 903 curam
259 857 416 902 liabens
436 858 547 914 leges
564 858 763 910 condidit,
784 860 847 900 cui
876 859 1046 913 proinde
1070 863 1263 914 competit
1289 874 1480 902 coercere
1501 867 1722 915 transgres-

94 932 230 973 siones
263 929 496 986 praedictas
520 933 687 985 propter
721 928 815 970 boni
849 932 1081 971 communis
1116 930 1411 974 defensionem.
1439 931 1504 973 llla
1531 946 1628 983 crgo
1652 933 1719 974 ‹lc-

97 1002 331 1044 terminatio
363 1000 610 1043 delictorum
645 999 694 1042 ad
732 999 961 1042 humanum
1001 1000 1278 1055 legislatorem
1317 1004 1503 1057 pertinet.

215 1071 252 1116 3.
288 1073 492 1118 Actuum
525 1073 790 1117 diversitas
813 1084 936 1126 super
959 1071 1203 1113 delictorum
1231 1074 1442 1114 materiam
1468 1079 1524 1115 est
1553 1077 1716 1128 praevie

98 1143 407 1200 perpendenda,
441 1141 606 1199 quando
650 1143 787 1197 agitur
819 1141 870 1184 de
904 1141 1102 1185 Ecclesia.
1139 1145 1268 1186 Huius
1300 1146 1506 1185 societatis
1541 1145 1630 1185 linis
1663 1150 1720 1186 est

95 1214 368 1257 sanctificatio
391 1215 625 1256 animarum
649 1212 858 1255 socialiter
882 1213 1182 1269 prosequenda.
1219 1213 1329 1256 llaec
1358 1216 1627 1256 sanctificatio
1653 1229 1722 1270 pci-

98 1284 282 1328 fidelium
308 1289 425 1328 actus
448 1283 657 1327 obtinetur
685 1284 745 1326 vel
773 1288 944 1326 nocetur
970 1286 1005 1325 in
1032 1284 1217 1339 singulis,
1243 1284 1350 1327 unde
1376 1284 1554 1327 Ecclesia
1580 1298 1719 1327 curam

98 1355 206 1399 illius
239 1370 389 1412 gerens
431 1355 580 1398 delicta
626 1357 749 1398 etiam
795 1368 872 1397 non
918 1355 1008 1397 aliis
1044 1357 1256 1397 manifesta
1292 1351 1568 1398 determinare
1602 1361 1722 1412 atque

96 1439 291 1470 coercere
324 1425 460 1470 debet.
494 1426 685 1468 Attamen
711 1426 893 1468 diximus
927 1425 1036 1467 illam
1070 1426 1436 1467 sanctificationem
1473 1440 1559 1467 csse
1593 1428 1721 1467 socia-

97 1497 190 1541 liter
214 1497 561 1554 prosequendam,
586 1496 711 1539 idest:
740 1501 938 1552 potestate
961 1498 1169 1539 societatis
1194 1496 1384 1540 bumana.
1405 1510 1510 1552 quac
1535 1497 1582 1538 ad
1608 1501 1723 1539 actus

97 1582 210 1612 mere
244 1571 425 1611 internos
458 1570 532 1611 etsi
566 1568 882 1610 sanctificationi
913 1567 1030 1609 valde
1054 1570 1282 1610 contrarios
1311 1569 1543 1623 pertingere
1569 1570 1722 1624 nequit,

102 1655 123 1681 c<
146 1638 334 1682 homines
366 1641 475 1682 enim
514 1638 655 1681 vident
679 1650 725 1681 ea
755 1651 861 1694 quae
897 1642 1052 1694 parent,
1081 1637 1187 1679 Deus
1211 1642 1346 1680 autem
1384 1640 1566 1679 intuetur
1590 1651 1660 1679 cor
1686 1653 1719 1679 n.

101 1709 274 1752 Proinde
300 1709 365 1752 illa
389 1709 541 1752 delicta
575 1708 727 1752 debent
759 1709 978 1764 designare
1011 1708 1154 1750 saltem
1181 1710 1364 1750 actiones
1389 1712 1592 1752 externas,
1618 1720 1723 1764 quae

100 1793 247 1836 nempe
269 1779 459 1823 sensibus
484 1782 647 1836 percipi¹
662 1780 806 1823 saltem
835 1782 999 1835 possint.
1028 1779 1241 1822 Praeterea
1266 1780 1537 1821 sanctiticatio
1560 1791 1722 1834 quoque

99 1848 275 1895 aliorum
311 1850 504 1894 fidetium·
530 1853 698 1894 interest
735 1854 914 1894 maxime
949 1850 1170 1898 Ecclesiae,
1207 1849 1356 1906 illaque
1392 1863 1461 1904 pcr
1495 1854 1609 1891 actus
1644 1861 1720 1890 non

100 1921 231 1964 solum
267 1926 475 1974 externos,
502 1921 573 1964 sed
608 1920 999 1977 aliispaucioribus
1036 1921 1095 1964 rel
1132 1920 1449 1977 quamplurimis
1474 1925 1601 1965 notos,
1627 1933 1720 1961 cum

97 1992 294 2035 scandalo
322 1992 384 2035 vel
409 1993 566 2036 ordinis
589 1993 754 2036 socialis
779 1992 1086 2049 perturbatione
1111 1996 1293 2034 nocetur.
1317 1990 1398 2033 Has
1421 2004 1519 2045 ergo
1543 1993 1722 2032 actiones

98 2063 297 2106 damnare
331 2063 469 2106 delicti
513 2063 803 2120 appellatione,
830 2069 952 2121 atque
997 2067 1162 2119 propter
1197 2063 1287 2104 linis
1319 2061 1547 2104 custodiam
1585 2062 1723 2116 poenis

99 2136 303 2191 persequi,
339 2134 664 2178 adiudicandum
692 2139 767 2178 vest
789 2135 1095 2178 ecclesiasticae
1131 2134 1332 2189 potestati.
1367 2132 1482 2184 Quae
1515 2145 1606 2173 cnm
1644 2144 1720 2173 non

97 2203 247 2247 debeat
280 2207 417 2248 omnia
453 2204 688 2249 huiusmodi
726 2209 890 2262 punire,⁴
922 2218 970 2247 ne
1012 2204 1186 2254 accidat,
1223 2208 1263 2245 ut
1299 2202 1423 2245 multa
1460 2202 1560 2244 bona
1598 2204 1721 2256 impe-

96 2275 263 2318 diantur
294 2276 522 2319 secundum
558 2279 767 2320 societatis
792 2276 995 2319 humanae
1019 2274 1312 2322 conditionem,
1338 2275 1463 2327 ipsius
1489 2275 1548 2314 ius
1572 2276 1609 2313 et
1634 2272 1719 2313 olli-

96 2347 205 2389 cium
230 2351 290 2389 est
323 2347 602 2390 determinare
626 2348 871 2391 delictorum
898 2359 1114 2389 numerum
1142 2346 1282 2401 poenis
1304 2343 1643 2387 coercendorum.
1676 2341 1720 2384 131

97 2415 191 2460 binc
227 2422 336 2473 patet
356 2420 649 2475 inscriptionis
682 2431 826 2462 sensus
851 2417 1094 2472 conipletus,
1120 2428 1241 2472 quam
1280 2416 1499 2469 praesetert
1530 2411 1648 2454 Lilwr
1685 2411 1718 2454 l'.

101 2486 158 2530 De.
189 2486 356 2531 delictis
389 2495 427 2532 et
458 2490 619 2547 poenis,
652 2494 692 2533 et
726 2494 866 2532 mutua
906 2488 1127 2531 verborum
1163 2487 1378 2529 connexio,

218 2558 275 2602 De
310 2559 375 2603 illa
410 2565 577 2604 actuum
612 2561 856 2604 diversitate
889 2560 1093 2602 sulliciant
1138 2557 1218 2598 ‹luo
1265 2554 1536 2597 Dccretalium
1574 2558 1720 2596 textus.

99 2631 234 2675 Primo
277 2634 333 2674 ait
377 2631 493 2675 Alex.
525 2631 580 2674 ἸΙΙ
608 2634 656 2674 Ἢ]
698 2644 786 2688 cap.
824 2631 845 2673 4
887 2630 981 2672 «de
1026 2627 1281 2684 temporibus
1323 2626 1672 2667 ordinationum...
1702 2642 1715 2661 η

98 2702 145 2760 (Ι,
172 2703 269 2760 11);
299 2702 395 2745 «Ex
421 2707 563 2746 tenore
597 2707 762 2745 tuarum
799 2702 1026 2744 litterarum
1063 2700 1300 2753 accepimus
1333 2696 1439 2748 quod
1477 2694 1520 2737 N.
1547 2695 1720 2736 clericus

97 2773 200 2817 adeo
233 2772 421 2830 deliquit,
455 2773 564 2831 quod
600 2775 632 2816 si
669 2777 884 2829 peccatum
920 2773 1007 2813 eius
1040 2774 1142 2812 esset
1180 2765 1721 2823 publicum,degradaretur

96 2843 148 2887 ab
180 2844 325 2887 ordine
357 2857 479 2900 quem
514 2846 709 2899 suscepit,
745 2848 782 2886 et
817 2842 996 2898 amplius
1030 2854 1106 2882 non
1145 2843 1275 2894 posset
1311 2837 1359 2879 ad
1395 2838 1628 2891 superiores
1661 2849 1720 2876 or-

96 2914 213 2958 dines
247 2916 500 2971 promoveri.
540 2913 688 2958 Verum
724 2915 919 2971 quoniam
957 2915 1167 2967 peccatum
1206 2910 1332 2962 ipsius
1378 2907 1479 2948 torte
1511 2905 1716 2947 occultum
