1950 3313
153 172 198 206 56
616 168 698 201 Lm.
727 167 772 201 V.

802 187 814 192 -
842 166 951 201 PARS
978 166 1028 199 Π.

1058 186 1070 192 -
1095 166 1153 201 De
1176 169 1309 211 poenis
1557 164 1650 200 ean.
1677 164 1776 199 2219

154 292 249 347 quia
285 291 321 330 in
355 287 520 340 odiosis,
556 284 909 342 quemadmodum
946 283 1035 327 talis
1068 289 1128 327 est
1160 286 1405 340 gravissima
1440 285 1778 326 exeommunica-

153 361 275 402 tionis
310 370 452 412 poena,
489 357 732 412 praesertim
767 354 881 397 latae
913 354 1159 406 sententiae,
1190 357 1329 397 stricta
1375 353 1497 397 debet
1531 366 1619 406 esse
1653 355 1778 396 inter-

157 431 331 485 pretatio
350 443 389 468 )).

764 597 767 600 a
809 568 1041 605 TITULUS
1071 569 1121 605 V.

368 656 433 698 De
466 644 717 710 Superiore
750 657 1022 710 potestatem
1057 655 1312 699 coactivam
1346 655 1562 697 habente.

203 759 464 813 (11111220.-
485 781 504 820 9
533 777 559 812 l.
586 776 652 821 Qui
683 777 811 823 pollent
840 782 931 822 pote-

156 830 243 860 state
269 825 359 869 leges
387 825 516 859 ferendi
539 824 588 860 161
619 829 799 870 praecepta
827 824 934 869 impo-

159 873 278 908 nendi
309 876 451 917 possunt
485 883 623 917 quoque
658 872 721 916 legi
759 871 809 906 vel
838 882 934 916 plae-

157 924 256 966 cepto
285 930 413 965 poenas
439 919 643 958 adnectere3
684 919 741 964 qui
780 918 933 953 iudiciali

158 973 310 1007 tantum,
351 971 494 1012 possunt
533 946 752 1001 solummodo
793 977 933 1011 poenas

159 1014 312 1059 legitime
339 1018 499 1053 statutas,
527 1014 570 1048 ad
598 1024 757 1048 normam
778 1013 862 1048 iuris
881 1024 937 1058 ap-

183 1061 299 1096 licare.

160 1074 179 1108 p
206 1107 457 1150 9211031105
477 1107 657 1142 Generalis
675 1107 752 1142 sine
770 1107 936 1142 mandato

160 1155 298 1202 speciali
319 1166 389 1189 non
410 1155 514 1189 habet
535 1159 736 1200 potestatem
753 1154 934 1199 infligendi

161 1214 301 1248 poenas.

208 1250 292 1285 CAN.
316 1248 418 1283 2221.
451 1269 467 1274 —
498 1247 740 1293 Legislativam
770 1248 937 1283 babentes

163 1302 374 1342 potestatem,
404 1301 547 1341 possunt
575 1296 665 1330 intra
692 1295 820 1330 limites
855 1306 936 1330 suae

163 1343 425 1384 iurisdictionis,
454 1354 520 1377 non
561 1343 673 1377 solum
712 1343 821 1388 legem
852 1355 871 1377 a
901 1353 938 1377 se

162 1391 212 1426 161
239 1403 259 1426 3
285 1390 524 1426 decessoribus
545 1390 663 1431 latam,
681 1391 737 1424 sed
758 1391 877 1425 etiam.
894 1389 937 1425 ob

164 1438 348 1483 peculiaria
377 1448 494 1472 rerum
521 1437 700 1478 adiuncta,
730 1438 838 1481 legem
865 1442 936 1472 tam

161 1485 331 1525 divinam,
358 1496 462 1530 quam
498 1484 768 1520 ecclesiasticam
796 1496 815 1519 a
842 1495 940 1530 supe-

163 1533 251 1568 riore
280 1537 444 1578 potestate
471 1531 590 1575 latam,
620 1532 653 1566 in
691 1532 863 1566 territorio
891 1531 938 1565 vi-

162 1586 315 1624 gentem,
360 1590 512 1623 congrua
555 1589 665 1624 poena
703 1579 841 1614 munire
879 1583 937 1614 aut

166 1638 311 1672 poenam
339 1626 411 1669 lege
437 1630 602 1660 statutam
629 1637 830 1670 aggravare.

211 1674 295 1709 CAN.
322 1672 427 1707 2222.
449 1694 465 1698 -
495 1677 513 1714 9
545 1672 572 1707 l.
603 1672 697 1708 Licet
723 1673 774 1708 lex
802 1673 937 1708 nullam

164 1721 379 1756 sanctionem
395 1720 589 1766 appositam
610 1720 746 1760 habeat,
764 1720 940 1764 legitimus

166 1774 280 1803 tamen
309 1767 473 1813 Superior
501 1772 609 1813 potest
628 1767 721 1802 illius
748 1772 940 1812 transgres-

165 1816 311 1857 sionem,
325 1816 429 1850 etiam
450 1814 525 1849 sine
546 1815 682 1859 praevia
704 1825 833 1860 poenae
851 1825 941 1849 com-

166 1862 371 1898 minatione.
400 1862 517 1907 aliqua
544 1862 635 1896 iusta
663 1873 773 1907 poena
801 1862 938 1907 punire,

165 1910 191 1943 si
219 1909 423 1944 scandalum
454 1909 536 1943 sorte
563 1909 682 1944 datum
703 1914 762 1943 aut
781 1908 941 1955 specialis

165 1956 453 2001 transgressionis
469 1956 622 2000 gravitas
649 1956 681 1991 id
711 1956 815 1992 ferat:
844 1967 942 1991 secus

166 2015 243 2039 reus
272 2004 386 2050 puniri
417 2003 548 2048 nequit,
577 2003 642 2037 nisi
673 2003 767 2049 prius
789 1994 941 2038 monitus

168 2052 269 2086 tuerit
294 2062 372 2085 cum
399 2050 670 2085 comminatione
700 2061 828 2095 poenae
852 2051 940 2085 latae

168 2098 220 2132 161
244 2097 404 2132 ferendae
430 2098 626 2132 sententiae
662 2097 698 2131 in
725 2108 806 2132 casn
834 2102 941 2132 113115-

167 2145 364 2186 ,qt-essionis,
392 2149 424 2179 et
459 2144 691 2178 nibilominus
725 2144 834 2189 legem
874 2143 943 2178 vio-

169 2191 299 2227 laverit.

216 2243 235 2281 9
253 2238 285 2273 2.
306 2238 435 2273 Pariter
453 2237 543 2273 idem
564 2237 738 2282 legitimus
765 2236 941 2283 Superior,

171 2287 248 2321 licet
261 2285 436 2331 probabile
451 2289 585 2319 tantum
602 2286 644 2320 sit
658 2284 822 2320 delictum
841 2284 944 2319 fuisse

170 2333 395 2368 commissum
422 2337 481 2366 aut
508 2332 623 2367 delicti
651 2336 740 2366 certe
767 2331 941 2366 commissi

173 2380 324 2424 poenalis
339 2379 428 2414 actio
445 2380 654 2424 praescripta
668 2379 723 2416 511,
742 2389 811 2413 000
832 2378 943 2413 solum

172 2428 234 2468 ius,
262 2427 319 2462 sed
346 2427 450 2461 etiam
478 2426 626 2461 ollicium
657 2425 758 2460 babet
779 2436 848 2460 non
870 2436 944 2470 pro-

173 2474 333 2509 movendi
362 2473 523 2508 clericum
560 2474 602 2508 de
635 2472 733 2508 cuius
759 2472 946 2507 idoneitate

172 2533 242 2556 non
269 2525 414 2561 constat,
441 2525 487 2561 et,
515 2521 556 2554 ad
585 2520 790 2554 scandalum
817 2520 946 2554 evitan-

172 2569 268 2609 dum,
284 2567 486 2614 prohibendi
504 2567 627 2602 clerico
641 2567 840 2602 exercitium
857 2567 943 2601 sacri

175 2615 357 2650 ministerii
377 2614 556 2649 autetiam
577 2614 724 2649 eundem
752 2614 795 2648 ab
822 2614 944 2650 otlicio.

173 2663 213 2697 ad
228 2673 385 2697 normam
403 2661 496 2701 iuris,
507 2661 688 2696 amovendi
704 2673 711 2702 3
727 2672 814 2706 quae
828 2660 947 2695 omnia

175 2711 209 2744 iu
237 2721 317 2744 casu
347 2720 414 2743 non
443 2708 572 2743 habent
600 2709 767 2743 rationem
801 2718 944 2753 poenae.

221 2756 303 2792 CAN.
333 2755 434 2790 2223.
472 2777 487 2780 -
517 2759 535 2797 9
567 2756 594 2789 1.
625 2754 661 2789 10
691 2755 810 2801 poenis
836 2754 947 2800 appli-

174 2804 296 2838 candis
323 2803 421 2838 iudex
462 2803 580 2847 nequit
619 2813 763 2847 poenam
791 2802 949 2837 determi-

178 2856 291 2886 natam
308 2861 444 2894 angere.
457 2850 522 2883 11151
539 2849 813 2884 extraordinaria
827 2849 948 2884 adiun-

176 2904 229 2933 cta
255 2897 482 2942 aggraxantia
510 2897 541 2931 id
568 2897 720 2940 exigant.

1052 781 1070 818 9
1099 776 1128 811 ’2.
1156 776 1190 811 Si
1220 776 1271 811 lex
1307 776 1343 810 in
1383 775 1568 810 statuenda
1597 786 1707 821 poena
1734 775 1782 809 fe-

1006 824 1135 859 rendae
1176 828 1371 858 sententtae
1416 822 1623 857 facultativis
1666 821 1784 857 terbis

1007 875 1135 911 utatur,
1164 870 1393 905 committitur
1421 870 1624 916 prudentiae
1650 874 1682 904 et
1700 880 1781 904 con-

1006 918 1171 953 scientiae
1199 917 1322 952 iudicis
1347 928 1423 952 eam
1461 916 1628 962 infligere,
1659 916 1723 957 161,
1753 916 1781 950 si

1008 976 1118 1015 poena
1157 965 1259 999 fuerit
1296 963 1539 999 determinata
1573 969 1780 1009 temperare

1054 1013 1072 1057 9
1100 1011 1132 1045 3
1163 1010 1196 1046 Si
1225 1021 1303 1045 vero
1331 1011 1380 1046 lex
1408 1015 1526 1045 utatur
1552 1010 1665 1045 1611115
1687 1021 1781 1056 prae-

1007 1058 1164 1104 ceptixis,
1181 1058 1356 1093 ordinarie
1377 1069 1484 1103 poena
1504 1057 1696 1102 infligenda
1713 1061 1785 1098 est·,

1008 1107 1065 1141 sed
1101 1105 1336 1141 conscientiae
1361 1109 1394 1139 et
1421 1104 1625 1157 prudentiae
1659 1103 1786 1139 iudicis

1008 1153 1059 1188 vel
1086 1152 1282 1198 Superioris
1309 1152 1558 1186 committitur:

1083 1201 1112 1235 l
1118 1201 1132 1223 0
1148 1200 1281 1235 Poenae
1295 1199 1565 1244 applicationem
1585 1198 1627 1233 ad
1646 1202 1788 1244 tempus

1009 1248 1120 1292 magis
1145 1251 1378 1298 opportunum
1406 1245 1556 1286 differre,
1581 1246 1609 1280 si
1628 1256 1666 1280 ex
1688 1256 1783 1291 prae-

1010 1306 1154 1341 propera
1168 1305 1215 1329 161
1234 1293 1413 1339 punitione
1429 1293 1559 1328 maioia
1574 1293 1665 1327 mala
1682 1303 1787 1328 even—

1008 1348 1086 1378 tura
1115 1341 1403 1388 praevideantur:

1081 1390 1113 1423 ’2.
1119 1390 1133 1411 0
1161 1390 1186 1423 A
1214 1399 1324 1434 poena
1344 1387 1534 1432 infligenda
1550 1386 1736 1422 3115110616.
1757 1386 1785 1420 51

1009 1448 1088 1472 reus
1116 1437 1262 1482 perfecte
1282 1435 1383 1470 fuerit
1403 1435 1620 1474 emendatus,
1635 1439 1667 1469 et
1685 1445 1785 1468 5131]

1009 1484 1127 1519 dalum
1154 1482 1378 1528 reparaverit,
1399 1487 1457 1516 aut
1483 1481 1695 1516 sutlicienter
1723 1492 1785 1527 pu-

1012 1532 1106 1566 nitus
1144 1530 1187 1564 sit
1226 1530 1275 1565 vel
1318 1529 1517 1575 puniendus
1544 1528 1791 1581 praevideatur

1011 1578 1130 1625 poenis
1155 1577 1359 1612 auctoritate
1385 1576 1475 1611 eniti
1508 1575 1671 1611 sancitis:

1081 1626 1114 1658 3.
1120 1626 1133 1647 0
1147 1624 1294 1659 Poenam
1310 1623 1577 1658 determinatam
1594 1627 1788 1668 temperare

1010 1672 1061 1707 vel
1090 1672 1161 1707 loco
1188 1671 1296 1717 ipsius
1322 1671 1461 1716 aliquod
1491 1669 1683 1705 remedium
1713 1679 1790 1722 poe-

1009 1719 1088 1754 nale
1102 1718 1267 1754 adbibere
1285 1723 1345 1752 aut
1362 1718 1516 1763 aliquam
1535 1717 1786 1762 poenitentiam

1012 1767 1208 1810 iniungere
1236 1765 1262 1799 si
1302 1765 1402 1800 (161111
1432 1763 1697 1800 circumstantia
1723 1763 1787 1797 im-

1013 1813 1266 1859 putabilitatem
1295 1812 1495 1847 notabiliter
1533 1811 1706 1851 minuens,
1735 1810 1789 1845 vel

1014 1861 1183 1896 habeatur
1201 1860 1340 1905 quidem
1368 1860 1414 1894 rei
1441 1858 1640 1894 emendatio
1657 1861 1717 1893 aut
1737 1857 1788 1891 in-

1016 1908 1107 1943 llicta
1133 1919 1152 1942 a
1178 1907 1270 1942 civili
1297 1906 1501 1941 auctoritate
1519 1905 1710 1950 castigatio.
1729 1904 1789 1940 sed

1014 1955 1115 1990 index
1151 1955 1203 1989 vel
1242 1953 1406 2006 Superior
1432 1958 1662 1999 opportunam
1693 1962 1791 2004 prae-

1014 2007 1107 2037 terea
1144 2002 1247 2036 ducat
1286 2001 1458 2035 mitiorem
1496 2000 1650 2045 aliquam
1688 1998 1791 2044 puni-

1016 2050 1160 2084 tionem.

1063 2094 1127 2138 94
1172 2095 1319 2130 Poenam
1348 2094 1435 2129 latae
1461 2094 1654 2128 sententiae
1679 2091 1792 2127 decla—

1015 2154 1091 2178 rare
1116 2141 1308 2184 generatim
1336 2140 1565 2175 committitur
1585 2139 1792 2191 prudentiae

1017 2189 1230 2242 Superioris:
1248 2188 1306 2224 sed
1322 2187 1393 2223 5116
1406 2189 1449 2223 ad
1466 2187 1668 2222 instantiam
1683 2186 1792 2239 partis

1016 2237 1115 2272 cuins
1141 2237 1295 2275 interest,
1322 2234 1393 2270 5116
1420 2235 1509 2270 bono
1535 2234 1713 2270 communi
1742 2233 1790 2268 ita

1015 2283 1184 2328 exigente,
1231 2283 1405 2318 sententia
1445 2281 1673 2317 declaratoria
1715 2280 1789 2315 dari

1016 2331 1128 2366 debet.

1064 2374 1314 2413 (11110224.-

1017 2436 1083 2460 nae
1109 2430 1191 2469 quot
1217 2396 1360 2458 delicti?

1065 2476 1084 2513 9
1109 2471 1140 2506 ⁶2.
1168 2470 1202 2506 Si
1231 2476 1348 2505 tamen
1378 2474 1513 2516 propter
1534 2479 1717 2504 numerum
1737 2468 1794 2503 (16·

1019 2519 1176 2553 lictorum
1205 2518 1336 2552 nimius
1362 2522 1449 2551 esset
1482 2527 1670 2562 poenarum
1698 2515 1791 2549 inssi—

1017 2566 1210 2610 gendarum
1249 2565 1422 2601 cumulus
1466 2564 1624 2609 prudenti
1667 2562 1794 2597 iudicis

1018 2613 1162 2647 arbitrio
1177 2611 1388 2655 relinquitur
1401 2616 1459 2646 aut
1477 2622 1620 2663 poenam
1633 2609 1791 2645 omnium

1018 2660 1210 2705 graviorem
1232 2659 1400 2711 infligere,
1418 2658 1548 2697 addita
1575 2658 1600 2691 51
1622 2668 1675 2692 165
1695 2656 1793 2698 terat,

1018 2707 1134 2752 aliqua
1157 2705 1365 2751 poenitentia
1395 2705 1445 2740 161
1472 2705 1624 2740 remedio
1643 2703 1790 2750 poenali,

1019 2759 1078 2789 aut
1107 2764 1234 2799 poenas
1261 2753 1354 2787 10113
1380 2763 1508 2798 aequos
1537 2751 1705 2786 1611111005
1724 2761 1794 2784 1110·

1018 2801 1144 2841 (161311,
1174 2800 1292 2834 habita
1323 2799 1455 2834 tatione
1497 2798 1628 2834 numeri
1657 2802 1689 2833 et
1714 2808 1790 2842 gra-

1021 2848 1136 2882 vitatis
1161 2847 1379 2882 delictorum.

1067 2899 1086 2937 9
1113 2895 1145 2929 3.
1172 2893 1206 2929 Si
1236 2905 1344 2940 poena
1370 2893 1556 2928 constituta
1583 2891 1627 2926 sit
1654 2896 1725 2926 tum
1757 2891 1792 2924 in

1342 2375 1418 2417 9.1
1439 2374 1627 2411 0111103116
1644 2379 1693 2410 tot
1713 2384 1791 2420 poe·
