1950 3313
155 177 221 210 120
664 172 749 206 LIB.
779 172 808 206 I.
835 191 848 198 -
875 172 1046 206 Normae
1067 171 1267 216 yenerales

152 293 247 336 dum
271 298 331 335 est
354 292 488 350 quoad
514 304 659 335 earum
683 292 859 346 initium,
884 289 1163 343 medietatem,
1187 295 1226 333 et
1249 292 1472 333 terminum
1492 302 1673 347 quoque,
1695 304 1773 334 non

153 366 230 407 iam
256 364 467 419 apparenti
485 361 582 404 solis
599 362 737 404 cursui
757 373 828 403 seu
848 364 1036 412 naturae,
1052 360 1122 402 sed
1143 360 1351 403 communi
1368 359 1617 403 familiarum
1642 362 1778 403 unius-

151 436 350 491 cuiusque
373 432 454 476 loci
475 434 668 487 civitatis,
691 430 845 487 oppidi,
870 429 977 481 usui,
1012 432 1080 487 qui
1106 443 1178 487 per
1203 429 1367 486 publica
1404 432 1537 474 forsan
1565 430 1775 488 horologia

150 507 363 560 signatur:
396 502 581 546 sedhuic
600 503 854 558 praescripto
879 503 1158 544 restrictiones
1183 515 1260 544 non
1296 513 1452 558 paucae
1478 506 1686 558 ponuntur
1718 515 1779 545 se-

151 578 348 632 quentes:
383 573 424 626 a)
458 573 501 616 in
527 572 703 631 privata
736 570 906 622 Missae,
940 584 1019 614 non
1044 571 1332 615 conventualis
1354 571 1415 615 vel
1436 571 1676 628 capitularis
1712 572 1775 615 vel

149 637 664 699 cantatae,'celebratione,
683 644 877 700 quamvis
896 642 996 686 baec
1022 643 1092 686 fiat
1111 645 1148 685 in
1169 643 1343 686 ecclesia
1362 647 1401 686 et
1419 643 1606 686 adstante
1637 643 1775 700 populi

150 716 282 759 tidelis
326 715 602 768 multitudine,
648 713 691 768 b)
727 713 770 756 in
809 713 996 771 privata,
1033 718 1075 756 ut
1109 712 1211 757 haec
1245 726 1267 757 a
1301 713 1456 757 chorali
1492 714 1775 770 distinguitur,

150 785 349 830 horarum
383 787 683 828 eaiioiziearum
715 783 975 840 singularum
1009 783 1260 827 recitatione
1283 786 1396 827 iuxta
1420 783 1774 828 Commentarium

148 856 300 900 Textus
333 856 381 900 ad
417 869 505 901 can.
546 856 639 911 135,
674 857 715 913 c)
749 855 792 897 in
825 868 950 898 saera
984 855 1272 898 communione
1308 854 1564 913 recipienda„
1589 869 1667 899 non
1695 858 1774 899 iam

147 928 346 972 sumenda
383 941 453 984 per
485 927 742 970 sacerdotem
785 929 822 969 in
846 925 967 970 Missa
1001 926 1052 969 (le
1085 939 1166 984 qua
1200 926 1357 969 (lictum
1392 931 1452 969 est
1490 931 1622 979 antea,
1658 927 1702 979 d)
1737 931 1777 969 et

149 1000 190 1042 ιῖη
225 999 376 1041 ieiunii
407 998 470 1041 vel
502 997 784 1041 abstinentiae
816 997 1080 1045 disiunctive‚
1107 1002 1247 1053 utpote
1265 996 1419 1053 duplici
1445 996 1534 1054 leqe
1550 997 1775 1052 servanda,

147 1069 244 1112 licet
272 1069 362 1112 alia
394 1069 449 1111 si!
472 1082 491 1112 a
527 1068 797 1126 sequentibus
829 1067 1037 1112 declarata
1075 1069 1187 1124 prius
1221 1067 1385 1110 usualis
1419 1067 1500 1111 loci
1527 1068 1774 1125 supputatio

147 1141 226 1184 diei
262 1141 395 1197 quoad
432 1142 607 1193 initium,
644 1139 825 1182 medium
861 1144 900 1182 et
932 1140 1055 1182 tinem
1095 1152 1166 1195 per
1200 1139 1251 1181 ⁶24
1278 1138 1472 1182 horarum
1497 1142 1776 1196 spatium,p0-

148 1217 225 1254 test
259 1211 351 1269 quis
384 1211 432 1254 ad
470 1210 645 1260 libitum,
681 1210 778 1267 quin
815 1214 1021 1265 teneatur,
1054 1215 1091 1253 et
1126 1210 1478 1267 quandoque‚seu
1515 1224 1586 1266 pro
1621 1203 1773 1253 una‘ex

147 1282 267 1326 dictis
300 1281 620 1338 obligationibus
654 1295 795 1335 unum,
837 1295 910 1338 pro
954 1281 1032 1325 alia
1077 1280 1329 1337 obligatione
1372 1294 1442 1324 scu
1488 1295 1560 1338 pro
1603 1283 1775 1325 iteratae

147 1353 409 1410 obligationis
441 1353 764 1410 adimplemento
788 1352 964 1396 alterum
988 1352 1106 1410 sequi
1129 1351 1210 1395 lori
1233 1351 1406 1395 actualis
1437 1354 1776 1396 commorationis

149 1426 337 1482 propriae
373 1429 531 1481 tenipus
565 1424 701 1482 quoad
737 1425 1104 1479 computationem,
1138 1428 1212 1465 aut
1235 1421 1368 1465 locale
1399 1422 1627 1466 secundum
1670 1425 1775 1466 inco-

148 1495 279 1539 larum
315 1509 450 1538 mores
471 1495 557 1537 sive
580 1494 760 1537 medium
785 1508 858 1551 pro
884 1493 1071 1550 pluribus
1088 1493 1208 1537 simul
1235 1493 1335 1537 locis
1358 1493 1534 1536 civiliter
1557 1493 1774 1547 distinctis,

150 1580 185 1609 v.
207 1580 267 1623 gr.
287 1566 515 1610 secundum
553 1566 826 1609 meridianum
861 1566 1070 1623 quoddam
1090 1563 1311 1609 Greenwih
1336 1564 1517 1619 aliudve,
1543 1571 1616 1608 aut
1639 1564 1776 1622 ἱεραῖς)

147 1651 321 1693 nempe:
357 1639 565 1681 societatis
599 1637 688 1693 lege
721 1641 919 1680 statutum
956 1638 1064 1680 circa
1100 1637 1180 1680 (liei
1217 1638 1393 1689 initium,
1417 1635 1502 1678 sire
1545 1635 1774 1693 reyioroale,

148 1708 367 1752 videlicet:
404 1710 560 1751 ratione
601 1710 795 1751 territorii
828 1710 1021 1765 quamvis
1046 1721 1093 1750 ex
1120 1712 1271 1750 statuto
1294 1706 1479 1764 quolibet
1513 1706 1676 1763 publico
1714 1709 1773 1749 vi-

146 1784 252 1835 geat,
284 1779 369 1822 sive
400 1778 520 1822 aliud
552 1778 947 1822 emram-dinarium
980 1778 1164 1822 scilicet:
1200 1782 1367 1835 propter
1406 1790 1573 1821 causam
1616 1780 1774 1835 specia—

148 1850 242 1904 lem,
276 1855 459 1907 tempore
492 1853 663 1905 aestivo,
700 1855 777 1893 etc.

267 1925 435 1977 Propter
469 1925 604 1964 notam
639 1920 929 1965 catliolicitatis
963 1920 1328 1978 Ecclesiaeatque
1348 1919 1555 1963 obiectum
1577 1922 1775 1976 praescri-

146 1994 217 2047 pti,
251 1995 405 2048 positus
438 1997 498 2035 est
533 1997 642 2035 recte
676 1994 700 2046 ἓ
732 1994 774 2036 2.
814 1990 933 2045 Quod
966 1991 1119 2034 (illinet
1153 1990 1208 2033 ad
1243 1996 1402 2048 tempus
1446 1990 1772 2046 computandum

145 2062 328 2120 quolibet
359 2062 435 2106 sub
471 2067 657 2118 respectu
694 2063 870 2106 iuriilico
916 2061 1095 2119 uryendi‘
1136 2061 1271 2119 quoad
1306 2061 1572 2118 exequendas
1606 2066 1772 2103 eontra-

146 2139 283 2176 etmcm
331 2133 610 2190 quorumlibet
659 2133 847 2177 civilium
895 2132 1172 2190 obli'yati'ones
1217 2133 1268 2176 de
1313 2131 1429 2176 bonis
1467 2132 1772 2187 ecciesiasticis,

145 2210 333 2247 serretur
365 2206 488 2247 etiam
522 2217 543 2247 a
577 2204 752 2255 clericis,
789 2204 873 2247 nisi
906 2203 1035 2246 aliter
1067 2217 1267 2260 eoepressa
1304 2202 1458 2255 verbis,
1495 2205 1662 2258 scripto,
1694 2216 1772 2260 pa-

146 2275 281 2318 ctione
313 2277 417 2318 inter
462 2280 597 2331 partes
638 2275 928 2318 contrahentes
970 2279 1212 2317 conventum
1243 2272 1389 2331 fecerit,
1436 2275 1548 2316 iuxta
1584 2272 1772 2329 regulam

148 2345 248 2388 luris
282 2348 319 2388 in
356 2346 398 2387 6Ο
437 2361 456 2386 «
482 2346 550 2389 85.
584 2344 826 2389 Contractus
860 2359 909 2389 ex
944 2347 1222 2388 conventione
1246 2344 1378 2400 legem
1416 2346 1607 2400 accipere
1631 2344 1773 2399 digno-

145 2422 316 2460 scuntur
338 2432 378 2470 »‚
411 2430 530 2459 secus
572 2416 881 2460 observandum
916 2421 976 2459 est
1013 2418 1048 2458 vi
1086 2416 1206 2459 buius
1249 2417 1419 2458 canonis
1459 2414 1769 2472 praeseri'ptmn

146 2487 254 2529 iuris
286 2486 423 2529 civilis
456 2486 499 2529 in
533 2486 750 2530 territorio
785 2487 853 2531 ubi
889 2491 1090 2543 urgentur
1123 2485 1396 2542 obligationes
1428 2485 1692 2541 supradictae
1717 2484 1771 2527 ri-

143 2558 281 2614 yemis
314 2557 448 2614 quoad
492 2557 793 2612 contrahentes,
820 2560 987 2601 forsitan
1029 2557 1183 2600 diversi
1219 2570 1291 2612 pro
1325 2555 1488 2599 civibus
1521 2560 1643 2613 atque
1676 2555 1771 2599 alie-

148 2630 320 2683 nigenis.

266 2700 332 2741 96.
367 2701 667 2757 Supputatio
701 2703 939 2747 canonica
979 2701 1218 2757 temporis
1253 2700 1381 2744 ultra
1413 2712 1558 2744 unum
1591 2700 1766 2744 saltem

147 2772 289 2815 diem.
323 2770 384 2813 Ad
419 2783 509 2813 can.
545 2770 593 2813 31
631 2783 674 2813 se
708 2771 846 2824 referi,
867 2783 914 2814 ac
948 2773 1058 2813 iuxta
1096 2769 1205 2812 illius
1242 2782 1408 2812 sensum
1433 2768 1487 2819 ibi
1512 2768 1766 2811 declaratum

148 2839 231 2897 (cui
266 2843 420 2896 optime
452 2845 730 2897 congruerent
763 2841 1011 2884 documenta
1034 2841 1152 2884 Sedis
1170 2839 1432 2896 Apostolicae
1455 2839 1618 2896 aliaque
1641 2838 1769 2882 eccle-

148 2910 329 2967 siastica)
347 2913 405 2953 sic
430 2913 574 2966 incipit
597 2913 793 2966 temporis
815 2911 1064 2967 supputandi
1090 2923 1256 2954 normas
1278 2911 1362 2953 fere
1386 2922 1528 2952 omnes
1555 2910 1771 2952 continens
