1950 3313
107 174 200 211 Gan.
226 173 319 208 2222
489 173 574 206 ΤΙΤ.
605 173 648 205 V.
678 193 690 198 -
718 172 773 206 De
800 174 1003 218 Superior-e
1029 177 1250 218 potestatem
1280 175 1343 208 etc.
1688 174 1732 208 59

109 293 221 337 illam
249 294 502 349 punitionem
529 293 677 334 iustam
702 291 813 347 fera(
840 292 990 335 iudicio
1023 295 1255 348 Superioris
1281 292 1504 348 prudente;
1539 306 1655 334 seem·
1682 295 1736 334 ri-

109 364 281 408 delicet:
307 363 527 406 deliciente
552 367 727 418 utraque
751 362 1000 417 comlitione,
1020 368 1115 405 tunc
1136 377 1229 405 reiis
1254 365 1590 419 transgressionis
1612 376 1734 418 supra

108 435 342 479 declaratae
372 432 521 490 puniri
556 432 696 489 nequit
731 445 752 475 a
786 435 1009 488 superiore
1043 434 1295 489 supradicto,
1324 433 1406 475 nisi
1434 433 1559 490 prins
1609 433 1734 475 idest:

111 508 279 563 praevie
303 505 504 561 punitioni
539 503 723 546 monitus
755 502 888 559 fuerit
922 503 972 545 de
1004 503 1068 545 illa
1106 503 1193 559 lege
1228 504 1432 546 servanda
1464 504 1737 546 determinate

109 577 160 621 ab
193 590 241 620 eo
274 575 454 628 subdito,
477 573 743 630 adiungendo
769 576 996 626 monitioni,
1016 588 1087 616 seu
1113 589 1200 615 eum
1223 574 1543 616 eononinatione
1563 588 1736 631 poenae,

109 650 199 691 sive
232 658 446 698 censurae,
480 657 587 702 quae
617 657 665 686 ex
702 646 763 686 sui
800 648 943 685 natura
981 646 1150 699 requirit
1188 646 1451 685 monitionem
1489 644 1616 696 illam,
1649 646 1737 685 sire

113 717 393 761 vindicativae
428 715 538 758 illam
575 716 825 772 requirentis
859 713 910 757 ol)
946 714 1191 769 legislatoris
1223 714 1488 767 voluntatem,
1514 714 1642 767 lame,
1665 728 1735 756 seu

113 792 198 846 ipso
234 788 573 844 transgressionis
606 787 846 842 posterioris
869 786 973 827 lacto
1007 785 1296 833 incurrendae,
1332 785 1391 827 rel
1430 784 1630 841 serendae
1653 798 1740 827 seii-

113 859 283 911 tentiae,
301 860 496 917 quamvis
528 856 901 901 extraiudicialiter
936 856 1183 910 infligendae
1208 855 1248 897 in
1269 870 1368 897 eas-n
1389 855 1739 911 transqres-sionis

111 933 221 975 circa
255 942 378 988 quam
414 930 487 972 fuit
523 929 627 971 sacta
662 929 848 981 monitio,
882 932 920 968 el
959 925 1248 976 m‘liilomimis,
1280 927 1394 969 idest:
1426 926 1490 968 illa
1517 929 1738 969 monitione

111 1004 198 1045 sine
235 1002 370 1044 fructu
406 1002 550 1057 posita,
585 998 715 1056 leqem
751 998 861 1041 illam
899 997 1206 1054 particularem,
1241 1001 1357 1052 prout
1395 996 1492 1039 llaec
1529 999 1641 1038 initio
1667 998 1739 1039 l'uit

112 1072 336 1123 declarata,
371 1070 593 1114 violaverit
628 1072 808 1127 proprie,
854 1069 927 1111 lioc
971 1074 1049 1111 est:
1094 1070 1288 1125 quamvis
1331 1067 1526 1110 delictum
1564 1081 1640 1109 non
1677 1080 1741 1122 pa-

115 1146 302 1187 traverit.

235 1215 378 1268 lmmo,
412 1215 486 1257 etsi
521 1213 572 1257 de
607 1217 806 1269 potestate
840 1213 1027 1255 coactiva
1063 1224 1141 1252 non
1176 1215 1335 1266 agatur,
1372 1214 1411 1252 ut
1448 1211 1484 1251 in
1521 1210 1600 1251 tine
1622 1208 1662 1265 ξ
1687 1222 1742 1250 se-

114 1288 278 1344 quentis
312 1284 480 1342 patebit,
514 1290 695 1327 attamen
731 1286 825 1339 quia
862 1285 1018 1325 ratione
1053 1281 1191 1323 delicti
1226 1282 1387 1336 exurgit
1424 1281 1662 1336 praescripti
1690 1281 1742 1320 iu-

111 1358 220 1400 stitia
256 1358 368 1399 iuxta
404 1354 591 1410 regulam
626 1355 726 1397 iuris
760 1353 812 1396 23
849 1355 886 1395 in
923 1351 965 1394 (5⁰
1004 1351 1143 1394 «Sine
1176 1350 1311 1406 culpa,
1337 1352 1409 1392 nisi
1450 1349 1579 1392 subsit
1602 1360 1739 1399 causa,

115 1441 194 1471 non
239 1431 298 1470 est
341 1426 490 1483 aliquis
535 1425 831 1482 puniendus»,
867 1426 1022 1480 positus
1065 1427 1122 1465 est
1164 1421 1228 1464 liic
1261 1421 1288 1479 ξ
1320 1426 1362 1463 2.
1402 1419 1581 1468 Pariter,
1617 1419 1739 1461 idest:

116 1512 194 1542 non
229 1497 417 1542 obstante
450 1497 613 1540 defectu
655 1495 756 1552 legis
797 1494 978 1552 poenalis
1021 1494 1070 1536 ad
1112 1506 1267 1538 casum,
1305 1491 1408 1533 idem
1461 1493 1570 1533 iuxta
1606 1490 1742 1532 datam

114 1569 438 1613 declarationem
484 1567 699 1625 leyilimus
742 1565 965 1624 Superior,
1005 1564 1101 1607 lieet
1135 1564 1172 1619 ει)
1214 1561 1429 1621 probabile
1475 1567 1632 1603 titulum
1677 1560 1745 1615 sit,

115 1643 212 1698 quia
246 1640 395 1684 desunt
427 1639 680 1682 sufficientes
712 1638 762 1681 ad
803 1636 1095 1681 certitudinem
1142 1634 1418 1691 probationes,
1453 1634 1644 1689 (piamvis
1677 1630 1745 1673 lia-

116 1711 224 1755 bitae
258 1711 456 1754 inducant
480 1713 517 1752 in
545 1709 759 1766 prudentis
784 1713 979 1757 mentem,
1013 1706 1211 1749 (lelielmn
1247 1707 1410 1761 proprie
1444 1703 1494 1746 ol)
1520 1708 1745 1757 transgres-

116 1785 274 1826 sionem
309 1782 412 1838 legis
447 1781 630 1837 poenalis
662 1780 798 1838 fuisse
832 1779 1092 1822 commissam
1128 1776 1179 1820 ab
1214 1776 1289 1818 lioc
1313 1774 1491 1824 subdito,
1517 1773 1558 1829 b)
1583 1779 1655 1814 au!
1679 1773 1745 1814 ‹le-

117 1852 210 1896 lieli
241 1858 351 1896 certe
384 1855 497 1896 iuxta
533 1851 797 1907 probationes
833 1864 941 1893 nunc
976 1848 1137 1891 liabitas
1159 1846 1366 1889 commissi
1399 1843 1591 1902 poenalis
1623 1843 1746 1889 aetio,

123 1940 143 1966 t(
166 1938 239 1968 seu
271 1926 480 1968 accusatio
514 1922 787 1967 criminalis»
829 1921 937 1979 (can.
968 1918 1095 1975 1934)
1130 1918 1178 1961 ad
1216 1917 1312 1960 illud
1340 1915 1745 1972 puniendum.prae-

117 1996 280 2054 scripta
312 1995 383 2049 sit,
418 2008 489 2038 seu
530 1998 789 2050 «perempta
827 1993 941 2049 lapsu
978 1992 1174 2046 temporis
1209 1987 1318 2030 utilis
1351 1987 1400 2029 ad
1436 1988 1637 2029 actionem
1673 1987 1747 2026 rri-

119 2067 312 2110 minalem
365 2066 675 2122 proponendam
700 2080 722 2105 ))
776 2064 884 2121 (can.
925 2063 1032 2105 1702
1082 2065 1121 2103 et
1172 2058 1316 2114 1703),
1357 2071 1434 2100 non
1485 2055 1616 2098 solum
1670 2055 1748 2105 iiis,

118 2138 347 2182 secundum
382 2150 473 2181 can.
498 2137 581 2179 970
607 2135 742 2193 quoad
768 2139 1008 2191 sequentem
1045 2133 1220 2174 litteram
1256 2131 1296 2185 a)
1331 2133 1369 2171 et
1398 2131 1511 2171 iuxta
1536 2140 1624 2169 ean.
1653 2125 1747 2169 3:34.

119 2209 147 2267 ἓ
180 2209 196 2251 1
237 2208 372 2266 quoad
398 2209 499 2252 alias
522 2208 625 2250 duas
650 2194 807 2249 litteras
833 2205 874 2262 n)
899 2209 938 2247 et
962 2203 1016 2260 c),
1036 2202 1107 2245 sed
1130 2201 1255 2244 etiam
1281 2198 1454 2256 officiam
1485 2200 1520 2239 vi
1541 2210 1629 2239 can.
1652 2196 1750 2237 973.

119 2282 144 2334 ἓ
178 2279 201 2322 3
234 2284 358 2338 atque
381 2291 472 2322 can.
498 2278 639 2332 336,g
674 2278 695 2320 2
723 2276 840 2319 habel
867 2275 907 2332 a)
934 2289 1010 2317 nori
1035 2270 1307 2331 promovendi
1334 2283 1404 2326 per
1427 2283 1469 2311 so
1494 2268 1587 2325 (nec
1612 2266 1746 2309 dando

120 2350 277 2394 litteras
314 2349 588 2406 dimissorias)
633 2348 846 2397 clericum,
896 2352 935 2390 et
969 2360 988 2388 a
1032 2346 1186 2387 t'ortiori
1225 2343 1389 2392 laicum,
1424 2342 1517 2396 quia
1572 2340 1745 2393 «prima

121 2427 287 2466 tonsura
323 2426 363 2465 et
395 2421 562 2464 ordines
598 2423 778 2463 minores
813 2422 849 2461 in
889 2417 1091 2474 praesenti
1126 2413 1342 2469 disciplina
1379 2411 1484 2468 (can.
1522 2409 1618 2456 973,
1652 2410 1674 2463 ξ
1713 2406 1749 2462 l)

123 2495 178 2536 uti
212 2493 368 2550 gradus
400 2492 688 2536 conceduntur
731 2489 982 2533 ascendendi
1028 2487 1077 2529 ad
1121 2484 1516 2541 presbyteratum»,
1552 2480 1602 2522 de
1634 2478 1752 2519 μυίης

122 2563 353 2619 idoneitate
384 2577 466 2607 non
500 2567 664 2606 constat
703 2561 962 2604 «moraliter
996 2562 1108 2601 certo
1143 2569 1191 2599 ex
1229 2556 1415 2611 positivis
1449 2552 1747 2607 argumentis»

122 2635 230 2691 (can.
266 2635 365 2689 973,
396 2634 425 2692 ἓ
458 2634 512 2689 3),
546 2634 656 2692 quod
691 2634 940 2689 supponitur
975 2632 1010 2671 in
1046 2641 1143 2671 casu
1179 2627 1361 2669 canonis.
1387 2636 1507 2679 quem
1543 2632 1751 2662 commen-

124 2715 273 2760 tamur,
306 2705 498 2749 accidere
524 2710 566 2748 ut
590 2705 829 2761 plurimum.
855 2707 892 2745 el
917 2702 1103 2744 taxatixe
1126 2696 1181 2739 ud
1218 2693 1463 2738 scandaleon
1500 2689 1751 2733 erituiidfim,

122 2777 231 2834 quod
265 2776 508 2821 cohonestat
541 2778 817 2832 privationem
857 2772 1042 2816 exercitii
1090 2771 1189 2811 iuris
1232 2767 1422 2822 quaesiti,
1457 2768 1494 2805 et
1529 2762 1658 2804 aut'ert
1696 2771 1753 2801 ra-

121 2851 274 2892 tionem
310 2861 481 2904 poenae,
514 2850 610 2904 quia
645 2846 724 2889 tale
760 2849 820 2888 ius
853 2849 911 2886 ost
949 2856 1019 2899 pro
1055 2841 1158 2883 bono
1197 2840 1429 2880 animarum
1465 2834 1748 2876 constitutum,

121 2918 267 2976 supple
305 2935 327 2960 «
350 2931 428 2962 nou
463 2918 598 2962 solum
633 2920 708 2971 ius,
742 2916 812 2959 sed
850 2917 974 2957 etiam
1013 2911 1193 2953 oliicium
1230 2906 1388 2950 habet»
1430 2903 1470 2959 b)
1503 2898 1754 2959 prohibendi
