1950 3313
686 140 771 174 ΤιΤ.
800 141 830 175 1.

862 163 869 166 -
896 142 952 177 De
978 143 1125 187 leyibus
1151 143 1276 177 eccles.
1758 143 1802 178 73

217 257 297 293 CAN.
318 256 371 292 13.
391 278 407 283 -
425 261 444 300 ξ
458 256 488 293 1.
503 256 650 303 Legibus
664 258 885 303 generalibus
901 264 948 294 te—

169 310 296 341 nentur
340 304 470 351 ubique
511 309 682 340 terrarum
724 316 845 340 omnes
890 317 948 351 pro

170 352 300 398 quibus
326 352 415 388 latae
441 356 534 388 sunt.

215 404 234 442 ἓ
260 399 294 434 2.
325 398 471 444 Legibus
504 398 654 434 conditis
683 410 742 445 pro
782 400 945 445 peculiari

168 446 339 483 ter1it0ri0
366 447 387 481 ii
415 445 651 481 subiiciuntur
679 457 739 492 pro
757 447 884 492 ‹piibus
905 447 947 482 la-

167 499 221 530 tae
246 499 329 529 sunt
346 494 476 540 quique
494 493 623 528 ibidem
646 493 862 529 domicilium
894 494 945 529 vel

167 541 281 587 quasi·
270 541 500 576 d-omicilium
530 540 659 576 habent
685 546 717 576 et
744 542 848 576 simul
867 546 945 576 actu

166 593 438 628 commorantur,
456 588 555 623 firmo
572 588 783 634 praescripto
797 600 876 623 ean.
896 587 946 625 l4

213 635 297 671 (ΣΑΝ.
331 633 384 670 14.
409 635 521 677 -ἓῖ-
556 635 750 679 Peregrini:

267 682 292 717 l.
296 684 310 704 0
329 682 401 718 Non
429 682 700 736 adstringuntur
721 682 854 728 legibus
874 694 948 728 par-

164 729 369 765 ticularibus
388 729 438 765 sui
468 729 630 765 territorii
659 730 815 776 quandiu
842 730 887 766 ab
905 741 944 765 eo

163 777 305 817 absunt,
326 777 393 811 nisi
420 781 480 812 aut
506 788 625 812 earum
654 778 882 822 transgressio
910 778 945 811 in

165 824 302 871 proprio
329 824 501 860 territorio
529 829 659 865 noceat,
679 829 739 860 aut
758 825 848 870 leges
874 824 946 859 sint

165 871 384 925 personales;

260 918 292 954 ’·2.
299 920 313 941 0
336 918 453 971 Neque
480 919 614 972 legibus
632 919 794 954 territorii
825 919 858 953 in
879 931 947 964 quo

165 971 365 1010 versantur,
395 978 437 1001 us
462 966 614 1012 exceptis
640 978 728 1012 quae
754 966 867 1002 ordini
890 979 947 1012 pu-

164 1013 252 1049 blico
278 1014 479 1054 consulunt
507 1014 557 1049 vel
593 1018 732 1048 actuum
762 1014 944 1049 sollemnia

163 1061 420 1103 determinant;

258 1109 306 1145 3.0
333 1109 375 1144 At
402 1108 536 1153 legibus
573 1108 797 1153 generalibus
825 1113 944 1144 tenen-

162 1160 230 1197 tur,
259 1155 395 1191 etiamsi
425 1156 488 1191 bae
514 1167 577 1191 suo
612 1158 647 1190 in
676 1156 847 1191 territorio
874 1168 942 1191 non

161 1204 315 1248 vigeant.
346 1204 493 1238 minime
520 1214 598 1239 vero
618 1204 644 1237 si
675 1204 708 1237 in
732 1204 802 1238 loco
824 1204 856 1237 in
878 1215 945 1249 quo

164 1256 347 1286 versantur
373 1262 445 1286 non
470 1251 637 1296 obligent.

210 1298 289 1340 ξ2.
334 1297 415 1343 Vagi
456 1298 658 1343 obligantur
697 1298 830 1342 legibus
873 1303 941 1333 tam

161 1345 384 1390 generalibus
418 1357 522 1391 quam
561 1345 829 1392 particularibus
856 1357 944 1391 quae

163 1393 282 1438 vigent
309 1393 343 1427 in
374 1393 445 1428 loeo
473 1393 505 1428 in
535 1405 603 1439 quo
630 1398 825 1428 versantur.

209 1440 294 1476 CAN.
323 1439 409 1475 152-
433 1440 547 1486 Leges,
574 1440 677 1475 etiam
708 1440 885 1475 irritantes
911 1445 943 1475 et

162 1488 438 1529 inhabilitantes‚
468 1489 503 1523 in
531 1488 638 1523 dubio
677 1488 761 1522 iuris
789 1499 858 1522 non
888 1499 942 1522 ur-

158 1540 260 1579 gent·
290 1535 326 1569 in
354 1517 459 1587 dubio
485 1541 600 1571 autem
630 1535 707 1570 faeti
739 1540 847 1581 potest
878 1535 942 1570 ()r-

160 1582 320 1617 dinarius
356 1582 389 1616 in
427 1583 476 1617 eis
512 1583 727 1635 dispensare,
754 1582 943 1618 dummodo

157 1635 280 1670 agatur
306 1629 347 1664 de
377 1629 511 1674 legibus
546 1641 581 1664 in
609 1630 736 1675 quibus
765 1629 858 1665 Rom
852 1642 941 1664 inus

164 1676 318 1712 Pontifex
347 1677 550 1723 dispensare
576 1678 671 1713 solet

207 1722 290 1759 Cin.
323 1723 371 1758 16.
395 1728 450 1767 -Q
480 1724 508 1759 1.
541 1724 641 1759 Nulla
669 1725 866 1764 ignorantia
896 1724 941 1759 le-

158 1783 240 1816 gum
281 1772 499 1807 irritantium
539 1777 599 1807 aut
637 1771 939 1806 inliabilitantium

157 1819 200 1854 ab
226 1819 356 1854 eisdem
384 1824 537 1860 excusat,
566 1819 631 1853 nisi
659 1819 753 1854 aliud
781 1830 941 1864 expresse

157 1867 307 1901 dicatur.

205 1918 223 1956 ἓ
252 1914 283 1948 2.
307 1913 506 1957 lgnorantia
526 1914 576 1949 ΝρΙ
600 1924 694 1948 error
712 1913 801 1948 ciica
830 1913 937 1957 legem

156 1966 213 1997 aut
245 1972 390 2013 poenam
419 1966 479 1995 aut
499 1961 587 1996 circa
611 1961 738 1996 factum
761 1961 939 2006 proprium

156 2013 214 2044 aut
234 2019 326 2043 circa
355 2009 482 2043 factum
505 2008 659 2043 alienum
689 2008 863 2042 notorium
883 2018 939 2050 3ο.-

156 2057 305 2092 neratim
334 2067 403 2091 non
424 2056 677 2102 praesumitur;
699 2055 789 2090 circa
811 2043 937 2090 lactum

156 2104 310 2139 alienum
329 2114 396 2138 non
419 2103 592 2138 notorium
615 2102 862 2151 praesumitur.
884 2103 936 2137 do

158 2162 219 2187 nec
247 2151 460 2186 contrarium
492 2150 666 2196 probetur

204 2198 286 2234 CAN.
321 2197 371 2232 17.
392 2219 407 2223 -
425 2202 444 2240 ξ
475 2201 502 2231 l.
533 2197 636 2243 leges
662 2197 863 2232 authentice
890 2197 937 2230 in-

156 2250 365 2292 terpretatur
404 2245 580 2290 legislator
606 2245 722 2280 eiusve
761 2255 939 2279 successor

154 2297 186 2327 et
214 2294 242 2327 is
267 2293 320 2328 cui
364 2297 513 2338 potestas
540 2292 792 2338 interpretandi
837 2292 937 2326 fuerit

156 2340 199 2375 ab
228 2341 358 2376 eisdem
388 2340 588 2375 commissa.

204 2391 222 2429 ξ
263 2387 294 2421 2.
337 2387 578 2433 Interpretatio
620 2386 834 2425 authentica,
881 2397 938 2430 per

156 2434 296 2470 modum
319 2434 403 2479 legis
428 2435 596 2477 exhibita,
617 2434 763 2470 eandem
793 2434 861 2468 vim
883 2433 938 2468 lia-

155 2481 210 2516 bet
237 2492 275 2517 ae
306 2481 356 2517 lex
378 2482 472 2528 ipsa;
494 2487 527 2517 et
553 2482 579 2516 si
610 2482 711 2517 verba
738 2481 821 2525 legis
849 2481 882 2515 in
903 2491 939 2516 se

154 2533 247 2564 certa
280 2529 430 2564 declaret
468 2534 620 2570 tantum,
660 2528 938 2575 promulgatione

154 2586 223 2611 non
251 2580 327 2619 eget
353 2580 385 2611 et
414 2576 502 2611 valet
530 2582 738 2614 retrorsum:
769 2576 794 2609 si
826 2575 935 2620 legem

154 2627 303 2658 coarctet
342 2622 392 2658 vel
423 2624 586 2659 extendat
611 2629 671 2658 aut
702 2622 844 2659 dubiam
880 2634 936 2657 ex-

1024 259 1137 305 plicet.
1168 270 1237 295 non
1265 259 1507 295 retrotrahitur
1545 265 1576 295 et
1599 260 1698 296 debet
1726 272 1799 306 pro-

1024 306 1183 350 niulgari.

1068 357 1086 396 Q
1113 353 1145 388 3.
1166 353 1249 389 Data
1275 359 1390 389 autem
1421 365 1479 400 per
1506 355 1644 389 modum
1665 360 1801 390 senten-

1023 398 1088 435 tiae
1117 401 1290 436 iudicialis
1315 406 1374 437 aut
1402 402 1557 447 rescripti
1587 403 1620 436 in
1651 413 1683 437 re
1705 413 1799 448 pecu-

1023 447 1111 489 li·1ri
1132 449 1199 482 Νἰηι
1230 448 1312 493 legis
1340 449 1529 484 nonhabet
1557 454 1586 483 et
1616 449 1697 493 ligat
1728 454 1799 484 tan

1021 500 1093 529 tum
1124 506 1287 540 personas
1313 501 1416 541 atque
1441 496 1543 531 allicit
1572 507 1625 531 res
1653 509 1711 542 pro
1727 509 1800 542 qui

1022 542 1085 577 bus
1112 544 1191 577 data
1217 548 1279 577 est.

1069 589 1153 623 L'n
1187 589 1237 624 18
1261 611 1276 614 -
1296 589 1397 633 leges
1423 590 1675 625 ecclesiasticae
1704 591 1799 625 inni

1021 635 1180 679 ligendae
1206 642 1286 671 sunt
1314 637 1505 672 secundum
1536 639 1707 683 propriam
1731 649 1798 672 xer

1021 682 1142 718 borum
1170 684 1461 729 significationem
1492 685 1525 718 in
1546 690 1638 719 textu
1666 691 1698 719 et
1717 697 1795 720 c-on

1020 735 1111 765 textu
1139 724 1415 769 considerat-im:
1446 743 1533 776 quae
1572 733 1597 765 si
1634 732 1739 767 (lubia
1765 738 1795 766 et

1020 777 1166 813 obscura
1195 779 1371 815 manserit
1391 779 1431 813 ad
1462 779 1550 813 locos
1577 779 1712 814 L'odicis
1741 792 1796 824 pa-

1020 825 1167 866 rallelos,
1195 826 1220 859 si
1250 826 1307 871 qui
1336 826 1417 865 sint,
1445 826 1485 860 ad
1516 826 1598 870 legis
1628 827 1729 861 tinem
1757 839 1796 861 ac

1019 872 1302 908 circumstantias
1340 878 1373 907 et
1406 873 1446 908 ad
1482 878 1632 908 mentem
1663 874 1798 917 legisla-

1019 920 1103 953 toris
1129 925 1176 955 est
1206 921 1467 955 recurrendum.

1067 967 1150 1001 tim.
1182 966 1233 1002 19.
1263 987 1277 993 -
1310 967 1411 1011 Leges
1437 978 1525 1013 quac
1555 979 1698 1012 poenam
1728 974 1796 1003 sta-

1019 1018 1134 1051 tuunt.
1163 1019 1221 1049 aut
1250 1015 1395 1048 liberum
1438 1014 1564 1049 iurium
1593 1015 1791 1049 exercitium

1018 1067 1208 1096 coarctant.
1229 1067 1287 1096 aut
1313 1062 1549 1106 exceptionem
1577 1074 1595 1095 a
1625 1062 1693 1103 lege
1720 1074 1796 1096 con-

1019 1109 1145 1144 tinent.
1166 1109 1304 1144 strictae
1330 1109 1477 1144 subsunt
1507 1109 1795 1154 interpretationi.

1066 1155 1150 1191 (ΣΝΝ.
1180 1156 1236 1190 20.
1270 1177 1285 1181 -
1315 1155 1348 1189 Si
1377 1161 1466 1191 certa
1495 1156 1536 1191 de
1563 1167 1598 1190 re
1624 1157 1706 1190 (lesit
1744 1168 1797 1190 ex·-

1021 1214 1175 1248 pressum
1206 1204 1454 1249 praescriptum
1488 1203 1571 1248 legis
1598 1205 1667 1236 sive
1695 1215 1795 1244 gerie-

1018 1250 1101 1285 ralis
1128 1251 1199 1286 six'e
1228 1251 1459 1296 particularis,
1478 1261 1598 1285 norma
1626 1252 1793 1285 sumenda

1017 1303 1080 1335 est.
1113 1298 1176 1332 nisi
1205 1302 1327 1341 agatur
1353 1298 1393 1332 de
1416 1298 1536 1343 poenis
1562 1298 1792 1343 applicandis.

1016 1356 1036 1380 a
1067 1345 1200 1389 legibus
1227 1346 1305 1380 latis
1334 1345 1367 1379 in
1395 1345 1588 1382 similibus:
1610 1358 1627 1379 a
1654 1357 1795 1386 genera—

1018 1392 1108 1427 libus
1136 1392 1221 1428 iuris
1249 1392 1430 1438 principiis
1448 1404 1525 1427 cum
1549 1393 1721 1438 aequitate
1741 1404 1794 1427 ca-

1018 1440 1144 1474 nonica
1171 1440 1335 1484 servatis.-
1357 1451 1375 1475 a
1402 1441 1490 1486 stylo
1506 1444 1536 1473 et
1558 1441 1650 1485 praxi
1673 1441 1795 1475 (iuriae

1019 1487 1213 1529 Romanae:
1230 1489 1436 1522 acommuui
1458 1488 1701 1532 constantique
1720 1498 1794 1520 sen-

1017 1535 1123 1569 tentia
1151 1535 1344 1569 doctorum.

1064 1581 1148 1615 (ΙΑΝ.
1171 1581 1227 1616 21.
1248 1603 1264 1606 -
1288 1581 1389 1626 Leges
1418 1582 1505 1616 latae
1529 1581 1569 1615 ad
1593 1593 1794 1627 praet-axen-

1015 1629 1096 1664 dum
1117 1629 1306 1675 perieulum
1322 1629 1492 1673 generale.
1509 1634 1643 1673 urgent.
1658 1630 1791 1663 etiamsi

1017 1678 1050 1710 in
1079 1687 1159 1711 casu
1189 1676 1352 1736 peculiari
1383 1676 1571 1722 perieulum
1603 1688 1671 1710 non
1693 1677 1752 1711 zsnl
1759 1676 1792 1711 it

1063 1722 1146 1759 Cis.
1177 1723 1233 1757 22.
1265 1745 1281 1748 -
1313 1723 1373 1759 lex
1405 1724 1582 1769 posterior.
1611 1736 1628 1757 ι
1657 1734 1794 1775 compe-

1015 1772 1099 1805 tenti
1127 1771 1331 1806 auctoritate
1358 1771 1438 1813 lata
1460 1771 1600 1813 obrogat
1631 1782 1746 1815 priori
1764 1782 1789 1804 si

1015 1818 1046 1853 id
1075 1829 1234 1863 expresse
1271 1818 1393 1859 edicat,
1421 1823 1477 1853 aut
1506 1818 1547 1851 sit
1589 1818 1634 1851 illi
1664 1818 1792 1853 dii-eit(

1013 1866 1198 1900 contraria.
1223 1870 1280 1900 aut
1308 1871 1412 1900 totam
1437 1866 1478 1899 de
1498 1865 1630 1909 integro
1656 1865 1789 1899 ordinet

1015 1912 1098 1957 legis
1119 1913 1241 1958 prioris
1264 1913 1465 1948 materiam:
1488 1913 1559 1947 sed.
1582 1913 1680 1946 tirmo
1701 1923 1790 1957 prae-

1013 1960 1140 2006 scripto
1166 1971 1243 1995 can.
1270 1960 1299 1999 6,
1329 1972 1362 1996 n.
1387 1961 1415 2002 l,
1438 1960 1487 1995 lex
1514 1961 1685 2003 generalis
1716 1960 1789 1993 uul-

1014 2007 1150 2042 latenns
1176 2008 1317 2051 derogat
1347 2007 1498 2041 locorum
1527 2007 1728 2051 specialium
1758 2012 1787 2040 et

1015 2066 1239 2100 personarum
1276 2054 1506 2099 singularium
1545 2054 1694 2089 statutis.
1724 2054 1788 2087 nisi

1012 2102 1105 2137 aliud
1135 2102 1168 2135 in
1199 2102 1272 2147 ipsa
1298 2113 1457 2147 expresse
1483 2106 1655 2135 caveatur.

1061 2148 1143 2183 (ΣΑΝ.
1173 2148 1227 2183 23.
1258 2169 1278 2175 -
1306 2149 1339 2183 ln
1378 2149 1482 2183 dubio
1509 2148 1678 2183 rexocatio
1706 2148 1789 2183 lestis

1015 2196 1293 2242 praeexsistentis
1314 2208 1380 2230 non
1405 2197 1646 2241 praesumitur,
1667 2196 1722 2229 sed
1745 2195 1787 2228 le-

1011 2255 1070 2287 ges
1106 2245 1310 2289 posteriores
1348 2244 1389 2279 ad
1432 2245 1560 2288 priores
1600 2242 1788 2277 trahendae

1012 2296 1092 2326 sunt
1119 2296 1150 2326 et
1180 2291 1241 2327 his.
1262 2296 1431 2337 quantum
1462 2290 1532 2325 lieri
1564 2291 1679 2335 possit.
1709 2301 1788 2322 con-

1011 2339 1195 2373 ciliandae.

1060 2387 1143 2420 (ΣΝΝ.
1175 2384 1231 2419 24.
1256 2406 1272 2410 -
1296 2385 1489 2430 Praecepta,
1518 2383 1665 2427 singulis
1693 2383 1783 2417 data.

1011 2444 1069 2467 eos
1096 2433 1223 2478 quilius
1249 2433 1388 2469 dantur
1413 2432 1540 2477 ubiqm
1568 2443 1628 2472 ur·..
1620 2435 1702 2465 e.nt
1730 2430 1785 2463 sed

1013 2480 1222 2515 iudicialiter
1248 2480 1360 2523 urgeri
1390 2484 1565 2531 nequeunt
1594 2484 1623 2513 et
1652 2481 1785 2511 cessant

1012 2528 1161 2563 resoluto
1188 2528 1260 2562 iure
1289 2526 1542 2573 praecipientis
1571 2525 1634 2559 nisi
1667 2535 1725 2574 {nr
1744 2523 1785 2556 le-

1011 2575 1171 2617 gitimum
1199 2575 1445 2609 documentum
1482 2578 1539 2607 aut
1567 2583 1679 2607 ‹orim
1709 2578 1787 2604 ‹too-

1013 2622 1076 2657 bus
1104 2622 1248 2657 testibus
1275 2621 1434 2666 imposita
1465 2621 1603 2654 suerint.

274 2742 340 2785 358.
377 2744 713 2798 inscriptionis
744 2743 873 2787 tituli
906 2742 1143 2787 definitio.
1179 2741 1359 2783 omnino
1397 2736 1714 2780 fundamentalis
1745 2738 1781 2776 in

150 2811 302 2857 Codice
336 2816 396 2855 est
436 2810 596 2855 Titulus
629 2810 660 2856 I.
701 2811 757 2855 De
791 2811 950 2868 leqibus
983 2810 1292 2858 ecelesiasticis,
1321 2821 1426 2866 quae
1451 2812 1542 2851 sunt
1575 2823 1590 2847 «
1619 2807 1781 2847 ‹ii-‹lina-

152 2884 283 2925 tiones
308 2883 476 2925 rationis
499 2881 548 2925 ad
575 2880 727 2925 bonum
754 2880 965 2925 Ecclesiae
989 2892 1209 2923 commune
1233 2878 1284 2922 ab
1316 2891 1378 2930 eo,
1398 2880 1465 2935 (pii
1501 2876 1780 2919 iurisdictione
