1950 3313
101 162 191 198 Can.
218 162 310 197 2197
479 162 564 196 Tl'r.
593 163 621 197 Ι.
649 183 661 188 -
689 165 745 198 De
772 169 916 200 natura
944 171 977 202 et
1003 169 1192 203 divisione
1218 171 1346 204 delicti
1703 178 1724 205 ti

103 282 246 325 fideles
278 295 326 326 ex
363 282 574 326 auditione
608 286 755 327 missae
791 286 1036 340 parochialis
1060 294 1119 330 est
1145 289 1353 344 publicum
1388 293 1522 334 statim
1560 300 1725 349 propter

102 353 280 396 suturam
314 352 458 396 saltem
494 353 838 410 divulgationem,
873 357 940 398 lll⁰
975 361 1049 401 erit
1085 363 1290 403 notorium
1337 365 1578 405 notorietate
1619 366 1725 413 lacti,

101 426 133 467 si
160 423 322 480 publice
347 428 486 466 notum
512 426 577 479 sit,
601 426 710 481 quod
736 429 931 470 sacerdos
955 442 1032 484 qua
1060 429 1150 471 talis
1184 431 1287 473 bone
1323 437 1441 474 notus
1474 439 1722 476 contraxerit

103 496 412 538 matrimonium
434 495 572 548 civile,
595 494 664 537 lV⁰
683 497 890 539 occultum
915 500 1182 542 materialiter
1200 507 1305 543 esset
1325 502 1572 545 adulterium
1593 504 1723 547 solum

101 565 439 623 delinquentibus
472 570 630 619 notum,
666 569 761 609 item
797 568 991 611 delictum
1027 571 1253 613 sacerdotis
1281 572 1528 616 celebrantis
1564 575 1724 630 publii-e

104 638 285 690 missam,
318 650 412 680 cum
449 638 647 680 ieiunium
683 637 1004 681 eucharisticum
1031 641 1189 683 occulte
1225 656 1300 684 non
1335 651 1487 696 servet,
1516 643 1562 685 ΥΟ
1588 646 1722 689 occul-

102 711 186 750 tum
223 707 452 750 formaliter
484 707 648 750 adesset
678 708 876 751 delictum
914 714 1119 765 procurati
1155 711 1323 755 abortus
1356 715 1501 757 ell'ectu
1537 721 1724 772 sequuti»,

102 780 172 836 qui
209 777 373 834 publice
406 777 582 822 habetur
619 777 744 821 veluti
780 780 970 824 casualis.

220 849 282 893 Ad
317 851 477 892 notoria
514 862 612 892 vero
645 849 795 893 delicta
832 854 1074 895 notorietate
1109 854 1202 895 facti
1227 855 1334 911 quod
1360 858 1501 898 attinet
1529 862 1636 899 recte
1662 871 1726 899 no-

101 920 252 964 scenda
289 919 512 976 plurimum
548 921 707 963 confert
749 921 936 964 doctrina
979 922 1126 966 Bened.
1164 923 1250 966 XlV
1287 927 1323 966 in
1358 940 1420 981 ep.
1461 942 1479 965 a
1505 927 1560 969 Ex
1597 931 1724 970 oiiini-

103 991 221 1035 bus»
251 991 263 1013 ¹
296 990 354 1049 ἐξ
385 991 473 1034 4-6.
509 991 615 1035 Ecce
650 994 803 1048 ipsam:
845 1008 864 1033 ((
891 993 1041 1049 publici
1067 999 1203 1037 autem
1230 1000 1351 1052 atque
1377 1000 1521 1038 notorii
1546 1004 1638 1040 sunt
1665 1013 1723 1040 re-

103 1062 300 1116 fractarii,
334 1063 373 1104 in
407 1074 519 1116 casu,
555 1062 605 1105 (le
639 1076 720 1119 quo
753 1065 891 1119 agitur
926 1064 1121 1121 (scilicet:
1162 1065 1448 1109 Constitutioni
1484 1082 1507 1108 ((
1534 1067 1724 1123 [nigeni-

103 1139 229 1187 tus»,
264 1138 428 1190 praeter
471 1132 525 1176 ibi
569 1133 817 1186 declaratos,
852 1148 1000 1191 nempe
1039 1151 1058 1175 ((
1085 1138 1265 1178 notorios
1305 1140 1545 1181 notorietatc
1581 1141 1678 1180 iuris¹
1704 1158 1721 1179 »

101 1204 152 1248 ad
188 1216 375 1248 normam
410 1206 580 1248 canonis
612 1204 832 1262 declarati)
864 1208 947 1262 qut
984 1209 1020 1248 in
1057 1212 1271 1250 anteactae
1308 1211 1413 1251 vitae
1447 1209 1621 1252 decursu
1657 1211 1727 1252 ali-

101 1275 199 1333 quid
233 1274 451 1318 evidenter
483 1278 740 1319 commisisse
778 1281 1018 1332 noscuntur,
1054 1279 1267 1321 manifeste
1300 1282 1529 1336 oppositum
1566 1294 1729 1324 venera·

102 1348 215 1401 tioni,
249 1345 448 1404 obsequio
481 1351 522 1390 et
554 1345 816 1390 obedientiae
848 1347 981 1390 eidem
1016 1347 1303 1391 Constitutioni
1339 1349 1516 1399 debitae,
1536 1353 1572 1392 in
1598 1364 1727 1408 eoque

102 1418 209 1460 facto
245 1417 456 1461 moraliter
490 1430 786 1474 perseverare3
820 1419 929 1476 quod
972 1421 1024 1462 ita
1071 1419 1194 1475 vulgo
1228 1422 1438 1476 cognitum
1473 1426 1544 1467 est.
1582 1427 1620 1464 ut
1658 1436 1726 1477 pu—

104 1487 257 1531 blicum
290 1487 532 1532 scandalum
558 1488 654 1532 inde
677 1493 886 1543 exortum,
910 1502 987 1532 non
1022 1489 1158 1533 adbuc
1191 1493 1439 1544 cessaverim
1473 1493 1508 1533 in
1536 1493 1596 1534 liis
1619 1494 1725 1534 enim

101 1558 267 1602 casibus
299 1559 445 1603 eadem
479 1561 647 1602 omnino
680 1559 797 1603 adest
831 1560 999 1603 moralis
1032 1561 1249 1616 certitudo,
1275 1574 1380 1618 quae
1409 1561 1585 1605 liabetur
1607 1562 1656 1605 de
1683 1565 1729 1604 iis¹

103 1630 231 1678 factis.
265 1643 391 1687 super
422 1630 574 1688 quibus
609 1630 732 1674 iudex
765 1634 1011 1675 sententiam
1039 1631 1143 1684 tulit,
1170 1632 1231 1675 vel
1261 1632 1404 1675 saltem
1439 1632 1517 1675 alia
1550 1635 1726 1689 suppetit

103 1700 272 1744 moralis
304 1701 510 1745 certitudo
544 1702 783 1754 praedictae
815 1702 962 1745 similis
994 1707 1033 1746 et
1066 1702 1414 1760 aequipollens».

222 1771 350 1815 Addit
382 1785 548 1830 quoque
582 1772 805 1817 notabilem
840 1773 1087 1817 delictorum
1122 1774 1426 1817 distinctionem
1464 1774 1530 1816 illo
1562 1775 1638 1817 suli
1673 1788 1729 1817 re-

104 1847 247 1898 spectu
286 1858 308 1884 «
330 1845 355 1897 g
389 1844 425 1886 5.
463 1843 502 1886 ln
528 1856 610 1901 quo
634 1849 770 1888 tamen
797 1858 894 1901 prae
918 1845 1048 1888 oculis
1072 1844 1259 1888 habenda
1285 1849 1346 1887 est
1369 1845 1597 1888 dill'erenlia
1622 1859 1727 1902 quae

106 1913 324 1957 intercedit
358 1916 463 1957 inter
495 1917 703 1958 notorium
736 1915 855 1969 illud,
887 1929 968 1973 quo
1002 1929 1161 1959 merum
1196 1915 1360 1973 aliquod
1397 1917 1546 1959 factum
1582 1917 1727 1972 depre-

107 1984 312 2041 henditur,
346 1987 465 2028 cuius
498 1986 591 2029 sacti
628 1991 766 2030 reatus
800 1989 837 2029 in
873 1989 959 2043 ipsa
1001 1986 1085 2029 sola
1128 1991 1298 2030 externa
1337 1989 1497 2030 actione
1531 1989 1728 2039 consistit,

105 2059 148 2098 ut
178 2060 240 2099 est
272 2058 497 2100 notorietas
531 2060 709 2101 usurarii
744 2063 814 2101 aut
847 2057 1155 2111 concubinarii3
1190 2063 1229 2101 et
1261 2057 1370 2101 aliud
1406 2060 1553 2100 notorii
1583 2071 1726 2113 genus,

103 2139 185 2183 quo
218 2131 389 2170 externa
424 2127 491 2171 illa
527 2129 634 2172 facta
668 2132 800 2172 notari
836 2131 1050 2186 contingit,
1085 2142 1260 2185 quorum
1297 2133 1434 2172 reatus
1476 2128 1527 2171 ab
1571 2131 1726 2171 interna

103 2200 226 2240 etiam
261 2200 387 2241 animi
421 2199 690 2255 dispositione
723 2200 949 2257 plurimum
985 2200 1160 2257 pendet;
1193 2201 1244 2243 de
1277 2213 1357 2257 quo
1391 2200 1556 2256 quidem
1583 2201 1726 2241 notorii

104 2280 257 2324 genere
290 2282 399 2313 nunc
432 2271 584 2326 agitur.
617 2269 839 2328 (Videlicet
888 2273 925 2314 in
976 2271 1120 2314 eadem
1161 2270 1363 2326 epistola).
1400 2270 1583 2313 Alterum
1619 2272 1725 2312 enim

105 2338 205 2383 illud
241 2338 432 2396 (nempe:
469 2343 582 2396 prius
614 2341 791 2400 dictum)
827 2345 864 2385 in
898 2341 1099 2399 gravibus
1131 2354 1228 2385 sane
1260 2340 1568 2397 probationibus
1591 2342 1725 2382 evinci

104 2409 248 2463 debet3
283 2412 354 2454 sed
388 2411 564 2455 alterum
599 2413 867 2470 gravioribus
899 2412 1228 2469 certioribusque
1270 2414 1524 2467 argumentis
1564 2410 1724 2467 probari

104 2481 310 2536 oportebit
331 2498 372 2524 )).

223 2551 281 2595 De
313 2556 561 2599 certitudine
595 2568 720 2613 supra
754 2556 864 2599 dicta
898 2558 935 2598 in
970 2555 997 2613 ξ
1031 2555 1068 2611 4,
1102 2554 1313 2609 subiungit
1339 2554 1442 2609 Papa
1471 2553 1727 2596 Benedictus.

109 2621 175 2680 «ξ
209 2623 246 2665 6.
273 2622 328 2667 Ea
365 2638 476 2680 vere,
509 2639 633 2684 quam
668 2639 792 2683 supra
829 2629 1050 2679 innuimus,
1076 2625 1278 2668 certitudo
1305 2626 1471 2666 minime
1495 2624 1637 2665 adesse
1672 2623 1727 2664 di-

104 2693 234 2737 cenda
269 2699 328 2737 est
363 2697 400 2738 in
433 2696 524 2740 aliis
547 2697 725 2751 casibus,
751 2700 787 2740 in
813 2696 962 2755 quibus
986 2699 1140 2739 crimen
1167 2697 1308 2738 nititur
1331 2696 1591 2738 coniecturis,
1613 2706 1725 2749 prae-

103 2764 410 2820 sumptionibus
443 2768 696 2826 incertisque
733 2767 917 2820 vocibus,
951 2779 1057 2823 quae
1091 2768 1292 2821 originem
1326 2778 1440 2807 suam
1483 2764 1725 2818 plerumque

223 2918 234 2940 1
266 2917 308 2952 16
335 2917 422 2952 Oct.
454 2919 555 2954 1756.
