1950 3313
653 172 736 206 ΤιΤ.
765 172 811 206 V.
841 192 853 198 ·
879 172 935 207 De
956 174 1176 218 privileyz‘is
1659 174 1726 208 165

97 293 251 334 soi-ium
286 296 472 335 naturam
506 293 620 348 sequi
656 294 846 347 congruit
883 292 1122 348 principalis
1148 308 1186 345 ›)‚
1220 294 1309 335 sive
1345 292 1442 335 illud
1479 292 1557 335 tale
1595 295 1644 336 sit
1681 298 1723 337 ut

97 362 195 418 quid
230 361 445 418 principali
479 363 746 418 coniunctum
792 364 894 415 iure,
933 364 1022 406 sive
1067 365 1121 405 uti
1169 365 1513 419 praerequisitum
1551 365 1639 407 iure
1671 364 1720 407 ad

99 431 335 488 principalis
368 444 502 475 usum.
536 457 589 461 —
629 447 648 472 «
675 432 740 474 3523,
774 432 846 475 Cui
883 432 974 476 licet
1010 433 1118 490 quod
1154 438 1212 476 est
1248 433 1357 489 plus,
1394 433 1487 476 licet
1520 434 1628 491 quod
1664 439 1725 477 est

98 505 275 546 minus»
314 505 351 545 in
387 501 545 558 legibus
578 502 628 545 de
662 503 807 546 eadem
844 516 899 546 re.
935 529 990 534 —
1030 519 1049 544 «
1075 505 1141 546 80.
1178 504 1218 546 ln
1252 509 1350 550 toto.
1377 509 1533 560 partem
1561 518 1638 547 non
1664 510 1724 549 est

99 574 270 617 dubium
304 575 503 617 contineri
530 588 568 628 )),
591 576 680 616 sire
703 578 850 629 agatur
872 574 923 617 de
958 579 1168 631 potestate,
1192 577 1281 618 sive
1315 575 1365 618 de
1401 577 1528 631 ipsius
1561 575 1722 619 obiecto

100 645 163 688 vel
196 649 304 697 actu,
337 648 405 687 aut
440 644 490 687 de
525 647 709 700 personis
743 647 780 687 in
815 658 917 702 quas
951 645 1016 688 illa
1051 651 1311 689 exerceatur.

219 714 312 757 136.
347 717 528 760 Norma
561 717 819 761 dubiorum
853 718 1201 762 solvendorum
1235 717 1412 760 traditur
1449 719 1485 759 in
1521 732 1611 759 can.
1646 720 1721 762 (58.

98 784 142 828 ln
175 784 311 834 (lubio,
346 786 512 843 quando
547 799 694 842 nempe
734 791 849 829 tenor
891 789 1170 830 concessionis
1213 786 1384 830 dubium
1422 787 1483 830 vel
1520 787 1722 845 ambigui-

96 861 219 899 tatem
246 858 403 913 ingerat
437 857 488 899 de
522 859 747 900 intentione
770 870 842 900 seu
867 862 1002 900 mente
1027 845 1207 901 auctoris
1233 858 1455 914 privilegii,
1487 858 1721 903 huiusmodi

90 927 319 984 pricileqia
352 928 485 984 quoad
523 927 622 971 illud
658 927 978 985 interpretamla
1013 934 1110 970 sunt
1144 931 1265 971 etiam
1305 942 1376 985 pro
1410 932 1523 985 praxi
1549 929 1604 972 acl
1628 943 1721 973 uor-

95 1012 201 1040 mam
228 1012 317 1040 ean.
342 1000 404 1041 50
427 998 677 1054 explicatam
700 998 750 1042 de
777 1001 1070 1054 rescriptorum
1105 998 1247 1052 dubio,
1282 1011 1373 1042 nam
1410 1002 1442 1041 si
1475 1015 1494 1039 ι(
1522 1002 1606 1042 iura
1632 1000 1723 1043 aliis

95 1073 278 1125 quaesita
325 1069 583 1112 laedantur»
624 1074 741 1125 urget
778 1082 862 1125 reg.
899 1071 998 1112 iuris
1031 1070 1084 1112 48
1120 1072 1157 1111 in
1194 1069 1260 1112 6⁰:
1302 1086 1320 1110 «
1348 1069 1602 1126 Locupletari
1644 1084 1721 1113 non

94 1139 215 1183 debet
250 1139 398 1197 aliquis
440 1153 535 1183 cum
579 1139 748 1182 alterius
792 1142 938 1182 iniuria
979 1140 1039 1183 vel
1076 1143 1232 1183 iactura
1264 1156 1300 1184 ›).
1334 1143 1365 1183 si
1406 1141 1724 1184 «adversantur

95 1210 172 1266 legi
219 1213 255 1253 in
299 1210 566 1253 commodum
616 1213 937 1266 privatorum»,
972 1222 1143 1254 Servare
1178 1215 1337 1266 oportet
1387 1217 1501 1267 reg.¹¹¹
1537 1213 1636 1253 iuris
1674 1212 1723 1253 125

99 1298 118 1322 <i
143 1279 248 1326 Odia
285 1283 475 1337 restringi
510 1283 767 1324 convenit».
804 1283 897 1324 item
944 1283 975 1323 si
1022 1281 1115 1324 «ad
1154 1281 1243 1324 lites
1278 1283 1514 1325 referuntur
1538 1298 1557 1322 »
1597 1284 1722 1338 priri-

96 1352 200 1409 legia
239 1352 299 1395 vel
331 1367 350 1392 «
373 1352 423 1395 ad
451 1351 744 1395 beneficiorum
781 1354 1145 1405 assecutionem»,
1172 1355 1273 1395 ratio
1297 1352 1423 1395 dictat
1449 1355 1486 1395 iu
1514 1367 1598 1409 reg.
1625 1356 1724 1397 iuris

95 1423 149 1466 30
174 1425 212 1466 in
237 1422 281 1466 6⁰
304 1436 523 1480 expressa:
554 1439 574 1464 «
600 1423 641 1466 ln
676 1423 813 1466 dubiis
838 1425 1053 1466 minimum
1089 1428 1147 1466 est
1184 1424 1442 1481 sequendum
1469 1440 1510 1467 )).
1537 1450 1588 1454 —
1620 1440 1638 1465 «
1657 1425 1726 1468 (Je-

94 1499 180 1538 tera
203 1496 340 1537 omnia
363 1493 621 1551 (privilegia)
649 1494 769 1537 latam
797 1497 1178 1551 interpretationem
1209 1497 1413 1551 recipiunt
1436 1511 1474 1547 )),
1497 1508 1591 1538 cum
1622 1511 1641 1535 «
1663 1495 1726 1538 be-

94 1566 242 1608 neticia
267 1565 500 1621 Principum
526 1568 605 1608 sint
631 1566 938 1621 interpretanda
961 1565 1190 1621 largissime
1215 1581 1234 1606 ))
1260 1570 1301 1608 ut
1324 1566 1477 1609 dicitur
1501 1568 1538 1609 in
1560 1579 1649 1622 cap.
1670 1567 1684 1608 ’1
1700 1570 1721 1609 ti

100 1635 193 1679 «de
230 1635 452 1679 verborum
480 1637 783 1692 significatione
810 1652 827 1676 ›)
868 1634 934 1692 (V,
960 1635 1046 1692 40).
1082 1636 1165 1679 Nec
1200 1635 1398 1680 oblivioni
1427 1637 1622 1680 traditum
1650 1638 1724 1680 l'uit

94 1718 183 1762 cap.
209 1706 261 1749 30
301 1721 322 1746 (c
344 1706 395 1749 (le
429 1706 699 1762 privilegiis»
739 1706 806 1750 ubi
843 1705 1051 1749 Honorius
1087 1706 1135 1749 lll
1169 1709 1228 1750 sic
1255 1709 1547 1750 ratiocinatur:
1578 1723 1597 1747 ((
1622 1709 1721 1750 ilum

93 1781 230 1819 autem
256 1776 352 1819 nihil
388 1779 447 1819 eis
480 1777 687 1820 conterret
722 1782 948 1819 memorata
984 1777 1289 1833 indulgentia...
1333 1777 1593 1821 Fraternitati
1630 1783 1724 1821 tuac

96 1847 352 1897 mandamus,
372 1852 575 1904 quatenus
595 1849 933 1902 interpretatione
960 1847 1195 1890 huiusmodi
1222 1847 1509 1903 reprol)ata...:
1537 1850 1587 1890 ita
1613 1848 1722 1905 quod

93 1917 191 1961 dicti
226 1919 370 1960 iratres
402 1917 584 1975 aliquam
618 1932 667 1961 ex
704 1917 959 1974 indulgentia
1005 1923 1140 1961 nostra
1189 1918 1409 1961 videantur
1446 1920 1482 1960 in
1520 1918 1595 1961 hoc
1629 1932 1721 1974 gra-

92 1991 192 2032 tiam
224 1991 497 2032 consecuti».
547 1987 666 2041 Quod
701 1991 759 2032 sic
795 1990 917 2032 ret'ert
950 2001 1081 2032 canon
1118 1989 1298 2032 limitans
1341 1991 1721 2045 interpretationem

95 2061 371 2103 restrictivam
406 2073 456 2102 ex
490 2072 579 2103 can.
617 2060 692 2102 50:
739 2058 812 2101 secl
859 2073 906 2101 ea
948 2073 1111 2117 semper
1149 2075 1168 2100 «
1195 2062 1232 2102 in
1277 2059 1402 2103 dubio
1428 2076 1447 2100 ))
1486 2058 1723 2102 adhibenda

93 2134 153 2173 est.
188 2131 501 2186 privilegiorum
538 2130 835 2188 interpretatio
855 2131 917 2173 ,ad
956 2133 1115 2186 praxim
1146 2131 1406 2181 deducenda,
1433 2136 1474 2173 ut
1498 2130 1723 2188 privt'leqio

91 2214 171 2258 qua
199 2201 397 2257 Principis
420 2203 562 2245 favore
587 2201 702 2244 aava
724 2201 814 2258 (seu
851 2201 958 2244 illius
991 2201 1244 2257 subiectum)
1279 2201 1469 2259 aliqum
1505 2215 1557 2243 αϊ
1582 2201 1722 2244 indul-

89 2272 235 2328 yentia
267 2271 543 2324 coneedentz'S,
576 2272 742 2330 qualem
776 2272 907 2315 induit
942 2272 1150 2329 privilegii
1177 2278 1336 2326 natura,
1364 2271 1593 2315 videantur
1623 2286 1722 2328 qra-

96 2342 210 2396 tiam,
243 2356 363 2387 secus
394 2344 443 2387 ad
480 2357 549 2387 eos
583 2357 661 2386 non
697 2346 986 2400 pertinentem,
1020 2343 1246 2386 consecuti.

213 2413 308 2456 137.
346 2415 723 2471 Privilegiorum
762 2429 892 2460 usus.
936 2413 1034 2470 Reg.
1080 2416 1180 2457 iuris
1215 2414 1262 2456 61
1314 2416 1351 2456 in
1389 2416 1431 2455 6⁰
1470 2416 1718 2470 principium

92 2486 295 2528 continet:
334 2499 355 2525 <c
377 2483 496 2538 Quod
531 2486 583 2529 ob
617 2488 793 2542 gratiam
837 2485 1012 2528 alicuius
1055 2485 1312 2537 conceditur,
1349 2498 1425 2527 non
1462 2489 1521 2527 est
1557 2487 1594 2527 in
1630 2486 1718 2527 eius

92 2554 353 2611 dispendium
388 2556 777 2613 retorquendum»,
811 2558 930 2599 sicuti
966 2558 1152 2599 eveniret
1187 2557 1219 2598 si
1254 2555 1474 2611 privilegio
1500 2559 1647 2597 auctus
1671 2554 1720 2597 ad

94 2625 202 2668 illius
233 2625 488 2683 obligaretur
521 2640 654 2672 usum.
689 2626 776 2670 Hac
809 2627 860 2670 de
893 2639 1017 2670 causa
1051 2627 1230 2670 edicitur
1266 2629 1303 2668 in
1344 2640 1433 2668 can.
1470 2628 1544 2667 (59.
1581 2624 1722 2678 Nemo,

96 2700 158 2738 vir
190 2701 260 2739 aut
294 2697 457 2749 mulier,
501 2698 633 2741 tidelis
678 2698 741 2741 vel
788 2700 997 2754 Superior,
1034 2710 1207 2753 persona
1245 2697 1414 2753 physica
1454 2696 1519 2739 vel
1558 2695 1723 2738 moralis

93 2767 257 2823 σοφίαι·
290 2769 377 2810 iure
412 2768 473 2810 uti
503 2767 730 2825 privilefflo
766 2768 985 2824 personali,
1027 2767 1125 2810 reali
1165 2767 1226 2810 vel
1270 2769 1397 2809 mixto
1433 2767 1473 2808 in
1509 2766 1576 2808 sui
1609 2765 1723 2807 (lum-

94 2843 213 2881 ἰᾶταί
246 2837 433 2894 siworem
466 2852 672 2891 concesso,
696 2837 794 2895 (non
822 2841 899 2881 iam
936 2840 966 2881 si
1004 2839 1121 2880 favor
1158 2837 1265 2880 illius
1301 2837 1507 2893 privilegii
1545 2850 1593 2879 ex
1630 2848 1723 2878 con-

91 2912 286 2953 cessionis
321 2911 545 2951 intentione
579 2912 616 2950 in
651 2908 753 2951 alios
788 2908 1004 2959 redundet,
1045 2922 1081 2947 v.
1117 2922 1178 2963 gr.
1213 2907 1400 2950 subditos
1437 2907 1497 2950 rel
1535 2919 1720 2949 commu-
