1950 3313
745 155 786 179 IN
816 156 893 181 1100
921 147 1253 186 Comissx'rAmuM
1791 158 1812 191 3

182 266 220 306 in
258 264 351 308 lust.
388 266 487 308 iuris
520 264 656 308 civilis
686 265 1085 323 (§iui·ispi·11‹lcntia
1116 270 1178 326 l),
1205 271 1301 313 dum
1333 274 1411 315 ait:
1453 273 1810 330 «lurisprudentia

180 339 240 378 est
273 335 513 378 divinarum
546 339 670 392 atque
705 335 982 380 humanarum
1019 352 1155 382 rerum
1193 343 1348 396 notitia,
1386 345 1477 385 iusti
1517 349 1639 400 atque
1676 347 1810 388 iniusti

180 408 386 449 scientia»
421 406 459 449 id
485 410 567 450 est:
594 409 775 462 cognitio
800 421 871 450 seu
898 411 1042 464 peritia
1075 424 1248 466 operum
1284 415 1499 465 iustorum,
1519 428 1624 471 quae
1657 416 1812 459 scilieet

180 475 331 520 babent
364 476 657 534 aequalitatem
683 478 909 534 quamdam
936 479 986 522 ad
1012 480 1188 523 alterum
1215 484 1444 526 secundum
1480 484 1664 527 debitum
1702 500 1814 542 prae-

179 551 394 603 ceptorum
427 547 666 590 divinorum
702 552 741 590 et
781 548 1084 595 humanm-nni:
1129 566 1234 608 quae
1275 559 1490 610 praeeiqita
1533 556 1679 599 dorent
1714 558 1810 613 quid

181 620 332 661 iustum
369 617 431 661 vel
469 620 681 673 iniustum,
707 631 888 676 aequum
915 620 979 663 vel
1016 623 1205 679 iniquum
1241 627 1303 666 sit.
1342 624 1445 668 Huic
1479 626 1720 682 disciplinae
1744 631 1810 682 qui

179 688 356 744 student,
378 691 478 732 iuris
511 689 699 741 studiosi,
733 692 802 747 qui
842 703 931 733 eam
967 692 1131 746 callent,
1162 696 1383 749 iurisperiti
1422 696 1482 739 rel
1521 698 1810 752 ini-tsmnsutti,

179 763 248 802 aut
282 758 480 803 Doctores
504 761 542 802 in
568 762 679 814 iure3
711 765 751 804 et
784 763 852 818 qui
888 763 1078 805 eamdem
1099 776 1147 805 cx
1169 765 1302 807 otlicio
1326 766 1472 809 docent
1510 769 1545 808 in
1580 769 1808 811 studiorum

178 829 416 873 Academiis
449 835 489 873 et
520 830 887 887 Universitatibus‚
924 834 1024 876 iuris
1059 833 1316 878 Professores
1353 842 1563 880 iocantur.

295 901 333 957 c)
365 899 477 945 Haec
500 915 598 945 vero
618 903 820 946 iustorum
841 916 1014 959 operum
1034 907 1214 960 cognitio
1232 919 1303 948 seu
1323 920 1389 949 ars
1406 908 1657 951 considerari
1680 914 1809 965 potest

179 973 218 1013 in
252 984 397 1014 eorum
432 978 584 1026 mente,
606 972 759 1030 quibus
777 977 989 1031 competit,
1014 988 1216 1032 quaenam
1241 978 1321 1019 sint
1352 979 1454 1020 iusta
1488 979 1737 1034 generaliter
1770 995 1808 1023 e-

178 1041 317 1086 dicere
340 1055 388 1087 ac
411 1046 676 1093 constituere,
701 1050 825 1102 atque
849 1045 899 1089 de
925 1047 1001 1089 ista
1035 1049 1153 1089 tertia
1187 1049 1487 1103 significatione
1519 1052 1571 1092 ait
1607 1052 1649 1092 b.
1676 1050 1745 1092 Tli.
1774 1052 1809 1093 1;

183 1128 203 1154 (c
222 1114 345 1171 quod,
379 1117 486 1158 sicut
518 1128 663 1159 eorum
697 1129 805 1174 quae
841 1130 914 1173 per
946 1122 1077 1160 artem
1111 1120 1295 1161 exterius
1328 1120 1442 1174 liunt,
1467 1121 1669 1177 quaedam
1708 1123 1808 1163 ratio

177 1187 216 1228 in
254 1190 389 1229 mente
413 1187 584 1230 artificis
617 1190 873 1243 praeexistit,
902 1201 1009 1245 quae
1057 1189 1210 1232 dicitur
1256 1190 1396 1246 regula
1441 1194 1559 1234 artis:
1603 1194 1654 1234 ita
1688 1195 1808 1235 etiam

178 1255 287 1299 illius
319 1259 456 1314 operis
489 1259 598 1313 iusti,
632 1259 741 1316 quod
763 1261 867 1302 ratio
901 1260 1166 1315 determinat,
1201 1261 1404 1318 quaedam
1440 1264 1540 1304 ratio
1576 1265 1810 1318 praeexistit

180 1329 218 1370 in
255 1332 405 1376 mente,
441 1331 558 1385 quasi
593 1330 798 1386 quaedam
837 1331 1081 1386 prudentiae
1116 1331 1316 1388 regula».

296 1397 340 1456 cl)
375 1399 502 1443 Addit
527 1413 626 1443 vero
649 1400 797 1444 Noster
822 1401 999 1446 Doctor:
1040 1407 1118 1446 «et
1142 1402 1218 1446 hoc
1242 1405 1274 1446 si
1300 1405 1337 1445 in
1363 1405 1560 1459 scriptum
1588 1404 1811 1460 redigatur,

180 1474 353 1513 vocatur
387 1469 476 1525 lex3
507 1475 567 1514 est
602 1474 711 1515 enim
737 1471 818 1527 lex,
843 1473 1075 1516 secundum
1108 1473 1310 1517 Isidorum
1332 1472 1360 1527 ²,
1379 1476 1615 1517 constitutio
1644 1477 1813 1530 scripta,

178 1544 217 1583 et
250 1540 341 1584 ideo
376 1541 441 1584 lex
475 1555 555 1585 non
590 1547 650 1586 est
689 1545 823 1600 ipsum
864 1546 939 1599 ius,
975 1546 1140 1600 proprie
1179 1544 1384 1602 loquendo
1434 1544 1477 1602 (i.
1512 1558 1546 1588 e.
1581 1545 1809 1589 secundum

181 1612 357 1666 primam
391 1614 570 1655 nominis
604 1614 942 1671 impositionem),
977 1615 1048 1658 sed
1083 1615 1274 1673 aliqualis
1298 1617 1400 1659 ratio
1425 1618 1524 1659 iuris
1548 1632 1586 1667 )›‚
1610 1629 1680 1659 seu
1716 1629 1810 1659 con-

179 1686 323 1738 ceptus
355 1687 393 1725 et
426 1683 596 1740 quidem
622 1697 694 1740 per
718 1687 967 1742 scripturam
992 1698 1201 1742 expressa.
1228 1685 1334 1730 Hinc
1359 1687 1510 1729 sactum
1535 1691 1609 1738 est,
1634 1690 1674 1729 ut
1701 1688 1811 1742 ipsae

180 1751 291 1809 leges
325 1757 411 1796 tum
436 1753 604 1798 divinae
627 1759 712 1798 tum
749 1755 959 1800 humanae
993 1759 1082 1800 iura
1115 1758 1441 1812 nominarentur,
1467 1757 1641 1814 ideoque
1672 1758 1709 1799 in
1736 1756 1810 1799 bac

177 1824 479 1880 significatione
520 1827 582 1869 ius
620 1825 719 1869 nillil
761 1826 873 1870 aliud
913 1832 973 1871 est
1012 1840 1138 1886 quam
1175 1827 1326 1885 regnata
1366 1827 1467 1870 iusti
1504 1833 1542 1870 et
1576 1827 1737 1874 i'm’usti,
1773 1832 1811 1869 et

177 1897 283 1939 sicut
320 1895 499 1940 habetur
537 1899 577 1940 in
616 1897 707 1941 aliis
747 1897 871 1942 rebus
906 1898 1048 1955 regula
1086 1898 1150 1942 vel
1188 1912 1349 1952 norma,
1383 1903 1425 1942 ut
1463 1901 1500 1941 in
1540 1896 1811 1941 Geometricis

178 1965 300 2021 linea,
334 1969 373 2010 in
407 1965 569 2024 Opticis
601 1968 738 2024 tubus,
768 1971 808 2012 in
846 1971 947 2013 artis
978 1969 1287 2014 aedificatoriae
1312 1969 1676 2026 perpendiculum:
1711 1968 1809 2025 quid

177 2037 313 2081 simile
336 2037 494 2083 obtinet
526 2041 564 2082 in
599 2042 797 2084 societate
832 2043 910 2095 ius,
932 2041 983 2084 ad
1017 2041 1128 2098 quod
1152 2041 1306 2085 debent
1330 2041 1516 2084 facienda
1541 2042 1665 2096 exigi,
1689 2051 1812 2095 agen-

179 2108 314 2166 daque
354 2113 600 2154 mensurari.
635 2110 685 2154 Et
723 2111 801 2155 hoc
840 2113 879 2157 in
920 2125 1057 2167 sensu,
1090 2113 1195 2156 facta
1236 2126 1334 2155 vero
1373 2111 1647 2155 abstractione
1685 2109 1808 2153 medii

179 2192 253 2236 per
285 2181 395 2238 quod
430 2183 680 2238 exprimitur
714 2185 799 2239 ipsa
841 2185 1057 2241 conceptio
1096 2185 1246 2226 mentis
1285 2183 1473 2233 iuridica,
1509 2184 1571 2225 ius
1608 2182 1810 2237 accipitur

179 2252 218 2293 in
242 2263 277 2295 c.
302 2253 365 2295 ius
389 2252 427 2295 2.
452 2253 544 2296 dist.
573 2253 591 2295 1
628 2253 696 2297 ubi
720 2267 770 2297 ex
794 2253 952 2298 Isidoro
976 2253 1288 2298 transcribitur:
1319 2269 1339 2294 ι(
1360 2254 1423 2297 lus
1446 2252 1637 2309 generale
1661 2264 1808 2294 nomen

179 2326 261 2372 est;
298 2321 365 2366 lex
398 2328 538 2367 autem
574 2326 675 2368 iuris
698 2329 759 2368 est
780 2327 942 2382 species
959 2341 998 2370 J).
1034 2325 1075 2368 ln
1110 2325 1256 2368 eadem
1292 2327 1386 2368 item
1421 2324 1721 2380 significatione
1745 2334 1811 2365 ac-

179 2394 344 2449 cipitur,
371 2394 538 2451 quando
571 2395 729 2453 aliquid
766 2409 855 2440 esse
889 2396 1042 2440 dicitur
1072 2395 1228 2454 liquidi
1262 2395 1322 2438 rel
1357 2393 1570 2452 eoeplorali
1605 2392 1664 2435 rel
1696 2391 1812 2435 <lesbii

178 2462 306 2513 imis,
329 2465 496 2522 quando
530 2469 730 2510 asseritur
753 2467 977 2525 quemdam
1013 2466 1202 2511 laborare
1231 2465 1474 2523 tyrim-antia
1500 2464 1619 2517 iuris,
1644 2463 1807 2521 quando

178 2537 427 2591 exprimitur
460 2537 712 2593 professores
746 2538 912 2582 tradere
946 2537 1254 2595 discipulosque
1287 2538 1480 2592 excipere
1515 2535 1813 2590 interpretatio-

179 2618 272 2649 nem
305 2608 406 2650 iuris
438 2610 642 2664 canonici,
676 2609 826 2664 civi11s‚
862 2608 1031 2665 publici,
1065 2613 1142 2653 etc.

296 2676 334 2734 e)
368 2676 434 2721 lus
471 2680 595 2722 etiam
620 2678 697 2723 sub
720 2680 866 2724 eadem
901 2680 1203 2736 significatione
1227 2677 1448 2734 ampliatur
1480 2676 1528 2719 ad
1563 2673 1807 2731 signandum

183 2747 449 2804 complexum
485 2749 625 2806 legum
663 2750 728 2794 vel
764 2750 1156 2804 ecclesiasticarum,
1193 2749 1255 2792 rel
1290 2747 1474 2791 civilium
1509 2751 1575 2788 aut
1610 2758 1630 2787 a
1667 2749 1809 2786 natura

300 2903 310 2925 1
338 2903 428 2938 Loc.
455 2903 522 2938 cit.
553 2903 601 2938 ad
627 2905 693 2939 ‘lm
722 2925 764 2929 —
793 2904 807 2926 '2
836 2905 965 2949 Etym.
994 2902 1060 2936 lib.
1092 2903 1134 2935 V.
1166 2914 1196 2936 c.
1227 2902 1259 2935 3.
