1950 3313
143 155 211 189 206
519 153 603 187 Lm.
621 152 666 187 V.
685 172 696 179 -
717 153 826 186 PARS
845 152 914 186 111.
935 172 948 178 -
968 152 1026 187 De
1037 155 1176 197 poenis
1194 155 1236 187 in
1253 154 1393 188 delicta
1444 152 1537 188 Can.
1565 153 1771 189 2318-2319

144 273 325 331 leyentes
350 275 402 315 ita
426 276 468 315 ut
492 265 644 314 idioma
681 273 718 313 in
752 284 833 328 quo
866 273 1007 327 scripti
1041 275 1136 314 sunt
1169 271 1411 328 intelligant,
1435 270 1499 314 ‘vel
1529 271 1773 326 retinentes,

144 343 321 400 eoquod
346 342 422 386 sub
446 354 588 385 eorum
620 341 748 385 libera
782 344 863 384 sint
895 341 1177 398 dispositione,
1210 344 1404 400 quamvis
1435 342 1544 398 apud
1578 341 1680 386 alios
1712 346 1771 386 in-

146 417 366 457 veniantur
399 412 505 456 libri.
540 410 751 457 Omissum
786 417 847 456 est
870 414 909 455 in
933 425 1091 456 canone
1126 412 1301 457 verbum
1325 428 1345 453 ((
1371 415 1655 469 imprimentes
1676 429 1698 456 ))
1722 414 1773 458 de

144 487 261 528 cuius
293 497 414 527 sensu
448 482 643 526 nonnulla
678 488 795 526 erant
830 485 1010 539 practica
1043 483 1181 528 dubia.

265 555 421 598 Pariter
454 553 542 598 loco
565 566 707 597 eorum
733 570 755 595 «
777 556 846 612 qui
873 556 1116 611 imprimunt
1137 559 1208 598 aut
1230 557 1411 612 imprimi
1437 557 1591 599 faciunt
1613 571 1632 596 ))
1656 554 1773 613 (Dee.

144 626 257 683 gen.)
292 627 422 682 posita
455 629 550 668 sunt
583 627 622 668 in
654 624 683 683 ξ
713 627 745 667 2
778 624 928 668 verba:
963 625 1177 677 Auctores,
1209 628 1280 684 qui
1316 640 1463 684 nempe
1498 626 1648 671 librum
1682 640 1776 670 con-

146 696 345 749 fecerunt,
383 694 446 738 vel
481 694 625 738 saltem
670 694 893 738 editionem
945 695 1195 751 peculiarem
1246 698 1536 753 inspiratorum
1573 696 1773 740 librorum

145 771 358 820 curarunt,
377 771 417 808 et
449 765 632 809 editores
656 771 873 823 propterea
907 767 1016 824 quod
1052 772 1242 823 sumptus
1273 768 1464 811 editionis
1496 768 1775 825 suppeditant,

146 837 217 895 qai
249 837 325 880 sub
359 837 594 880 conditione
637 836 729 880 sine
761 835 901 880 debita
935 836 1108 880 licentia
1146 853 1168 879 «
1191 835 1404 882 Ordinarii
1438 838 1559 882 loci»
1598 839 1647 882 ad
1684 852 1778 882 nor-

147 921 255 951 mam
290 921 380 952 can.
406 908 533 962 1385,
557 910 582 962 ἓ
615 908 654 963 ⁶2,
677 921 797 965 quae,
832 912 973 964 utpote
1010 907 1137 951 verbo
1170 908 1370 965 singulari
1403 922 1600 965 expressa
1623 914 1662 953 et
1684 923 1777 953 con·

146 984 343 1036 gruenter
369 978 529 1023 verbis:
554 994 574 1020 c<
598 981 686 1022 sine
704 976 916 1023 Ordinarii
940 978 1237 1035 approbatione
1260 995 1282 1020 ›>
1306 982 1343 1022 in
1369 979 1480 1023 Dec.⁵
1503 986 1673 1037 gener.⁵,
1696 993 1776 1023 non

147 1053 315 1107 respicit
341 1066 363 1091 «
386 1049 593 1094 licentiam
628 1052 690 1093 sui
724 1050 958 1106 Superioris
992 1051 1172 1104 maioris,
1196 1062 1318 1105 quam
1346 1050 1526 1107 religiosi
1551 1050 1777 1108 (auctores)

147 1126 267 1164 antea
315 1133 481 1179 quoque
527 1123 723 1178 consequi
768 1119 920 1163 debent
943 1136 963 1161 >³
1003 1120 1074 1178 (ib.
1110 1122 1135 1175 ἓ
1169 1120 1227 1178 3),
1260 1121 1300 1178 3)
1334 1135 1554 1164 sacrarum
1589 1121 1777 1179 Scripta-

146 1205 292 1235 rarum
328 1191 460 1235 libros
484 1191 526 1249 b)
550 1191 614 1234 vel
635 1205 783 1234 earam
805 1190 1103 1235 adnotationes
1128 1191 1167 1248 c)
1192 1197 1266 1235 ant
1299 1192 1634 1243 commentarios,
1659 1197 1779 1249 prout

148 1263 249 1307 haec
283 1265 421 1306 omnia
456 1264 623 1306 fuerunt
655 1262 866 1306 declarata
900 1265 937 1305 iu
973 1275 1063 1308 can.
1091 1263 1212 1318 1385,
1237 1266 1261 1317 ἓ
1287 1264 1324 1318 1,
1350 1263 1407 1315 1⁰,
1432 1269 1471 1307 et
1494 1269 1635 1307 contra
1671 1263 1780 1307 illius

149 1346 335 1377 normam
371 1333 560 1392 imprimi
592 1340 759 1388 curant,
792 1334 847 1377 illi
882 1333 1026 1377 saltem
1063 1337 1348 1391 permissione,
1382 1335 1420 1378 hi
1455 1340 1679 1379 tractantes
1708 1348 1780 1392 per

148 1418 191 1448 se
228 1405 286 1448 vel
333 1418 405 1461 per
447 1404 572 1448 alium
617 1419 712 1449 cum
757 1405 1045 1462 typographia,
1081 1418 1159 1448 non
1206 1407 1284 1449 iam
1325 1408 1438 1463 «qui
1475 1408 1779 1462 imprimunt»,

149 1474 341 1518 incidant
368 1479 452 1532 ipso
475 1474 589 1533 facto
613 1480 900 1519 consummato
935 1476 1200 1532 imprimendi
1235 1476 1278 1518 in
1311 1476 1778 1519 excommunicationem

150 1545 308 1589 nemini
339 1552 614 1601 reservatam,
651 1559 717 1590 «a
750 1559 829 1604 qua
866 1552 997 1603 potest
1030 1547 1262 1601 absolvere,
1298 1549 1335 1590 in
1372 1548 1457 1590 soro
1489 1547 1779 1590 sacramentali

149 1616 323 1674 quilibet
354 1618 652 1672 confessarius,
687 1622 803 1661 extra
837 1618 970 1660 forum
1005 1618 1306 1661 sacramentale
1339 1620 1592 1676 quicumque
1616 1618 1780 1661 iurisdi-

150 1690 327 1732 ctionem
363 1691 400 1731 in
435 1689 522 1732 foro
555 1693 726 1733 externo
760 1688 910 1733 habeat
943 1691 980 1731 in
1017 1702 1177 1732 reum»
1216 1690 1325 1746 (can.
1361 1689 1490 1744 2253,
1527 1688 1600 1746 1⁰).

272 1759 368 1802 157.
405 1760 589 1806 Contra
621 1762 816 1812 delicta,
842 1775 971 1818 quae
1003 1764 1056 1806 ut
1089 1762 1345 1817 plurimum
1364 1762 1592 1807 accidunt
1614 1763 1662 1805 in
1683 1775 1782 1806 ma-

151 1833 393 1877 trimoniis
425 1829 800 1877 mixtis.—Cum
837 1831 1059 1888 praedictis
1093 1833 1367 1874 matrimoniis
1399 1833 1715 1883 connexionem,
1741 1835 1783 1874 ut

155 1900 323 1957 patebit,
358 1900 512 1945 habere
545 1901 663 1945 facile
696 1906 853 1959 queunt
886 1901 1035 1945 delicta
1069 1905 1212 1945 contra
1246 1902 1368 1945 fidem
1404 1914 1451 1945 ac
1484 1903 1682 1945 unitatem
1707 1901 1782 1945 Ec-

153 1972 303 2015 clesiae
335 1984 442 2030 quae
477 1974 592 2029 punit
635 1987 724 2015 ean.
762 1974 897 2024 2319,
938 1977 1104 2029 propter
1137 1973 1244 2030 quod
1282 1972 1404 2016 huius
1437 1975 1782 2016 commentarium

155 2043 345 2086 dedimus
386 2042 488 2086 alias
530 2042 606 2086 sub
639 2043 882 2100 Appendice
917 2046 1048 2100 prima
1085 2043 1178 2086 vol⁸.
1219 2059 1239 2084 (ε
1263 2042 1320 2086 De
1353 2043 1631 2087 Sacramentis
1657 2060 1692 2083 ».
1730 2069 1781 2073 —

153 2114 182 2169 ξ
222 2114 257 2156 1.
297 2112 478 2157 Subsant
527 2114 950 2158 eoeeontmanieationi
997 2113 1113 2157 latae
1158 2114 1393 2157 sententiae
1429 2112 1661 2157 Ordinario
1704 2113 1785 2156 loci

157 2185 265 2240 (cau.
302 2184 399 2238 198,
422 2186 446 2238 g
481 2183 523 2241 ⁶2)
557 2190 811 2240 reservatae,
835 2187 904 2241 qui
934 2200 955 2225 «
978 2184 1198 2228 absolvere
1223 2189 1351 2240 potest
1376 2184 1427 2227 ab
1450 2197 1497 2227 ea
1520 2186 1642 2228 etiam
1668 2198 1783 2241 pere-

156 2257 296 2311 grinos
318 2270 339 2296 »
368 2254 478 2311 (can.
504 2255 630 2309 2253,
657 2255 733 2311 30),
759 2254 970 2305 catholici,
993 2257 1082 2298 sive
1107 2258 1212 2298 inter
1243 2269 1286 2298 se
1309 2257 1399 2298 sive
1422 2257 1664 2312 praesertim
1689 2269 1784 2299 cum

156 2325 397 2369 acatholicis
429 2328 739 2369 matrimonium
774 2328 1071 2379 contraxerint,
1105 2331 1351 2383 sequentes:

277 2399 315 2439 1ο
352 2395 435 2449 Qui
470 2396 788 2439 matrimoniwn
826 2396 972 2438 ineant
1010 2398 1142 2439 «sire
1187 2410 1258 2452 per
1298 2410 1356 2450 se,
1389 2399 1478 2440 sive
1524 2411 1595 2454 per
1638 2411 1785 2454 procu-

159 2472 337 2510 ratorem
361 2483 383 2508 »
431 2480 571 2510 coram
604 2467 800 2510 ministro
834 2465 1070 2510 acatholico
1099 2483 1120 2507 «
1141 2469 1196 2510 uti
1229 2469 1359 2510 sacris
1391 2467 1556 2511 addicto
1582 2484 1601 2509 ))
1639 2473 1786 2511 contra

156 2537 468 2595 praescriptam
501 2552 591 2580 ean.
627 2539 759 2594 1063,
793 2539 817 2591 ἓ
852 2540 887 2588 1,
921 2537 1103 2581 scilicet:
1143 2552 1163 2578 (ε
1189 2536 1252 2580 vel
1287 2542 1381 2580 aute
1419 2537 1482 2581 vel
1517 2543 1607 2595 post
1645 2539 1785 2581 matri-

159 2611 341 2652 monium
376 2621 515 2652 coram
539 2608 725 2652 Ecclesia
758 2610 903 2651 initum
928 2624 967 2661 »,
992 2610 1066 2651 etsi
1090 2608 1140 2651 ad
1166 2607 1515 2652 matrimonialem
1539 2621 1786 2652 consensum

160 2680 462 2734 renovandum,
496 2681 616 2723 sicuti
665 2679 757 2722 talis
804 2678 1064 2736 paragr-plius
1113 2680 1188 2722 fuit
1234 2678 1491 2732 declaratus;
1535 2705 1589 2710 -
1621 2680 1669 2722 2⁰
1705 2677 1788 2731 Qut

160 2750 447 2805 matrimonio,
469 2751 663 2808 quamvis
695 2750 744 2793 ad
780 2762 947 2793 normas
978 2763 1029 2793 ss.
1065 2761 1269 2793 canonum
1305 2749 1512 2793 uniantur
1543 2763 1634 2792 enm
1662 2753 1787 2806 pacto

161 2822 324 2865 adiecto
359 2819 653 2864 matrimoniali
685 2822 915 2864 contractui
939 2825 1033 2863 ante
1057 2822 1189 2876 ipsum
1225 2822 1550 2875 matrimonium,
1574 2818 1787 2877 eoeplieito,

163 2895 356 2949 quamvis
402 2891 652 2936 verbotenus
694 2904 742 2935 ac
784 2894 872 2935 sine
912 2890 1230 2934 formalitatibus
1263 2891 1401 2948 legum
1445 2893 1497 2935 de
1540 2892 1684 2947 pactis,
1715 2890 1786 2933 sed
