1950 3313
140 194 207 228 152
648 190 732 223 [ΑΒ.
761 189 792 223 1.
821 209 834 214 -
861 189 1032 223 Normae
1053 190 1252 232 generales

138 312 175 354 si
198 324 358 369 quoquo
383 308 501 352 modo
525 321 696 364 nempe:
730 309 909 351 scienter
942 306 1006 350 vel
1040 308 1293 363 ignoranter,
1338 320 1431 351 cum
1482 313 1651 364 peccato
1697 308 1761 352 vel

139 380 455 437 inculpabiliter,
491 383 657 435 propter
692 391 816 421 unum
871 377 932 420 vel
977 377 1154 420 alterum
1194 377 1405 421 defectum
1449 378 1762 422 substantialem

137 457 207 496 aut
240 455 381 494 contra
416 463 545 506 grave
579 453 845 506 praeceptum
875 448 918 490 in
957 448 1261 505 rescriptorum
1301 449 1567 492 eoesecutione
1602 448 1680 493 sibi
1713 450 1763 493 de

137 528 274 566 cetero
308 524 527 565 commissa
562 519 784 570 erraverit„
819 524 1023 576 quatenus
1056 519 1291 562 deviaverit
1333 531 1354 562 a
1397 520 1658 575 rectitudine,
1692 520 1765 563 ile-

137 607 230 635 rum
252 591 395 634 eadem
431 593 628 647 rescripta
662 589 888 646 singularia
912 589 1173 632 &secationi
1195 582 1329 633 nevae
1357 589 1563 633 mamare
1587 603 1659 647 per
1691 590 1761 634 de-

137 668 295 707 cretum
328 664 542 718 corrigens
564 660 739 704 alterum
766 662 915 717 prioris
939 662 1232 703 exsecutionis.

254 733 281 791 ξ
312 738 354 775 2.
384 731 503 785 Quod
525 731 677 773 attinet
701 730 756 773 ad
779 736 904 773 lamas
927 744 998 774 seu
1024 730 1251 786 temporale
1274 731 1416 774 datum
1440 731 1686 774 solvendum
1711 731 1763 775 ab

138 803 369 847 oratoribus
389 816 466 860 pro
489 801 791 859 rescriptorum
809 800 1075 844 (assecutione
1092 801 1288 844 alterutra
1312 806 1353 844 ut
1374 803 1412 844 in
1433 801 1646 859 praec.§⁰,
1667 814 1761 845 nam

142 888 258 931 «pro
293 875 584 929 recognitionis
616 874 865 925 testimonio,
898 885 979 929 quo
1014 874 1213 928 rescripta
1264 875 1505 915 muniuntur
1547 877 1590 915 ut
1622 877 1683 916 est
1724 875 1762 915 in

136 947 349 1002 superiore
382 957 471 987 can.
507 944 574 997 51,
609 942 720 986 nulla
755 947 815 986 est
848 943 1072 999 repetenda
1096 945 1394 999 compensatio.
1420 942 1686 986 Necessariae
1712 948 1766 986 ta-

138 1029 230 1059 men
266 1018 476 1072 impensae
500 1016 642 1057 sarciri
670 1018 853 1070 possunt,
876 1014 1019 1071 quales
1052 1027 1116 1056 ex.
1151 1027 1211 1070 gr.
1247 1018 1472 1057 occurrunt
1505 1015 1555 1057 ad
1598 1014 1672 1057 loci
1700 1027 1760 1057 re-

137 1088 412 1142 cognitionem
450 1088 486 1127 111
511 1084 649 1128 sacelli
675 1098 792 1127 usum
817 1084 1056 1139 adhibendi,
1081 1089 1151 1127 aut
1174 1084 1224 1127 ad
1259 1084 1354 1127 fidei
1379 1083 1761 1140 comprobationem

137 1159 246 1200 circa
270 1159 449 1214 aliquam
469 1168 629 1199 sacram
656 1155 872 1212 reliquiam
896 1171 915 1196 »
946 1155 972 1197 ¹.
1008 1155 1153 1210 Quoad
1190 1155 1278 1198 illas
1311 1168 1408 1198 vero
1447 1159 1646 1198 «taxas»
1675 1168 1761 1197 ser-

139 1233 256 1270 vetur
274 1226 584 1284 praeseripltmt
608 1240 697 1270 can.
724 1229 857 1277 1507,
879 1226 907 1284 ξ
931 1229 966 1271 1.
996 1225 1218 1269 Videlicet:
1259 1242 1278 1266 ((
1302 1228 1518 1269 occasione
1542 1238 1764 1269 concessae

139 1297 299 1354 (saltem
336 1311 407 1353 per
442 1310 598 1340 merum
635 1296 929 1354 ministerium)
954 1297 1271 1353 dispensationis
1293 1295 1658 1353 (matrimonialis),
1693 1309 1760 1339 ne-

138 1370 226 1426 quit
257 1368 581 1412 emolumentum
624 1367 751 1410 ullum
793 1370 917 1424 exigi,
956 1370 1033 1411 nisi
1073 1367 1176 1411 baec
1209 1367 1382 1411 facultas
1415 1380 1436 1410 a
1476 1369 1623 1410 Sancta
1657 1367 1762 1410 Sede

138 1453 331 1496 expresse
351 1439 511 1496 (saltem
538 1442 575 1481 111
594 1439 793 1495 singulari
817 1439 1063 1497 exequendo
1089 1441 1302 1495 rescripto)
1325 1441 1383 1482 eis
1406 1437 1761 1496 (exsecutoribus)

138 1510 230 1553 data
264 1511 407 1564 tuerit,
442 1515 479 1553 et
513 1513 543 1552 si
578 1512 807 1566 exegerint,
839 1515 1031 1554 tenentur
1064 1510 1113 1553 ad
1141 1512 1438 1553 restitutionem
1466 1525 1504 1564 »,
1538 1514 1662 1566 atque
1686 1509 1762 1552 hoc

144 1596 162 1621 (c
187 1581 302 1624 salvo
337 1583 634 1637 praescripto...
670 1583 894 1637 praefinire·
923 1587 1040 1624 taxas
1073 1581 1399 1639 (praedictas)....
1436 1583 1473 1623 in
1513 1585 1595 1624 tota
1635 1581 1764 1624 eccle-

137 1653 298 1695 siastica
335 1654 545 1707 provincia
580 1652 814 1705 solvendas,
848 1657 908 1695 est
941 1652 1111 1696 Concilii
1148 1651 1415 1708 provincialis
1438 1656 1508 1694 aut
1531 1656 1762 1695 conventus

137 1721 433 1778 Episcoporum
472 1725 733 1778 provinciae:
769 1723 837 1766 sed
873 1723 983 1766 nulla
1022 1726 1057 1765 vi
1094 1724 1324 1780 praefinitio
1360 1722 1595 1765 huiusmodi
1624 1721 1760 1778 pollet,

139 1795 214 1836 nisi
251 1796 363 1849 prius
396 1807 415 1835 a
451 1794 555 1837 Sede
590 1794 824 1849 Apostolica
859 1793 1085 1850 approbata
1121 1795 1243 1837 fuerit
1267 1809 1304 1835 )).

258 1864 349 1906 125-
384 1867 595 1910 Normae
629 1867 805 1911 Curiae
839 1867 1089 1912 Romanae
1122 1867 1184 1911 de
1220 1867 1455 1921 impensis
1499 1866 1763 1920 rescripto-

136 1949 239 1980 rum
264 1935 291 1975 2.
332 1950 350 1975 ((
381 1934 419 1976 10
454 1935 494 1977 111
530 1938 640 1977 omni
676 1938 887 1992 rescripto,
923 1935 1096 1990 indulto,
1130 1935 1449 1991 dispensatione,
1470 1947 1492 1978 a
1515 1948 1588 1977 suo
1612 1931 1762 1978 Officio

137 2004 397 2059 indicabitur,
443 2019 520 2048 non
568 2006 686 2048 modo
731 2009 883 2049 taxatio
916 2007 953 2051 S.
994 2006 1112 2049 Sedis
1153 2005 1353 2048 solvenda
1398 2009 1435 2048 et
1481 2006 1761 2048 remuneratio

137 2077 272 2131 agenti
308 2075 458 2123 debita,
492 2077 561 2119 sed
598 2079 719 2119 etiam
757 2079 956 2133 pecuniae
989 2089 1164 2126 summa,
1189 2079 1309 2120 cuius
1335 2076 1584 2132 repetendae
1609 2077 1670 2118 ius
1694 2075 1761 2118 ha-

138 2145 204 2189 bet
238 2146 479 2189 dioecesana
514 2148 635 2190 Curia
672 2161 742 2203 pro
776 2150 1042 2191 exsecutione
1076 2150 1388 2204 rescriptorum,
1422 2149 1453 2190 si
1489 2146 1590 2190 haec
1624 2159 1760 2190 ueces-

136 2219 241 2260 saria
277 2219 350 2259 sit:
377 2230 482 2274 (pute
507 2218 672 2274 quidem
697 2232 859 2261 summa
886 2220 1093 2275 pontilicia
1119 2221 1327 2262 taxatione
1352 2220 1430 2261 erit
1454 2220 1634 2261 interior.

258 2287 300 2329 2⁰
333 2287 502 2330 Taxatio
546 2288 796 2344 pauperibus
838 2292 927 2332 sire
970 2292 1085 2333 cives
1128 2292 1276 2345 privati
1321 2291 1415 2339 sint,
1457 2291 1546 2331 sive
1585 2290 1757 2331 instituti

140 2360 284 2413 piaex'e
316 2370 477 2406 causae,
511 2361 542 2401 si
570 2361 691 2414 petita
716 2362 846 2414 gratia
880 2360 1092 2403 moraliter
1131 2361 1361 2403 necessaria
1395 2361 1458 2413 sit,
1493 2372 1572 2401 non
1598 2358 1758 2401 lucrosa

136 2431 302 2483 oratori,
338 2431 388 2471 113
426 2433 467 2471 111
491 2429 555 2471 hic
581 2429 737 2472 nullum
765 2433 890 2485 possit
923 2445 971 2473 ex
1008 2444 1052 2473 ea
1088 2436 1305 2488 quaestum
1342 2432 1488 2480 tacere,
1514 2443 1563 2472 ex
1583 2429 1755 2472 dimidia

137 2503 251 2554 parte
296 2501 515 2553 minuetur,
560 2505 626 2542 3111
663 2502 798 2553 etiam,
834 2503 864 2543 si
904 2503 1034 2544 visum
1071 2502 1205 2555 suerit,
1239 2503 1406 2543 omnino
1440 2499 1756 2554 condonabitur,

136 2571 305 2624 integris
339 2574 472 2612 tamen
498 2573 648 2612 oratmi
675 2571 936 2614 manentibus
961 2574 1165 2627 impensis
1182 2586 1254 2628 pro
1278 2571 1516 2619 tabellariis,
1542 2584 1613 2627 pro
1632 2572 1757 2626 scrip-

137 2641 243 2681 tione
275 2639 446 2696 aliisque
481 2641 517 2683 id
554 2654 683 2695 genus
718 2644 971 2684 necessariis.

253 2709 323 2751 His
359 2713 394 2752 in
430 2710 607 2765 casibus,
641 2714 761 2753 etiam
798 2714 957 2767 agentis
992 2715 1227 2768 procuratio
1261 2713 1309 2756 ad
1347 2717 1502 2768 partem
1538 2711 1752 2755 dimidiam

137 2780 347 2835 redigetur
380 2786 446 2823 aut
481 2784 646 2823 omnino
679 2782 993 2836 condonabitur,
1029 2783 1154 2825 salvis
1190 2785 1385 2838 impensis
1420 2796 1491 2838 pro
1516 2781 1754 2825 tabellariis.

257 2886 262 2906 ¹
295 2886 455 2919 Normae
491 2887 719 2930 peculiares.
762 2887 855 2921 Pars
893 2888 1027 2921 altera.
1057 2887 1144 2932 Cap.
1169 2888 1240 2932 ΙΙΙ,
1281 2890 1341 2921 n.‘¹
1369 2888 1406 2921 5Ο
1443 2887 1517 2921 CO.
1557 2887 1586 2927 Ι,
1617 2887 1672 2919 64.
1711 2905 1754 2910 -

136 2931 149 2953 2
176 2931 277 2965 Ordo
303 2934 551 2967 servandus...
580 2934 676 2967 Pars
704 2934 732 2973 I,
763 2934 854 2978 Cap.
884 2935 953 2976 XI,
984 2934 1057 2968 CO.
1086 2935 1115 2973 Ι,
1145 2936 1202 2968 55.
