1950 3313
671 132 675 133 ⁷
713 146 753 171 m
781 147 859 172 noc
885 138 1218 176 COMMENTAmUM
1731 147 1777 181 35

148 252 314 304 habent,
363 254 614 312 quandoque
666 268 763 299 vero
804 259 1106 316 imperfectum,
1144 274 1180 303 v.
1221 275 1281 317 gr.
1323 278 1340 301 «
1369 261 1423 305 l)c
1459 263 1705 318 praebendis
1738 270 1775 308 et

148 323 482 380 dignitatibus»,
517 329 642 382 atque
677 325 753 370 liae
797 330 1082 372 tantunnnodo
1125 331 1175 374 ad
1222 333 1602 388 interpretationem
1643 336 1777 379 deser-

150 395 279 437 viunt.
331 394 429 438 ltem
480 397 615 439 citatis
666 397 803 440 xci-bis
846 400 1160 455 compilationes
1195 403 1492 458 praecedentes
1525 404 1778 461 abrogantur

148 469 271 522 atque
305 468 544 524 antiquatae
578 467 765 511 redditae
797 475 904 514 sunt.
932 470 1102 515 Ratione
1126 473 1429 517 distributionis
1467 477 1509 518 t‘it
1548 482 1778 532 opportune

149 537 276 592 ipsius
308 538 448 580 citatio
484 550 556 593 per
590 551 785 582 numeros
819 547 925 596 cap³.
961 541 1082 585 Tituli
1118 556 1164 587 ac
1200 544 1331 587 Libri:
1366 547 1423 588 sic
1462 560 1496 586 r.
1532 561 1590 603 gr.
1625 561 1715 604 cap.
1752 548 1775 590 2

152 608 212 649 tit.
247 606 277 649 ll
312 606 397 650 Lib.
435 606 461 662 l,
498 607 543 651 X.

268 675 439 720 Demum
466 680 504 721 in
531 678 606 723 liac
624 680 925 737 Compilatione
950 684 1124 740 singulis
1146 685 1351 741 capitibus
1376 689 1644 731 inveniemur
1664 702 1776 745 prac-

145 746 225 790 tixa
259 751 485 793 summaria
520 764 615 794 cum
651 753 1004 809 inscriptionibus.
1043 755 1129 798 Hae
1155 757 1319 800 fuerunt
1345 760 1499 813 positae
1524 772 1595 815 per
1619 762 1771 816 compi-

143 816 314 861 latorem
351 819 460 863 unde
494 821 788 880 quodcumque
823 826 1175 882 interpretationis
1223 834 1513 884 argumentum
1551 835 1770 885 praestant.

144 887 211 932 illa
244 891 349 933 sicut
383 895 421 934 et
455 890 612 947 (Nossa,
645 893 797 950 quibus
840 895 1044 940 editiones
1088 903 1426 955 ornantur-efflant
1471 900 1629 943 adiecta
1671 906 1771 944 tam-

143 972 267 1017 quam
304 962 665 1018 interpretationes
698 964 921 1009 Doctorum
949 969 986 1010 in
1021 968 1174 1011 scliolis
1198 959 1401 1026 receptae,
1426 976 1676 1027 ‹piapropter
1701 974 1773 1015 uti-

144 1029 257 1074 litate
291 1044 370 1075 non
405 1033 701 1078 destituuntur.

266 1101 330 1145 28.
368 1106 512 1151 Liber
546 1106 729 1153 Sextus
766 1108 1094 1154 Decretalium
1118 1113 1178 1151 est
1201 1109 1309 1153 (licta
1334 1113 1452 1153 tertia
1477 1110 1669 1167 Corporis
1694 1111 1770 1154 lur.

142 1170 238 1215 Can.
259 1172 464 1226 collectio,
481 1176 711 1219 secundum
733 1182 890 1221 textum
911 1183 1044 1222 const.
1071 1180 1429 1224 «sacrosanctae»
1450 1181 1471 1222 :3
1494 1180 1625 1224 Martii
1650 1182 1771 1236 1288,

142 1255 222 1300 qua
259 1243 385 1288 Bonit'.
426 1244 509 1289 Vlll
546 1247 828 1304 promulgavit
862 1248 989 1304 illam,
1023 1263 1146 1307 quam
1182 1252 1328 1294 conlici
1365 1252 1633 1295 mandaverat
1659 1253 1770 1296 defe-

143 1326 238 1357 rens
272 1314 545 1371 plurimorum
574 1323 669 1361 voto
694 1318 806 1362 illam
830 1319 1171 1365 desiderantium.
1196 1321 1391 1365 Eiusdem
1416 1322 1673 1366 collectionis
1696 1323 1773 1366 dis-

142 1383 325 1442 tributio,
360 1387 658 1444 additamenta,
682 1394 720 1433 et
755 1393 818 1433 vis
841 1393 1020 1447 partium
1044 1397 1139 1435 sunt
1172 1395 1339 1435 omnino
1373 1393 1517 1437 eadem
1548 1406 1594 1437 ac
1620 1400 1770 1450 praec³.

140 1453 453 1513 Compilationis
485 1458 675 1517 Gregorii
702 1460 767 1506 lX.
794 1461 971 1506 Maxima
1007 1465 1189 1519 capitum
1221 1476 1314 1520 pars
1338 1464 1380 1507 in
1403 1464 1452 1505 6⁰
1479 1464 1770 1516 Deci·etalium,

142 1526 242 1584 (qua
274 1528 378 1584 sigla
411 1530 725 1587 distinguuntur
768 1532 890 1576 huius
932 1546 980 1577 ac
1028 1534 1314 1590 praecedentis
1346 1535 1579 1592 citationes)
1613 1540 1771 1579 constat

143 1595 428 1644 Decretalibus
460 1605 500 1644 et
532 1600 902 1647 Constitutionibus
935 1603 1064 1647 Bonis.
1104 1604 1202 1660 vni,
1226 1617 1249 1648 a
1272 1618 1352 1663 quo
1378 1619 1450 1662 per
1472 1618 1588 1649 suam
1614 1607 1769 1649 tlonsti-

142 1671 341 1714 tutionem
377 1671 600 1728 abrogatae
635 1674 800 1717 fuerunt
833 1688 977 1718 omnes
1010 1689 1179 1719 suorum
1217 1676 1585 1720 Praedecessorum
1620 1676 1769 1720 Decre-

143 1740 245 1785 tales
279 1745 527 1795 posteriores
559 1744 678 1788 alteri
711 1743 1018 1802 Compilationi,
1053 1748 1127 1790 nisi
1164 1749 1201 1789 in
1236 1746 1322 1791 Lib.
1349 1747 1393 1789 6⁰
1426 1753 1559 1791 essent
1595 1749 1771 1791 insertae

142 1817 211 1855 aut
244 1813 482 1869 specialiter
516 1821 729 1872 exceptae.

260 1883 337 1928 Hic
372 1886 642 1930 memoranda
665 1891 725 1930 est
748 1890 936 1945 quaestio
962 1888 1071 1932 utilis
1095 1903 1167 1946 pro
1190 1889 1523 1948 quibuscumque
1556 1902 1770 1934 sacrorum

141 1966 349 1998 canonum
381 1954 705 2001 Collectionibus
738 1959 788 2002 ad
825 1961 1007 2003 invicem
1042 1961 1334 2017 comparandis
1355 1960 1499 2004 saltem
1524 1966 1617 2004 ante
1650 1960 1769 2005 Codi-

141 2038 247 2080 cem,
272 2039 420 2083 nempe
452 2027 504 2071 de
537 2030 774 2073 antinomiis
797 2043 867 2073 seu
894 2030 1223 2087 oppositionibus
1247 2034 1353 2075 inter
1376 2045 1457 2075 eos.
1494 2032 1770 2076 Pertractatnr

140 2095 192 2140 ab
234 2096 607 2155 Schmalzgrueber
656 2101 694 2142 in
745 2099 958 2144 Prooemio
991 2103 1052 2145 sui
1092 2098 1243 2158 Operis
1291 2101 1400 2145 «lus
1443 2101 1719 2146 Deci-etalium
1745 2117 1764 2142 ι)

143 2179 256 2212 num.
294 2168 494 2212 279-283.

258 2240 328 2285 29.
365 2242 700 2288 clementinae
731 2241 834 2285 solet
866 2242 1065 2299 appellari
1100 2242 1444 2288 Constitutionum
1469 2242 1600 2287 Clem.
1628 2242 1656 2285 V
1679 2242 1769 2287 Col-

140 2309 277 2365 lecti0‚
310 2313 375 2355 cui
411 2314 692 2368 praemittitur
724 2318 852 2359 const.
890 2313 1052 2357 loannis
1087 2314 1198 2358 xxu
1229 2331 1248 2356 «
1269 2313 1474 2368 Quoniam
1510 2314 1660 2358 nulla»
1688 2314 1769 2357 diei

143 2380 196 2423 25
229 2379 322 2427 Oct.
360 2383 485 2427 1317.
522 2383 598 2427 Hic
633 2384 817 2428 Pontifex
852 2389 1068 2443 postquam
1105 2391 1309 2429 memorat
1331 2399 1451 2429 suum
1477 2385 1770 2428 praedecesso-

141 2464 228 2494 rem
262 2455 454 2497 statuisse
503 2453 621 2510 plura
669 2454 851 2499 salubria
893 2461 973 2499 tam
1011 2458 1048 2499 in
1084 2455 1206 2500 Conc.
1246 2455 1464 2500 Viennensi
1498 2468 1621 2513 quam
1656 2460 1771 2498 extra

141 2523 289 2578 ipsum,
324 2527 364 2566 et
397 2523 508 2568 illius
540 2525 758 2569 consilium
795 2525 1031 2570 huiusmodi
1065 2529 1381 2571 constitutiones
1407 2529 1444 2569 in
1470 2539 1595 2569 unum
1633 2525 1774 2568 redac-

142 2597 202 2636 tas
237 2595 399 2637 mittere
434 2596 534 2638 iuris
567 2595 776 2648 studiosis,
810 2596 918 2654 quod
957 2598 1159 2653 perticere
1193 2611 1272 2641 non
1317 2599 1447 2654 potuit
1490 2602 1619 2639 morte
1663 2608 1774 2651 prae-

142 2668 302 2715 ventus,
336 2663 573 2722 subiungit:
613 2682 634 2707 «
656 2666 775 2711 Nunc
810 2669 935 2724 igitur
959 2667 1285 2724 (opportunitate
1319 2667 1490 2724 captata
1535 2666 1622 2708 illas
1657 2666 1773 2708 vobis

140 2733 217 2778 sub
240 2734 354 2779 Bulla
378 2740 517 2780 nostra
542 2739 862 2781 transmittimus
880 2737 1149 2782 Univcrsitati
1176 2743 1338 2782 vestrae
1362 2751 1434 2794 per
1458 2736 1599 2793 Aplca.
1619 2738 1771 2792 scripta

141 2806 398 2861 mandantes,
424 2811 632 2862 quatenus
655 2820 724 2852 eas
750 2813 937 2865 prompto
961 2809 1108 2852 aflectu
1139 2811 1386 2865 suscipiatis,
1410 2813 1446 2851 ct
1471 2807 1608 2850 studio
1632 2805 1772 2857 alacri,

147 2878 206 2920 eis
237 2879 294 2920 sic
332 2876 448 2920 robis
481 2879 752 2922 manifestatis
786 2883 824 2921 et
858 2881 1034 2935 cognitis
1068 2882 1179 2922 usuri
1215 2879 1265 2922 de
1298 2884 1435 2922 cetero
1466 2880 1502 2920 in
1540 2876 1700 2919 iudiciis
1733 2881 1771 2919 et
