1950 3313
152 157 219 190 102
658 152 743 186 LIB.
771 152 803 185 I.
833 171 844 177 -
870 139 1042 185 Normde
1063 152 1261 195 yenerales

152 275 324 330 pretatio
358 265 542 314 facienda
563 285 601 325 )›‚
638 268 688 324 h)-
711 274 785 311 aut
817 267 993 310 liberum
1025 267 1184 310 iuriam
1221 281 1316 311 vere
1357 282 1636 325 possessorum
1661 283 1773 312 emer-

148 343 290 386 citizam
325 345 553 395 coarctant,
593 353 627 382 v,
666 352 725 395 gr.
760 338 895 395 quoad
934 340 1206 381 visitationem
1243 352 1321 381 non
1347 343 1635 395 exemptor-um
1661 352 1773 396 pera-

148 414 325 470 gendam
360 411 411 455 ab
445 409 668 455 Ordinario
703 409 792 464 loci,
828 408 868 465 c)
904 414 977 451 aut
1010 409 1337 467 eoeeeptionema
1360 409 1464 462 tege,
1489 422 1594 467 quae
1618 415 1660 453 ut
1682 424 1774 467 sup-

149 486 325 541 ponitur,
361 488 418 526 est
454 481 532 525 illis
565 483 696 536 magis
730 480 949 537 generalis,
983 482 1072 523 sive
1106 479 1207 523 baec
1240 483 1429 537 exceptio
1464 483 1502 523 in
1526 481 1671 524 eodem
1706 493 1771 524 ca-

150 568 254 597 none
287 558 356 597 aut
389 553 480 609 lege
514 554 731 606 inseratur⁷
764 553 853 594 sive
886 550 991 594 alius
1023 553 1074 593 sit
1106 564 1252 605 canon,
1287 550 1364 600 lex,
1399 556 1468 594 aut
1493 551 1771 608 privilegium,

148 638 254 682 quae
288 624 397 667 illam
433 623 645 666 continent
682 623 1077 678 «exceptionem»,
1111 634 1217 678 quae
1250 625 1399 678 poterit
1432 635 1520 666 esse
1553 621 1597 679 a)
1631 627 1772 666 contra

150 695 281 752 legem
322 711 341 735 ((
367 694 623 748 relaxatio»,
657 691 696 749 h)
731 693 961 736 secundum
988 692 1120 749 legem
1151 708 1170 733 ((
1195 692 1434 737 exorbitans
1457 706 1478 736 a
1508 693 1690 750 generali
1715 706 1774 737 re-

148 766 307 823 gula»,
344 765 404 809 vel
440 764 480 821 c)
517 769 678 821 praeter
713 763 845 819 legem
886 766 1108 820 «gratiosa
1153 766 1426 818 concessio»,
1462 778 1540 807 non
1573 764 1693 808 aliter
1726 778 1772 808 ac

149 839 187 880 in
224 840 310 880 iure
343 838 511 893 antiquo
554 834 843 892 exprimebant
886 839 972 877 tum
1007 834 1043 891 c)
1080 848 1163 890 reg.
1199 835 1254 877 78
1294 836 1394 878 iuris
1428 837 1464 877 in
1501 835 1573 878 60:
1613 833 1770 888 «Quod

148 908 271 952 alicui
304 909 482 964 gratiose
514 906 768 959 conceditur,
803 905 908 948 trahi
943 918 1023 948 non
1058 905 1181 949 debet
1214 905 1265 949 ab
1289 906 1379 949 aliis
1403 909 1440 948 in
1471 906 1708 961 exemplum
1734 922 1771 953 ³),

148 984 233 1022 tum
261 978 302 1033 b)
323 992 406 1034 reg.
428 978 480 1021 28
501 979 599 1020 iuria-
625 980 661 1019 in
697 977 740 1019 6⁰
761 993 768 1017 z
810 991 830 1017 (ι
853 974 973 1028 Quae
996 988 1017 1019 3
1043 978 1131 1019 iure
1155 978 1364 1019 communi
1401 976 1541 1032 (etiam
1563 982 1605 1020 ut
1629 989 1771 1020 norma

147 1053 316 1093 canonis
339 1048 541 1105 generali)
560 1047 807 1100 exorbitant,
848 1060 1109 1105 nequaquam
1136 1047 1185 1090 ad
1211 1050 1551 1105 consequentiam
1574 1053 1669 1091 sunt
1691 1053 1766 1091 tra·

148 1120 280 1164 henda
305 1136 344 1175 ³),
377 1125 463 1163 tum
507 1118 550 1176 a)
585 1132 674 1175 cap.
719 1118 754 1161 ls
795 1120 863 1175 qui
912 1119 925 1160 1
984 1134 1003 1158 ((
1027 1118 1077 1161 de
1113 1118 1205 1161 liliis
1247 1117 1693 1175 praesbyterorum...»
1732 1121 1771 1162 in

148 1190 220 1234 6⁰:
261 1193 539 1247 «promoveri
577 1191 718 1247 nequit
754 1193 970 1246 praetextu
1004 1189 1321 1246 dispensationis
1363 1189 1613 1247 huiusmodi,
1647 1202 1782 1248 quam-

146 1261 446 1305 exorbitantem
481 1274 502 1303 a
535 1260 633 1304 lure
666 1264 824 1317 oportet
865 1259 989 1303 veluti
1025 1260 1209 1303 odiosam
1246 1262 1501 1316 restringi»,
1545 1260 1613 1304 ubi
1647 1263 1769 1304 etiam

146 1331 315 1374 affertur
338 1333 463 1374 ratio:
504 1346 524 1372 c(
553 1330 676 1374 veluti
701 1330 885 1374 odiosam
912 1346 997 1373 »....
1024 1356 1077 1360 —
1104 1329 1159 1373 De
1183 1329 1374 1374 omnibus
1396 1332 1455 1374 sic
1478 1330 1698 1374 declaratis
1722 1330 1773 1374 le-

146 1406 267 1464 gibus
309 1408 432 1452 edicit
476 1420 635 1452 canon:
680 1409 789 1464 quod
834 1407 1009 1450 strictae
1051 1406 1226 1450 subsunt
1260 1407 1619 1465 iorlerprelatiom',
1657 1409 1771 1451 iuxta

151 1478 441 1535 «legislatoris
486 1484 709 1522 mentem»
748 1478 813 1521 hic
853 1478 1188 1532 determinatam,
1231 1478 1417 1522 scilicet:
1452 1491 1596 1521 sensus
1627 1491 1769 1521 earum

146 1548 424 1604 accipiendus,
461 1551 528 1606 qui
564 1549 816 1591 conformior
848 1550 897 1591 sit
933 1550 1146 1604 principiis
1183 1550 1241 1591 sic
1280 1550 1317 1590 in
1368 1547 1647 1591 Romanorum
1683 1549 1770 1590 iure

145 1621 377 1675 expressis:
418 1618 578 1663 «Nulla
614 1621 713 1662 iuris
747 1622 863 1671 ratio,
897 1623 967 1662 aut
1000 1621 1219 1676 aequitatis
1263 1618 1495 1675 benignitas
1528 1621 1694 1675 patitur,
1729 1623 1770 1662 ut

146 1702 251 1746 quae
294 1690 515 1734 salubriter
560 1704 631 1746 pro
678 1690 851 1734 utilitate
895 1689 1107 1733 hominum
1143 1690 1475 1743 introducuntur,
1510 1702 1556 1733 ea
1591 1703 1664 1732 nos
1695 1689 1769 1732 du—

146 1762 253 1803 riore
287 1763 621 1817 interpretatione
655 1766 796 1804 contra
831 1763 1013 1817 ipsorum
1048 1762 1314 1804 commodum
1341 1760 1620 1817 producamus
1637 1760 1687 1803 ad
1711 1773 1769 1804 se·

149 1833 407 1874 veritatem»
446 1832 579 1888 quoad
625 1832 736 1888 leges
778 1831 855 1875 sub
893 1831 1039 1874 litteris
1072 1831 1115 1889 a)
1151 1836 1190 1874 et
1223 1830 1314 1888 h)1‚
1350 1836 1416 1874 et:
1467 1831 1629 1885 «Quod
1672 1844 1770 1874 vero

145 1906 286 1944 contra
321 1904 521 1945 rationem
556 1904 656 1945 iuris
690 1902 764 1959 (uti
801 1903 1006 1958 exceptio)
1050 1907 1262 1958 receptum
1296 1907 1370 1956 est,
1404 1915 1482 1944 non
1518 1906 1576 1945 est
1618 1902 1768 1958 produ-

144 1972 320 2015 cendum
356 1973 406 2015 ad
440 1976 819 2030 consequentias»,
853 1973 962 2031 quod
1000 1972 1079 2029 legi
1114 1972 1190 2016 sub
1216 1972 1348 2016 littera
1382 1972 1419 2028 c)
1442 1974 1650 2016 convenit.

263 2043 452 2086 Attamen
490 2043 630 2100 regula
664 2044 714 2087 de
748 2043 1078 2087 exorbitantibus
1111 2058 1131 2087 a
1166 2046 1255 2087 iure
1299 2043 1413 2098 fallit,
1459 2042 1670 2101 (quamvis
1702 2056 1767 2086 ca-

146 2116 262 2156 nonis
298 2113 422 2157 verba
444 2116 607 2170 propria
626 2115 928 2170 significatione
951 2117 1031 2158 sint
1050 2113 1317 2171 ponderanda
1341 2119 1380 2157 et
1402 2113 1678 2170 accipienda),
1697 2127 1768 2157 seu

146 2183 257 2239 leges
270 2183 503 2227 huiusmodi
525 2187 647 2228 etiam
667 2190 760 2228 sunt
779 2186 1066 2229 extendendae
1083 2199 1155 2242 per
1174 2187 1570 2242 interpretationem,
1590 2196 1768 2240 praescr-

145 2254 218 2297 tim
255 2257 292 2297 in
317 2258 596 2312 aequiparatis
629 2258 731 2305 iure,
759 2256 825 2299 ubi
850 2258 986 2313 agitur
1004 2256 1054 2299 de
1074 2255 1237 2312 publica
1258 2255 1444 2307 utilitate,
1464 2254 1516 2298 ob
1534 2257 1766 2298 animarum

145 2326 346 2380 favorem,
379 2330 447 2368 aut
472 2328 628 2369 ratione
651 2326 817 2370 absurdi
846 2327 1015 2370 vitandi.
1040 2327 1212 2383 Insuper
1244 2339 1374 2370 canon
1399 2326 1596 2382 implicite
1619 2325 1766 2368 admit—

145 2397 190 2438 tit
225 2400 380 2452 partem
417 2396 584 2452 regulae
625 2397 672 2438 t5
709 2399 745 2438 in
782 2398 824 2439 6Ο
859 2399 973 2440 initio
1006 2397 1209 2440 adductae
1243 2409 1289 2440 ac
1322 2398 1472 2440 ceteris
1506 2395 1667 2452 legibus
1688 2394 1765 2439 sub

144 2477 300 2508 canone
336 2466 387 2508 19
422 2479 500 2508 non
525 2466 750 2519 designatis
773 2468 1006 2522 aptandae:
1046 2483 1065 2508 ((
1099 2468 1262 2511 favores
1285 2468 1480 2510 convenit
1502 2465 1703 2522 ampliare
1726 2481 1765 2517 n,

144 2538 336 2593 quamvis
370 2535 470 2579 haec
505 2539 638 2592 potius
673 2539 709 2579 in
748 2540 956 2594 rescriptis
988 2551 1035 2582 ac
1071 2537 1300 2595 privilegiis
1324 2537 1460 2580 locum
1485 2535 1649 2590 habeat,
1670 2549 1767 2593 quo-

143 2608 252 2650 circa
289 2606 441 2650 ibidem
475 2620 653 2650 canones
685 2620 732 2650 ac
765 2608 1081 2664 explicationem
1119 2610 1390 2651 inveniemus.

262 2677 330 2719 Π.
368 2679 646 2723 Canonicae
691 2692 892 2724 normae
924 2682 987 2724 ad
1031 2681 1357 2736 supplendum
1391 2679 1629 2724 deficiens
1675 2679 1765 2723 ius.

143 2746 182 2790 S.
214 2746 391 2790 Thomas
414 2746 429 2768 ²
462 2747 601 2791 obiicit
641 2764 659 2788 «
687 2748 753 2793 3...
773 2751 906 2791 omnis
924 2752 1088 2804 sapiens
1117 2752 1385 2792 intentionem
1403 2761 1518 2792 suam
1543 2747 1678 2791 verbis
1699 2760 1765 2791 no·

261 2901 271 2921 1
300 2901 345 2934 D.
372 2899 457 2934 Lib.
486 2900 516 2933 I.
546 2900 611 2934 tit.
641 2900 698 2934 III
725 2900 766 2934 ll.
795 2901 853 2939 25,
882 2901 935 2934 14.
973 2922 1009 2926 —
1035 2902 1048 2923 2
1074 2901 1149 2935 I-II
1176 2913 1211 2946 q.
1243 2901 1378 2943 XCVI,
1413 2913 1445 2936 a.
1472 2902 1504 2936 6.
