<?xml version="1.0" encoding="UTF-8"?>
<!DOCTYPE html PUBLIC "-//W3C//DTD XHTML 1.0 Transitional//EN"
    "http://www.w3.org/TR/xhtml1/DTD/xhtml1-transitional.dtd">
<html xmlns="http://www.w3.org/1999/xhtml" xml:lang="en" lang="en">
 <head>
  <title>
</title>
<meta http-equiv="Content-Type" content="text/html;charset=utf-8" />
  <meta name='ocr-system' content='tesseract 3.04.00' />
  <meta name='ocr-capabilities' content='ocr_page ocr_carea ocr_par ocr_line ocrx_word'/>
</head>
<body>
  <div class='ocr_page' id='page_1' title='image "./commentariumtext01blatuoft_0503.png"; bbox 0 0 1950 3313; ppageno 0'>
   <div class='ocr_carea' id='block_1_1' title="bbox 661 167 1740 211">
    <p class='ocr_par' dir='ltr' id='par_1_1' title="bbox 661 167 1740 211">
     <span class='ocr_line' id='line_1_1' title="bbox 661 167 1740 211; baseline 0.001 -11"><span class='ocrx_word' id='word_1_1' title='bbox 661 167 743 201; x_wconf 69' lang='lat' dir='ltr'>Tm</span> <span class='ocrx_word' id='word_1_2' title='bbox 770 167 836 202; x_wconf 78' lang='lat' dir='ltr'>IV.</span> <span class='ocrx_word' id='word_1_3' title='bbox 863 188 875 192; x_wconf 99' lang='lat'>-</span> <span class='ocrx_word' id='word_1_4' title='bbox 902 167 959 202; x_wconf 84' lang='lat' dir='ltr'>Dc</span> <span class='ocrx_word' id='word_1_5' title='bbox 987 169 1186 211; x_wconf 72' lang='lat' dir='ltr'><em>rescriptis</em></span> <span class='ocrx_word' id='word_1_6' title='bbox 1673 168 1740 202; x_wconf 86' lang='lat'>143</span> 
     </span>
    </p>
   </div>
   <div class='ocr_carea' id='block_1_2' title="bbox 675 225 1680 236">
    <p class='ocr_par' dir='ltr' id='par_1_2' title="bbox 675 225 1680 236">
     <span class='ocr_line' id='line_1_2' title="bbox 675 225 1680 236; baseline 0 0"><span class='ocrx_word' id='word_1_7' title='bbox 675 225 1680 236; x_wconf 95' lang='lat' dir='ltr'> </span> 
     </span>
    </p>
   </div>
   <div class='ocr_carea' id='block_1_3' title="bbox 110 286 1746 2752">
    <p class='ocr_par' dir='ltr' id='par_1_3' title="bbox 110 286 1740 473">
     <span class='ocr_line' id='line_1_3' title="bbox 110 286 1740 344; baseline 0.001 -13"><span class='ocrx_word' id='word_1_8' title='bbox 110 289 442 332; x_wconf 74' lang='lat' dir='ltr'>circumstantias</span> <span class='ocrx_word' id='word_1_9' title='bbox 483 292 660 344; x_wconf 76' lang='lat' dir='ltr'>praeter</span> <span class='ocrx_word' id='word_1_10' title='bbox 706 300 924 344; x_wconf 52' lang='lat' dir='ltr'>&amp;pressos</span> <span class='ocrx_word' id='word_1_11' title='bbox 975 289 1105 343; x_wconf 85' lang='lat' dir='ltr'>magis</span> <span class='ocrx_word' id='word_1_12' title='bbox 1152 286 1212 329; x_wconf 73' lang='lat' dir='ltr'>vel</span> <span class='ocrx_word' id='word_1_13' title='bbox 1261 289 1396 330; x_wconf 88' lang='lat' dir='ltr'>minus</span> <span class='ocrx_word' id='word_1_14' title='bbox 1443 287 1740 333; x_wconf 86' lang='lat' dir='ltr'>determinatos</span> 
     </span>
     <span class='ocr_line' id='line_1_4' title="bbox 111 356 1735 416; baseline 0.002 -15"><span class='ocrx_word' id='word_1_15' title='bbox 111 358 293 401; x_wconf 61' lang='lat' dir='ltr'>extendi.</span> <span class='ocrx_word' id='word_1_16' title='bbox 339 358 379 401; x_wconf 94' lang='lat' dir='ltr'>ld</span> <span class='ocrx_word' id='word_1_17' title='bbox 424 360 533 400; x_wconf 88' lang='lat' dir='ltr'>enim</span> <span class='ocrx_word' id='word_1_18' title='bbox 581 359 746 413; x_wconf 90' lang='lat' dir='ltr'>proprio</span> <span class='ocrx_word' id='word_1_19' title='bbox 789 356 960 400; x_wconf 88' lang='lat' dir='ltr'>arbitrio</span> <span class='ocrx_word' id='word_1_20' title='bbox 1006 359 1134 405; x_wconf 79' lang='lat' dir='ltr'>tieret,</span> <span class='ocrx_word' id='word_1_21' title='bbox 1170 359 1266 414; x_wconf 77' lang='lat' dir='ltr'>quin</span> <span class='ocrx_word' id='word_1_22' title='bbox 1301 361 1525 401; x_wconf 70' lang='lat' dir='ltr'>auctoritas</span> <span class='ocrx_word' id='word_1_23' title='bbox 1559 360 1735 416; x_wconf 88' lang='lat' dir='ltr'>idipsum</span> 
     </span>
     <span class='ocr_line' id='line_1_5' title="bbox 112 429 286 473; baseline 0.011 -2"><span class='ocrx_word' id='word_1_24' title='bbox 112 429 286 473; x_wconf 75' lang='lat' dir='ltr'>fulciret.</span> 
     </span>
    </p>

    <p class='ocr_par' dir='ltr' id='par_1_4' title="bbox 111 499 1746 2752">
     <span class='ocr_line' id='line_1_6' title="bbox 234 499 1739 556; baseline 0.001 -14"><span class='ocrx_word' id='word_1_25' title='bbox 234 499 328 542; x_wconf 78' lang='lat'>115.</span> <span class='ocrx_word' id='word_1_26' title='bbox 362 499 676 544; x_wconf 84' lang='lat' dir='ltr'>Subsidiaria</span> <span class='ocrx_word' id='word_1_27' title='bbox 719 501 767 544; x_wconf 89' lang='lat' dir='ltr'>in</span> <span class='ocrx_word' id='word_1_28' title='bbox 800 501 953 545; x_wconf 85' lang='lat' dir='ltr'>dubio</span> <span class='ocrx_word' id='word_1_29' title='bbox 998 504 1350 556; x_wconf 83' lang='lat' dir='ltr'>perseverante</span> <span class='ocrx_word' id='word_1_30' title='bbox 1384 514 1569 546; x_wconf 82' lang='lat' dir='ltr'>norma.</span> <span class='ocrx_word' id='word_1_31' title='bbox 1603 502 1739 545; x_wconf 73' lang='lat' dir='ltr'>Canon</span> 
     </span>
     <span class='ocr_line' id='line_1_7' title="bbox 113 569 1741 627; baseline 0.001 -13"><span class='ocrx_word' id='word_1_32' title='bbox 113 570 367 627; x_wconf 84' lang='lat' dir='ltr'>praecedens</span> <span class='ocrx_word' id='word_1_33' title='bbox 401 571 439 611; x_wconf 93' lang='lat' dir='ltr'>in</span> <span class='ocrx_word' id='word_1_34' title='bbox 476 583 550 612; x_wconf 89' lang='lat' dir='ltr'>usu</span> <span class='ocrx_word' id='word_1_35' title='bbox 585 569 858 626; x_wconf 85' lang='lat' dir='ltr'>applicandus</span> <span class='ocrx_word' id='word_1_36' title='bbox 893 572 1102 626; x_wconf 72' lang='lat' dir='ltr'>rescriptis</span> <span class='ocrx_word' id='word_1_37' title='bbox 1135 570 1384 627; x_wconf 74' lang='lat' dir='ltr'>‹piaiuloquc</span> <span class='ocrx_word' id='word_1_38' title='bbox 1425 577 1602 614; x_wconf 86' lang='lat' dir='ltr'>mentem</span> <span class='ocrx_word' id='word_1_39' title='bbox 1640 575 1741 616; x_wconf 91' lang='lat' dir='ltr'>reci-</span> 
     </span>
     <span class='ocr_line' id='line_1_8' title="bbox 114 640 1741 698; baseline 0.001 -14"><span class='ocrx_word' id='word_1_40' title='bbox 114 643 260 698; x_wconf 86' lang='lat' dir='ltr'>pientis</span> <span class='ocrx_word' id='word_1_41' title='bbox 295 642 540 696; x_wconf 80' lang='lat' dir='ltr'>rescriptum</span> <span class='ocrx_word' id='word_1_42' title='bbox 576 643 797 696; x_wconf 78' lang='lat' dir='ltr'>ancipitem</span> <span class='ocrx_word' id='word_1_43' title='bbox 825 640 1041 698; x_wconf 77' lang='lat' dir='ltr'>relinquet.</span> <span class='ocrx_word' id='word_1_44' title='bbox 1080 640 1124 684; x_wconf 63' lang='lat' dir='ltr'>tsst</span> <span class='ocrx_word' id='word_1_45' title='bbox 1160 655 1258 697; x_wconf 73' lang='lat' dir='ltr'>crgo</span> <span class='ocrx_word' id='word_1_46' title='bbox 1295 641 1446 684; x_wconf 88' lang='lat' dir='ltr'>utilitas</span> <span class='ocrx_word' id='word_1_47' title='bbox 1479 655 1526 685; x_wconf 81' lang='lat' dir='ltr'>ex</span> <span class='ocrx_word' id='word_1_48' title='bbox 1565 643 1642 685; x_wconf 88' lang='lat' dir='ltr'>illis</span> <span class='ocrx_word' id='word_1_49' title='bbox 1675 656 1741 687; x_wconf 86' lang='lat' dir='ltr'>ca—</span> 
     </span>
     <span class='ocr_line' id='line_1_9' title="bbox 113 710 1738 769; baseline 0.002 -15"><span class='ocrx_word' id='word_1_50' title='bbox 113 714 247 766; x_wconf 89' lang='lat' dir='ltr'>piatur</span> <span class='ocrx_word' id='word_1_51' title='bbox 278 710 506 754; x_wconf 84' lang='lat' dir='ltr'>secundum</span> <span class='ocrx_word' id='word_1_52' title='bbox 548 713 763 754; x_wconf 67' lang='lat' dir='ltr'>veritatem</span> <span class='ocrx_word' id='word_1_53' title='bbox 800 711 1032 765; x_wconf 54' lang='lat' dir='ltr'>iuridicanu</span> <span class='ocrx_word' id='word_1_54' title='bbox 1063 711 1320 768; x_wconf 77' lang='lat' dir='ltr'>sequendum</span> <span class='ocrx_word' id='word_1_55' title='bbox 1356 717 1414 754; x_wconf 89' lang='lat' dir='ltr'>est</span> <span class='ocrx_word' id='word_1_56' title='bbox 1439 716 1738 769; x_wconf 87' lang='lat' dir='ltr'>praescriptum</span> 
     </span>
     <span class='ocr_line' id='line_1_10' title="bbox 111 779 1740 839; baseline 0.002 -15"><span class='ocrx_word' id='word_1_57' title='bbox 111 796 201 824; x_wconf 79' lang='lat' dir='ltr'>can.</span> <span class='ocrx_word' id='word_1_58' title='bbox 225 784 300 824; x_wconf 78' lang='lat'>50.</span> <span class='ocrx_word' id='word_1_59' title='bbox 336 779 382 823; x_wconf 74' lang='lat' dir='ltr'>In</span> <span class='ocrx_word' id='word_1_60' title='bbox 407 780 545 835; x_wconf 75' lang='lat' dir='ltr'>(lubio,</span> <span class='ocrx_word' id='word_1_61' title='bbox 580 796 651 824; x_wconf 88' lang='lat' dir='ltr'>seu</span> <span class='ocrx_word' id='word_1_62' title='bbox 686 787 793 825; x_wconf 88' lang='lat' dir='ltr'>statu</span> <span class='ocrx_word' id='word_1_63' title='bbox 830 784 977 825; x_wconf 88' lang='lat' dir='ltr'>mentis</span> <span class='ocrx_word' id='word_1_64' title='bbox 1002 796 1079 824; x_wconf 93' lang='lat' dir='ltr'>non</span> <span class='ocrx_word' id='word_1_65' title='bbox 1105 785 1363 839; x_wconf 69' lang='lat' dir='ltr'>assequentis</span> <span class='ocrx_word' id='word_1_66' title='bbox 1396 788 1508 825; x_wconf 87' lang='lat' dir='ltr'>certo</span> <span class='ocrx_word' id='word_1_67' title='bbox 1544 797 1614 839; x_wconf 92' lang='lat' dir='ltr'>per</span> <span class='ocrx_word' id='word_1_68' title='bbox 1649 799 1740 827; x_wconf 92' lang='lat' dir='ltr'>nor-</span> 
     </span>
     <span class='ocr_line' id='line_1_11' title="bbox 112 852 1740 910; baseline 0.001 -14"><span class='ocrx_word' id='word_1_69' title='bbox 112 866 219 896; x_wconf 85' lang='lat' dir='ltr'>mam</span> <span class='ocrx_word' id='word_1_70' title='bbox 257 853 573 908; x_wconf 77' lang='lat' dir='ltr'>praecedentem</span> <span class='ocrx_word' id='word_1_71' title='bbox 601 855 788 909; x_wconf 81' lang='lat' dir='ltr'>rescripti</span> <span class='ocrx_word' id='word_1_72' title='bbox 812 867 993 904; x_wconf 71' lang='lat' dir='ltr'>sensum,</span> <span class='ocrx_word' id='word_1_73' title='bbox 1016 853 1138 910; x_wconf 81' lang='lat' dir='ltr'>idque</span> <span class='ocrx_word' id='word_1_74' title='bbox 1173 852 1224 896; x_wconf 88' lang='lat' dir='ltr'>ob</span> <span class='ocrx_word' id='word_1_75' title='bbox 1254 854 1498 909; x_wconf 79' lang='lat' dir='ltr'>prudentem</span> <span class='ocrx_word' id='word_1_76' title='bbox 1526 857 1740 906; x_wconf 71' lang='lat' dir='ltr'>rationem,</span> 
     </span>
     <span class='ocr_line' id='line_1_12' title="bbox 112 923 1741 982; baseline 0.002 -17"><span class='ocrx_word' id='word_1_77' title='bbox 112 923 319 982; x_wconf 74' lang='lat' dir='ltr'>rescripta</span> <span class='ocrx_word' id='word_1_78' title='bbox 353 923 514 980; x_wconf 78' lang='lat' dir='ltr'>singula</span> <span class='ocrx_word' id='word_1_79' title='bbox 560 925 600 980; x_wconf 93' lang='lat' dir='ltr'>a)</span> <span class='ocrx_word' id='word_1_80' title='bbox 637 926 815 967; x_wconf 87' lang='lat' dir='ltr'>iustitiae</span> <span class='ocrx_word' id='word_1_81' title='bbox 857 938 930 966; x_wconf 84' lang='lat' dir='ltr'>seu</span> <span class='ocrx_word' id='word_1_82' title='bbox 965 938 1070 981; x_wconf 66' lang='lat' dir='ltr'>(sime</span> <span class='ocrx_word' id='word_1_83' title='bbox 1114 923 1169 966; x_wconf 73' lang='lat' dir='ltr'>acl</span> <span class='ocrx_word' id='word_1_84' title='bbox 1211 923 1306 966; x_wconf 69' lang='lat' dir='ltr'>lites</span> <span class='ocrx_word' id='word_1_85' title='bbox 1349 924 1610 981; x_wconf 42' lang='lat' dir='ltr'>tisernitius,</span> <span class='ocrx_word' id='word_1_86' title='bbox 1649 926 1741 969; x_wconf 83' lang='lat' dir='ltr'>«lis</span> 
     </span>
     <span class='ocr_line' id='line_1_13' title="bbox 111 994 1739 1051; baseline 0.001 -13"><span class='ocrx_word' id='word_1_87' title='bbox 111 999 249 1038; x_wconf 82' lang='lat' dir='ltr'>autem</span> <span class='ocrx_word' id='word_1_88' title='bbox 274 1006 296 1037; x_wconf 84' lang='lat' dir='ltr'>a</span> <span class='ocrx_word' id='word_1_89' title='bbox 320 994 584 1037; x_wconf 69' lang='lat' dir='ltr'>contentione</span> <span class='ocrx_word' id='word_1_90' title='bbox 618 994 758 1037; x_wconf 87' lang='lat' dir='ltr'>limitis</span> <span class='ocrx_word' id='word_1_91' title='bbox 793 997 906 1050; x_wconf 86' lang='lat' dir='ltr'>prius</span> <span class='ocrx_word' id='word_1_92' title='bbox 940 1008 1089 1037; x_wconf 87' lang='lat' dir='ltr'>nomen</span> <span class='ocrx_word' id='word_1_93' title='bbox 1124 998 1310 1050; x_wconf 80' lang='lat' dir='ltr'>sumpsit,</span> <span class='ocrx_word' id='word_1_94' title='bbox 1336 995 1385 1037; x_wconf 74' lang='lat' dir='ltr'>&lt;lc</span> <span class='ocrx_word' id='word_1_95' title='bbox 1409 1008 1489 1051; x_wconf 76' lang='lat' dir='ltr'>qua</span> <span class='ocrx_word' id='word_1_96' title='bbox 1529 995 1739 1051; x_wconf 62' lang='lat' dir='ltr'>tit-gilius:</span> 
     </span>
     <span class='ocr_line' id='line_1_14' title="bbox 113 1065 1741 1121; baseline 0.001 -13"><span class='ocrx_word' id='word_1_97' title='bbox 113 1065 230 1109; x_wconf 88' lang='lat' dir='ltr'>limes</span> <span class='ocrx_word' id='word_1_98' title='bbox 253 1070 339 1108; x_wconf 85' lang='lat' dir='ltr'>erat</span> <span class='ocrx_word' id='word_1_99' title='bbox 366 1067 535 1121; x_wconf 64' lang='lat' dir='ltr'>positus,</span> <span class='ocrx_word' id='word_1_100' title='bbox 562 1065 672 1108; x_wconf 87' lang='lat' dir='ltr'>litem</span> <span class='ocrx_word' id='word_1_101' title='bbox 700 1070 742 1108; x_wconf 88' lang='lat' dir='ltr'>ut</span> <span class='ocrx_word' id='word_1_102' title='bbox 764 1065 1018 1108; x_wconf 78' lang='lat' dir='ltr'>discerneret</span> <span class='ocrx_word' id='word_1_103' title='bbox 1045 1067 1155 1120; x_wconf 81' lang='lat' dir='ltr'>agris</span> <span class='ocrx_word' id='word_1_104' title='bbox 1178 1082 1198 1105; x_wconf 82' lang='grc'>))</span> <span class='ocrx_word' id='word_1_105' title='bbox 1230 1066 1257 1121; x_wconf 74' lang='lat'>1,</span> <span class='ocrx_word' id='word_1_106' title='bbox 1290 1068 1379 1108; x_wconf 63' lang='lat' dir='ltr'>site</span> <span class='ocrx_word' id='word_1_107' title='bbox 1397 1065 1547 1109; x_wconf 89' lang='lat' dir='ltr'>dentur</span> <span class='ocrx_word' id='word_1_108' title='bbox 1571 1067 1741 1119; x_wconf 65' lang='lat' dir='ltr'>iudices,</span> 
     </span>
     <span class='ocr_line' id='line_1_15' title="bbox 111 1138 1741 1193; baseline 0 -13"><span class='ocrx_word' id='word_1_109' title='bbox 111 1139 200 1180; x_wconf 63' lang='lat' dir='ltr'>sire</span> <span class='ocrx_word' id='word_1_110' title='bbox 233 1148 382 1180; x_wconf 89' lang='lat' dir='ltr'>causae</span> <span class='ocrx_word' id='word_1_111' title='bbox 416 1138 744 1189; x_wconf 77' lang='lat' dir='ltr'>committantur,</span> <span class='ocrx_word' id='word_1_112' title='bbox 778 1138 867 1178; x_wconf 64' lang='lat' dir='ltr'>sire</span> <span class='ocrx_word' id='word_1_113' title='bbox 903 1138 1106 1178; x_wconf 84' lang='lat' dir='ltr'>restitutio</span> <span class='ocrx_word' id='word_1_114' title='bbox 1151 1138 1188 1178; x_wconf 90' lang='lat' dir='ltr'>in</span> <span class='ocrx_word' id='word_1_115' title='bbox 1225 1138 1430 1191; x_wconf 75' lang='lat' dir='ltr'>integrum</span> <span class='ocrx_word' id='word_1_116' title='bbox 1476 1138 1741 1193; x_wconf 79' lang='lat' dir='ltr'>concedatur,</span> 
     </span>
     <span class='ocr_line' id='line_1_16' title="bbox 111 1206 1744 1263; baseline 0.001 -13"><span class='ocrx_word' id='word_1_117' title='bbox 111 1209 201 1250; x_wconf 77' lang='lat' dir='ltr'>sive</span> <span class='ocrx_word' id='word_1_118' title='bbox 234 1209 542 1250; x_wconf 72' lang='lat' dir='ltr'>controversias</span> <span class='ocrx_word' id='word_1_119' title='bbox 575 1206 914 1249; x_wconf 79' lang='lat' dir='ltr'>extraiudiciales</span> <span class='ocrx_word' id='word_1_120' title='bbox 950 1208 1184 1262; x_wconf 78' lang='lat' dir='ltr'>respiciant,</span> <span class='ocrx_word' id='word_1_121' title='bbox 1209 1206 1344 1263; x_wconf 79' lang='lat' dir='ltr'>quoad</span> <span class='ocrx_word' id='word_1_122' title='bbox 1371 1206 1661 1263; x_wconf 76' lang='lat' dir='ltr'>intelligendas</span> <span class='ocrx_word' id='word_1_123' title='bbox 1686 1222 1744 1252; x_wconf 89' lang='lat' dir='ltr'>re-</span> 
     </span>
     <span class='ocr_line' id='line_1_17' title="bbox 111 1271 1740 1334; baseline 0.001 -13"><span class='ocrx_word' id='word_1_124' title='bbox 111 1280 360 1333; x_wconf 86' lang='lat' dir='ltr'>scriptorum</span> <span class='ocrx_word' id='word_1_125' title='bbox 401 1271 608 1321; x_wconf 76' lang='lat' dir='ltr'>clausulas</span> <span class='ocrx_word' id='word_1_126' title='bbox 647 1279 759 1320; x_wconf 81' lang='lat' dir='ltr'>iuxta</span> <span class='ocrx_word' id='word_1_127' title='bbox 801 1277 837 1319; x_wconf 92' lang='lat' dir='ltr'>id</span> <span class='ocrx_word' id='word_1_128' title='bbox 879 1277 987 1334; x_wconf 79' lang='lat' dir='ltr'>quod</span> <span class='ocrx_word' id='word_1_129' title='bbox 1030 1279 1182 1320; x_wconf 80' lang='lat' dir='ltr'>tactum</span> <span class='ocrx_word' id='word_1_130' title='bbox 1229 1278 1301 1320; x_wconf 87' lang='lat' dir='ltr'>fuit</span> <span class='ocrx_word' id='word_1_131' title='bbox 1349 1291 1420 1333; x_wconf 86' lang='lat' dir='ltr'>per</span> <span class='ocrx_word' id='word_1_132' title='bbox 1467 1277 1740 1322; x_wconf 87' lang='lat' dir='ltr'>Decretalium</span> 
     </span>
     <span class='ocr_line' id='line_1_18' title="bbox 112 1347 1744 1404; baseline 0.001 -13"><span class='ocrx_word' id='word_1_133' title='bbox 112 1349 278 1391; x_wconf 66' lang='lat' dir='ltr'>diversa</span> <span class='ocrx_word' id='word_1_134' title='bbox 311 1350 460 1404; x_wconf 83' lang='lat' dir='ltr'>capita,</span> <span class='ocrx_word' id='word_1_135' title='bbox 495 1352 532 1390; x_wconf 90' lang='lat' dir='ltr'>et</span> <span class='ocrx_word' id='word_1_136' title='bbox 567 1347 618 1391; x_wconf 89' lang='lat' dir='ltr'>ob</span> <span class='ocrx_word' id='word_1_137' title='bbox 644 1362 728 1404; x_wconf 83' lang='lat' dir='ltr'>reg.</span> <span class='ocrx_word' id='word_1_138' title='bbox 755 1350 855 1391; x_wconf 87' lang='lat' dir='ltr'>iuris</span> <span class='ocrx_word' id='word_1_139' title='bbox 870 1348 933 1390; x_wconf 70' lang='lat'>&#39;230</span> <span class='ocrx_word' id='word_1_140' title='bbox 959 1350 996 1390; x_wconf 91' lang='lat' dir='ltr'>in</span> <span class='ocrx_word' id='word_1_141' title='bbox 1023 1350 1066 1389; x_wconf 77' lang='lat' dir='ltr'>ti⁰</span> <span class='ocrx_word' id='word_1_142' title='bbox 1089 1365 1095 1390; x_wconf 91' lang='lat'>:</span> <span class='ocrx_word' id='word_1_143' title='bbox 1126 1364 1145 1388; x_wconf 84' lang='grc'>((</span> <span class='ocrx_word' id='word_1_144' title='bbox 1167 1348 1207 1390; x_wconf 96' lang='lat' dir='ltr'>ln</span> <span class='ocrx_word' id='word_1_145' title='bbox 1232 1347 1419 1391; x_wconf 84' lang='lat' dir='ltr'>obscuris</span> <span class='ocrx_word' id='word_1_146' title='bbox 1444 1352 1659 1392; x_wconf 83' lang='lat' dir='ltr'>minimum</span> <span class='ocrx_word' id='word_1_147' title='bbox 1685 1356 1744 1393; x_wconf 85' lang='lat' dir='ltr'>est</span> 
     </span>
     <span class='ocr_line' id='line_1_19' title="bbox 111 1417 1740 1476; baseline 0.001 -14"><span class='ocrx_word' id='word_1_148' title='bbox 111 1418 436 1476; x_wconf 78' lang='lat' dir='ltr'>sequendum»,</span> <span class='ocrx_word' id='word_1_149' title='bbox 470 1417 512 1475; x_wconf 88' lang='lat' dir='ltr'>b)</span> <span class='ocrx_word' id='word_1_150' title='bbox 550 1417 610 1461; x_wconf 77' lang='lat' dir='ltr'>rel</span> <span class='ocrx_word' id='word_1_151' title='bbox 656 1418 751 1461; x_wconf 70' lang='lat' dir='ltr'>iura</span> <span class='ocrx_word' id='word_1_152' title='bbox 796 1418 897 1461; x_wconf 71' lang='lat' dir='ltr'>aliis</span> <span class='ocrx_word' id='word_1_153' title='bbox 941 1419 1133 1476; x_wconf 65' lang='lat' dir='ltr'>quaesita</span> <span class='ocrx_word' id='word_1_154' title='bbox 1177 1432 1250 1462; x_wconf 88' lang='lat' dir='ltr'>seu</span> <span class='ocrx_word' id='word_1_155' title='bbox 1293 1424 1406 1462; x_wconf 90' lang='lat' dir='ltr'>certo</span> <span class='ocrx_word' id='word_1_156' title='bbox 1450 1420 1629 1475; x_wconf 74' lang='lat' dir='ltr'>obtenta,</span> <span class='ocrx_word' id='word_1_157' title='bbox 1668 1424 1740 1463; x_wconf 84' lang='lat' dir='ltr'>etsi</span> 
     </span>
     <span class='ocr_line' id='line_1_20' title="bbox 113 1488 1743 1546; baseline 0.001 -14"><span class='ocrx_word' id='word_1_158' title='bbox 113 1489 297 1533; x_wconf 89' lang='lat' dir='ltr'>nondum</span> <span class='ocrx_word' id='word_1_159' title='bbox 322 1491 438 1546; x_wconf 80' lang='lat' dir='ltr'>quasi</span> <span class='ocrx_word' id='word_1_160' title='bbox 465 1516 517 1520; x_wconf 98' lang='lat'>—</span> <span class='ocrx_word' id='word_1_161' title='bbox 543 1502 741 1546; x_wconf 86' lang='lat' dir='ltr'>possessa,</span> <span class='ocrx_word' id='word_1_162' title='bbox 781 1488 970 1537; x_wconf 70' lang='lat' dir='ltr'>laedunt,</span> <span class='ocrx_word' id='word_1_163' title='bbox 996 1490 1225 1533; x_wconf 88' lang='lat' dir='ltr'>secundum</span> <span class='ocrx_word' id='word_1_164' title='bbox 1253 1490 1436 1546; x_wconf 84' lang='lat' dir='ltr'>regulam</span> <span class='ocrx_word' id='word_1_165' title='bbox 1463 1491 1743 1535; x_wconf 59' lang='lat' dir='ltr'>(lancellariae</span> 
     </span>
     <span class='ocr_line' id='line_1_21' title="bbox 119 1560 1744 1618; baseline 0.003 -18"><span class='ocrx_word' id='word_1_166' title='bbox 119 1575 138 1600; x_wconf 75' lang='lat' dir='ltr'>&lt;c</span> <span class='ocrx_word' id='word_1_167' title='bbox 158 1560 210 1603; x_wconf 87' lang='lat' dir='ltr'>de</span> <span class='ocrx_word' id='word_1_168' title='bbox 234 1562 322 1602; x_wconf 90' lang='lat' dir='ltr'>iure</span> <span class='ocrx_word' id='word_1_169' title='bbox 345 1562 531 1617; x_wconf 84' lang='lat' dir='ltr'>quaesito</span> <span class='ocrx_word' id='word_1_170' title='bbox 556 1574 634 1603; x_wconf 89' lang='lat' dir='ltr'>non</span> <span class='ocrx_word' id='word_1_171' title='bbox 661 1560 881 1603; x_wconf 81' lang='lat' dir='ltr'>tollendo»</span> <span class='ocrx_word' id='word_1_172' title='bbox 918 1561 1080 1617; x_wconf 84' lang='lat' dir='ltr'>plenam</span> <span class='ocrx_word' id='word_1_173' title='bbox 1114 1563 1321 1618; x_wconf 78' lang='lat' dir='ltr'>aequitate</span> <span class='ocrx_word' id='word_1_174' title='bbox 1355 1563 1468 1604; x_wconf 84' lang='lat' dir='ltr'>iuxta</span> <span class='ocrx_word' id='word_1_175' title='bbox 1504 1562 1602 1605; x_wconf 94' lang='lat' dir='ltr'>illud</span> <span class='ocrx_word' id='word_1_176' title='bbox 1639 1565 1744 1618; x_wconf 91' lang='lat' dir='ltr'>prin-</span> 
     </span>
     <span class='ocr_line' id='line_1_22' title="bbox 115 1631 1741 1690; baseline 0.002 -17"><span class='ocrx_word' id='word_1_177' title='bbox 115 1632 268 1686; x_wconf 86' lang='lat' dir='ltr'>cipium</span> <span class='ocrx_word' id='word_1_178' title='bbox 304 1644 388 1686; x_wconf 81' lang='lat' dir='ltr'>reg.</span> <span class='ocrx_word' id='word_1_179' title='bbox 424 1632 524 1673; x_wconf 90' lang='lat' dir='ltr'>iuris</span> <span class='ocrx_word' id='word_1_180' title='bbox 559 1631 611 1673; x_wconf 75' lang='lat'>48</span> <span class='ocrx_word' id='word_1_181' title='bbox 648 1632 685 1674; x_wconf 87' lang='lat' dir='ltr'>in</span> <span class='ocrx_word' id='word_1_182' title='bbox 722 1632 792 1673; x_wconf 76' lang='lat'>60:</span> <span class='ocrx_word' id='word_1_183' title='bbox 834 1648 852 1671; x_wconf 69' lang='grc' dir='ltr'>α</span> <span class='ocrx_word' id='word_1_184' title='bbox 881 1631 1138 1688; x_wconf 82' lang='lat' dir='ltr'>Locupletari</span> <span class='ocrx_word' id='word_1_185' title='bbox 1186 1645 1261 1674; x_wconf 89' lang='lat' dir='ltr'>non</span> <span class='ocrx_word' id='word_1_186' title='bbox 1301 1631 1423 1675; x_wconf 89' lang='lat' dir='ltr'>debet</span> <span class='ocrx_word' id='word_1_187' title='bbox 1465 1633 1615 1690; x_wconf 82' lang='lat' dir='ltr'>aliquis</span> <span class='ocrx_word' id='word_1_188' title='bbox 1648 1647 1741 1676; x_wconf 89' lang='lat' dir='ltr'>cum</span> 
     </span>
     <span class='ocr_line' id='line_1_23' title="bbox 115 1701 1742 1756; baseline 0.002 -13"><span class='ocrx_word' id='word_1_189' title='bbox 115 1701 284 1744; x_wconf 84' lang='lat' dir='ltr'>alterius</span> <span class='ocrx_word' id='word_1_190' title='bbox 318 1703 467 1744; x_wconf 84' lang='lat' dir='ltr'>iniuria</span> <span class='ocrx_word' id='word_1_191' title='bbox 504 1701 567 1744; x_wconf 69' lang='lat' dir='ltr'>vel</span> <span class='ocrx_word' id='word_1_192' title='bbox 603 1704 823 1756; x_wconf 73' lang='lat' dir='ltr'>iactura»,</span> <span class='ocrx_word' id='word_1_193' title='bbox 858 1704 932 1745; x_wconf 92' lang='lat' dir='ltr'>nisi</span> <span class='ocrx_word' id='word_1_194' title='bbox 968 1703 1018 1745; x_wconf 90' lang='lat' dir='ltr'>de</span> <span class='ocrx_word' id='word_1_195' title='bbox 1061 1705 1268 1745; x_wconf 87' lang='lat' dir='ltr'>contrario</span> <span class='ocrx_word' id='word_1_196' title='bbox 1312 1703 1531 1746; x_wconf 61' lang='lat' dir='ltr'>evidenter</span> <span class='ocrx_word' id='word_1_197' title='bbox 1572 1709 1742 1753; x_wconf 85' lang='lat' dir='ltr'>constet,</span> 
     </span>
     <span class='ocr_line' id='line_1_24' title="bbox 116 1770 1742 1830; baseline 0.002 -16"><span class='ocrx_word' id='word_1_198' title='bbox 116 1771 155 1828; x_wconf 88' lang='lat' dir='ltr'>c)</span> <span class='ocrx_word' id='word_1_199' title='bbox 194 1771 253 1814; x_wconf 71' lang='lat' dir='ltr'>vel</span> <span class='ocrx_word' id='word_1_200' title='bbox 286 1770 569 1814; x_wconf 67' lang='lat' dir='ltr'>adversantem·</span> <span class='ocrx_word' id='word_1_201' title='bbox 603 1786 675 1828; x_wconf 91' lang='lat' dir='ltr'>per</span> <span class='ocrx_word' id='word_1_202' title='bbox 708 1772 935 1829; x_wconf 81' lang='lat' dir='ltr'>quamlibet</span> <span class='ocrx_word' id='word_1_203' title='bbox 970 1773 1265 1816; x_wconf 78' lang='lat' dir='ltr'>relaxationem</span> <span class='ocrx_word' id='word_1_204' title='bbox 1302 1772 1400 1830; x_wconf 73' lang='lat' dir='ltr'>leyi,</span> <span class='ocrx_word' id='word_1_205' title='bbox 1442 1786 1547 1830; x_wconf 78' lang='lat' dir='ltr'>quae</span> <span class='ocrx_word' id='word_1_206' title='bbox 1588 1777 1624 1817; x_wconf 91' lang='lat' dir='ltr'>in</span> <span class='ocrx_word' id='word_1_207' title='bbox 1674 1775 1742 1818; x_wconf 87' lang='lat' dir='ltr'>bo-</span> 
     </span>
     <span class='ocr_line' id='line_1_25' title="bbox 117 1843 1744 1903; baseline 0.002 -18"><span class='ocrx_word' id='word_1_208' title='bbox 117 1855 213 1885; x_wconf 92' lang='lat' dir='ltr'>num</span> <span class='ocrx_word' id='word_1_209' title='bbox 248 1856 469 1886; x_wconf 86' lang='lat' dir='ltr'>commune</span> <span class='ocrx_word' id='word_1_210' title='bbox 503 1843 719 1886; x_wconf 86' lang='lat' dir='ltr'>ordinatur</span> <span class='ocrx_word' id='word_1_211' title='bbox 767 1857 816 1886; x_wconf 85' lang='lat' dir='ltr'>ex</span> <span class='ocrx_word' id='word_1_212' title='bbox 843 1846 1009 1900; x_wconf 84' lang='lat' dir='ltr'>propria</span> <span class='ocrx_word' id='word_1_213' title='bbox 1044 1848 1202 1888; x_wconf 84' lang='lat' dir='ltr'>natura.</span> <span class='ocrx_word' id='word_1_214' title='bbox 1239 1844 1278 1886; x_wconf 80' lang='grc' dir='ltr'><em>ιή</em></span> <span class='ocrx_word' id='word_1_215' title='bbox 1314 1844 1566 1887; x_wconf 73' lang='lat' dir='ltr'>commodum</span> <span class='ocrx_word' id='word_1_216' title='bbox 1599 1846 1744 1903; x_wconf 71' lang='lat' dir='ltr'>prico-</span> 
     </span>
     <span class='ocr_line' id='line_1_26' title="bbox 118 1914 1745 1973; baseline 0.003 -18"><span class='ocrx_word' id='word_1_217' title='bbox 118 1919 250 1956; x_wconf 69' lang='lat' dir='ltr'>torum</span> <span class='ocrx_word' id='word_1_218' title='bbox 290 1927 325 1956; x_wconf 78' lang='lat' dir='ltr'>v.</span> <span class='ocrx_word' id='word_1_219' title='bbox 351 1928 411 1970; x_wconf 83' lang='lat' dir='ltr'>gr.</span> <span class='ocrx_word' id='word_1_220' title='bbox 438 1928 510 1970; x_wconf 87' lang='lat' dir='ltr'>per</span> <span class='ocrx_word' id='word_1_221' title='bbox 533 1914 898 1970; x_wconf 87' lang='lat' dir='ltr'>dispensationem,</span> <span class='ocrx_word' id='word_1_222' title='bbox 922 1920 991 1958; x_wconf 91' lang='lat' dir='ltr'>aut</span> <span class='ocrx_word' id='word_1_223' title='bbox 1017 1915 1124 1957; x_wconf 88' lang='lat' dir='ltr'>illius</span> <span class='ocrx_word' id='word_1_224' title='bbox 1159 1915 1444 1958; x_wconf 89' lang='lat' dir='ltr'>limitationem</span> <span class='ocrx_word' id='word_1_225' title='bbox 1470 1930 1518 1958; x_wconf 79' lang='lat' dir='ltr'>ex</span> <span class='ocrx_word' id='word_1_226' title='bbox 1547 1919 1745 1973; x_wconf 89' lang='lat' dir='ltr'>rescripto</span> 
     </span>
     <span class='ocr_line' id='line_1_27' title="bbox 114 1985 1743 2043; baseline 0.001 -15"><span class='ocrx_word' id='word_1_227' title='bbox 114 1990 481 2041; x_wconf 77' lang='lat' dir='ltr'>conseqtuituram,</span> <span class='ocrx_word' id='word_1_228' title='bbox 516 1998 610 2029; x_wconf 87' lang='lat' dir='ltr'>nam</span> <span class='ocrx_word' id='word_1_229' title='bbox 646 1991 741 2029; x_wconf 89' lang='lat' dir='ltr'>tunc</span> <span class='ocrx_word' id='word_1_230' title='bbox 786 1985 907 2029; x_wconf 85' lang='lat' dir='ltr'>babet</span> <span class='ocrx_word' id='word_1_231' title='bbox 944 1986 1079 2029; x_wconf 89' lang='lat' dir='ltr'>locum</span> <span class='ocrx_word' id='word_1_232' title='bbox 1122 2000 1193 2029; x_wconf 90' lang='lat' dir='ltr'>seu</span> <span class='ocrx_word' id='word_1_233' title='bbox 1230 1987 1439 2042; x_wconf 67' lang='lat' dir='ltr'>praevalet</span> <span class='ocrx_word' id='word_1_234' title='bbox 1486 2000 1579 2043; x_wconf 84' lang='lat' dir='ltr'>pars</span> <span class='ocrx_word' id='word_1_235' title='bbox 1613 1990 1743 2043; x_wconf 88' lang='lat' dir='ltr'>prima</span> 
     </span>
     <span class='ocr_line' id='line_1_28' title="bbox 118 2054 1742 2114; baseline 0.001 -16"><span class='ocrx_word' id='word_1_236' title='bbox 118 2069 201 2112; x_wconf 81' lang='lat' dir='ltr'>reg.</span> <span class='ocrx_word' id='word_1_237' title='bbox 232 2056 281 2098; x_wconf 77' lang='lat'>15</span> <span class='ocrx_word' id='word_1_238' title='bbox 307 2058 407 2099; x_wconf 89' lang='lat' dir='ltr'>iuris</span> <span class='ocrx_word' id='word_1_239' title='bbox 432 2059 469 2099; x_wconf 91' lang='lat' dir='ltr'>in</span> <span class='ocrx_word' id='word_1_240' title='bbox 496 2056 540 2099; x_wconf 77' lang='lat'>:3⁰</span> <span class='ocrx_word' id='word_1_241' title='bbox 562 2074 569 2099; x_wconf 88' lang='lat'>:</span> <span class='ocrx_word' id='word_1_242' title='bbox 611 2072 629 2097; x_wconf 81' lang='lat'>«</span> <span class='ocrx_word' id='word_1_243' title='bbox 654 2054 760 2101; x_wconf 87' lang='lat' dir='ltr'>Odia</span> <span class='ocrx_word' id='word_1_244' title='bbox 788 2059 993 2113; x_wconf 76' lang='lat' dir='ltr'>restringi,</span> <span class='ocrx_word' id='word_1_245' title='bbox 1018 2062 1055 2101; x_wconf 87' lang='lat' dir='ltr'>et</span> <span class='ocrx_word' id='word_1_246' title='bbox 1081 2059 1243 2101; x_wconf 68' lang='lat' dir='ltr'>t&#39;ax&#39;ores</span> <span class='ocrx_word' id='word_1_247' title='bbox 1266 2060 1460 2101; x_wconf 60' lang='lat' dir='ltr'>convenit</span> <span class='ocrx_word' id='word_1_248' title='bbox 1494 2058 1742 2114; x_wconf 68' lang='lat' dir='ltr'>ampliari»,</span> 
     </span>
     <span class='ocr_line' id='line_1_29' title="bbox 115 2126 1742 2185; baseline 0.002 -16"><span class='ocrx_word' id='word_1_249' title='bbox 115 2131 183 2169; x_wconf 78' lang='lat' dir='ltr'>aut</span> <span class='ocrx_word' id='word_1_250' title='bbox 219 2129 386 2183; x_wconf 89' lang='lat' dir='ltr'>insuper</span> <span class='ocrx_word' id='word_1_251' title='bbox 424 2129 528 2170; x_wconf 88' lang='lat' dir='ltr'>sicut</span> <span class='ocrx_word' id='word_1_252' title='bbox 566 2127 692 2170; x_wconf 61' lang='lat' dir='ltr'>lionis.</span> <span class='ocrx_word' id='word_1_253' title='bbox 731 2126 812 2169; x_wconf 58' lang='lat' dir='ltr'>N&#39;lll</span> <span class='ocrx_word' id='word_1_254' title='bbox 850 2130 996 2170; x_wconf 87' lang='lat' dir='ltr'>asserit</span> <span class='ocrx_word' id='word_1_255' title='bbox 1042 2128 1092 2171; x_wconf 90' lang='lat' dir='ltr'>de</span> <span class='ocrx_word' id='word_1_256' title='bbox 1136 2129 1315 2185; x_wconf 78' lang='lat' dir='ltr'>quadam</span> <span class='ocrx_word' id='word_1_257' title='bbox 1360 2128 1665 2184; x_wconf 86' lang='lat' dir='ltr'>dispensatione</span> <span class='ocrx_word' id='word_1_258' title='bbox 1700 2130 1742 2172; x_wconf 71' lang='grc'>2;</span> 
     </span>
     <span class='ocr_line' id='line_1_30' title="bbox 121 2197 1743 2255; baseline 0.001 -17"><span class='ocrx_word' id='word_1_259' title='bbox 121 2210 288 2254; x_wconf 81' lang='lat' dir='ltr'>«quam</span> <span class='ocrx_word' id='word_1_260' title='bbox 332 2197 634 2241; x_wconf 77' lang='lat' dir='ltr'>exorbitantem</span> <span class='ocrx_word' id='word_1_261' title='bbox 680 2212 700 2241; x_wconf 91' lang='lat' dir='ltr'>a</span> <span class='ocrx_word' id='word_1_262' title='bbox 751 2201 839 2242; x_wconf 88' lang='lat' dir='ltr'>iure</span> <span class='ocrx_word' id='word_1_263' title='bbox 878 2204 1037 2255; x_wconf 85' lang='lat' dir='ltr'>oportet</span> <span class='ocrx_word' id='word_1_264' title='bbox 1091 2199 1215 2242; x_wconf 64' lang='lat' dir='ltr'>veluti</span> <span class='ocrx_word' id='word_1_265' title='bbox 1260 2201 1443 2242; x_wconf 85' lang='lat' dir='ltr'>odiosam</span> <span class='ocrx_word' id='word_1_266' title='bbox 1490 2202 1679 2254; x_wconf 69' lang='lat' dir='ltr'>restringi</span> <span class='ocrx_word' id='word_1_267' title='bbox 1705 2216 1743 2248; x_wconf 79' lang='grc'>)),</span> 
     </span>
     <span class='ocr_line' id='line_1_31' title="bbox 118 2267 1741 2326; baseline 0.002 -17"><span class='ocrx_word' id='word_1_268' title='bbox 118 2267 178 2310; x_wconf 75' lang='lat' dir='ltr'>cel</span> <span class='ocrx_word' id='word_1_269' title='bbox 200 2267 391 2325; x_wconf 75' lang='lat' dir='ltr'>denique,</span> <span class='ocrx_word' id='word_1_270' title='bbox 415 2271 610 2326; x_wconf 65' lang='lat' dir='ltr'>quamvis</span> <span class='ocrx_word' id='word_1_271' title='bbox 642 2269 778 2313; x_wconf 90' lang='lat' dir='ltr'>lnnoc.</span> <span class='ocrx_word' id='word_1_272' title='bbox 806 2269 854 2312; x_wconf 94' lang='lat' dir='ltr'>lll</span> <span class='ocrx_word' id='word_1_273' title='bbox 889 2270 997 2313; x_wconf 89' lang='lat' dir='ltr'>dicat</span> <span class='ocrx_word' id='word_1_274' title='bbox 1033 2271 1074 2310; x_wconf 50' lang='lat'>³⁷²:</span> <span class='ocrx_word' id='word_1_275' title='bbox 1115 2286 1134 2310; x_wconf 82' lang='grc'>((</span> <span class='ocrx_word' id='word_1_276' title='bbox 1159 2283 1252 2313; x_wconf 89' lang='lat' dir='ltr'>cum</span> <span class='ocrx_word' id='word_1_277' title='bbox 1281 2270 1479 2313; x_wconf 87' lang='lat' dir='ltr'>beneticia</span> <span class='ocrx_word' id='word_1_278' title='bbox 1508 2271 1741 2326; x_wconf 84' lang='lat' dir='ltr'>Principum</span> 
     </span>
     <span class='ocr_line' id='line_1_32' title="bbox 115 2340 1743 2398; baseline 0.002 -17"><span class='ocrx_word' id='word_1_279' title='bbox 115 2340 196 2382; x_wconf 86' lang='lat' dir='ltr'>sint</span> <span class='ocrx_word' id='word_1_280' title='bbox 229 2340 537 2395; x_wconf 83' lang='lat' dir='ltr'>interpretanda</span> <span class='ocrx_word' id='word_1_281' title='bbox 574 2340 867 2396; x_wconf 74' lang='lat' dir='ltr'>largissime»,</span> <span class='ocrx_word' id='word_1_282' title='bbox 901 2341 1122 2384; x_wconf 89' lang='lat' dir='ltr'>adnotetur</span> <span class='ocrx_word' id='word_1_283' title='bbox 1153 2346 1313 2397; x_wconf 86' lang='lat' dir='ltr'>oportet</span> <span class='ocrx_word' id='word_1_284' title='bbox 1351 2342 1460 2398; x_wconf 82' lang='lat' dir='ltr'>quod</span> <span class='ocrx_word' id='word_1_285' title='bbox 1497 2341 1743 2384; x_wconf 84' lang='lat' dir='ltr'>beneticium</span> 
     </span>
     <span class='ocr_line' id='line_1_33' title="bbox 118 2410 1741 2468; baseline 0.002 -18"><span class='ocrx_word' id='word_1_286' title='bbox 118 2410 156 2451; x_wconf 91' lang='lat' dir='ltr'>in</span> <span class='ocrx_word' id='word_1_287' title='bbox 190 2422 343 2465; x_wconf 82' lang='lat' dir='ltr'>genere</span> <span class='ocrx_word' id='word_1_288' title='bbox 375 2415 457 2454; x_wconf 84' lang='lat' dir='ltr'>est:</span> <span class='ocrx_word' id='word_1_289' title='bbox 499 2427 518 2451; x_wconf 85' lang='lat'>«</span> <span class='ocrx_word' id='word_1_290' title='bbox 544 2410 744 2455; x_wconf 81' lang='lat' dir='ltr'>benevola</span> <span class='ocrx_word' id='word_1_291' title='bbox 769 2416 875 2455; x_wconf 86' lang='lat' dir='ltr'>actio</span> <span class='ocrx_word' id='word_1_292' title='bbox 898 2412 1096 2468; x_wconf 81' lang='lat' dir='ltr'>gaudium</span> <span class='ocrx_word' id='word_1_293' title='bbox 1121 2411 1379 2468; x_wconf 83' lang='lat' dir='ltr'>capientibus</span> <span class='ocrx_word' id='word_1_294' title='bbox 1404 2411 1587 2455; x_wconf 84' lang='lat' dir='ltr'>tribuens</span> <span class='ocrx_word' id='word_1_295' title='bbox 1611 2428 1650 2464; x_wconf 71' lang='grc'>)&gt;,</span> <span class='ocrx_word' id='word_1_296' title='bbox 1673 2412 1741 2454; x_wconf 87' lang='lat' dir='ltr'>sed</span> 
     </span>
     <span class='ocr_line' id='line_1_34' title="bbox 119 2479 1741 2539; baseline 0.003 -19"><span class='ocrx_word' id='word_1_297' title='bbox 119 2481 283 2535; x_wconf 89' lang='lat' dir='ltr'>proprie</span> <span class='ocrx_word' id='word_1_298' title='bbox 316 2479 370 2524; x_wconf 90' lang='lat' dir='ltr'>ibi</span> <span class='ocrx_word' id='word_1_299' title='bbox 403 2482 655 2525; x_wconf 88' lang='lat' dir='ltr'>sumendum</span> <span class='ocrx_word' id='word_1_300' title='bbox 691 2487 777 2525; x_wconf 88' lang='lat' dir='ltr'>est:</span> <span class='ocrx_word' id='word_1_301' title='bbox 817 2498 836 2523; x_wconf 88' lang='lat'>«</span> <span class='ocrx_word' id='word_1_302' title='bbox 863 2481 1064 2526; x_wconf 65' lang='lat' dir='ltr'>benex&#39;ola</span> <span class='ocrx_word' id='word_1_303' title='bbox 1098 2485 1219 2536; x_wconf 79' lang='lat' dir='ltr'>actio,</span> <span class='ocrx_word' id='word_1_304' title='bbox 1253 2496 1324 2526; x_wconf 88' lang='lat' dir='ltr'>seu</span> <span class='ocrx_word' id='word_1_305' title='bbox 1359 2482 1584 2526; x_wconf 87' lang='lat' dir='ltr'>liberalitas</span> <span class='ocrx_word' id='word_1_306' title='bbox 1617 2496 1741 2539; x_wconf 73' lang='lat' dir='ltr'>quae-</span> 
     </span>
     <span class='ocr_line' id='line_1_35' title="bbox 117 2549 1744 2609; baseline 0.002 -18"><span class='ocrx_word' id='word_1_307' title='bbox 117 2549 213 2592; x_wconf 84' lang='lat' dir='ltr'>dam</span> <span class='ocrx_word' id='word_1_308' title='bbox 246 2553 334 2594; x_wconf 88' lang='lat' dir='ltr'>sine</span> <span class='ocrx_word' id='word_1_309' title='bbox 367 2551 537 2596; x_wconf 85' lang='lat' dir='ltr'>alterius</span> <span class='ocrx_word' id='word_1_310' title='bbox 571 2553 826 2607; x_wconf 84' lang='lat' dir='ltr'>praeiudicio</span> <span class='ocrx_word' id='word_1_311' title='bbox 871 2558 1034 2609; x_wconf 86' lang='lat' dir='ltr'>praeter</span> <span class='ocrx_word' id='word_1_312' title='bbox 1066 2566 1287 2597; x_wconf 88' lang='lat' dir='ltr'>commune</span> <span class='ocrx_word' id='word_1_313' title='bbox 1331 2555 1392 2596; x_wconf 87' lang='lat' dir='ltr'>ius</span> <span class='ocrx_word' id='word_1_314' title='bbox 1424 2566 1631 2606; x_wconf 64' lang='lat' dir='ltr'>concessa,</span> <span class='ocrx_word' id='word_1_315' title='bbox 1667 2566 1744 2595; x_wconf 88' lang='lat' dir='ltr'>non</span> 
     </span>
     <span class='ocr_line' id='line_1_36' title="bbox 119 2621 1746 2678; baseline 0.002 -16"><span class='ocrx_word' id='word_1_316' title='bbox 119 2624 260 2663; x_wconf 88' lang='lat' dir='ltr'>contra</span> <span class='ocrx_word' id='word_1_317' title='bbox 298 2621 360 2664; x_wconf 89' lang='lat' dir='ltr'>vel</span> <span class='ocrx_word' id='word_1_318' title='bbox 395 2624 625 2667; x_wconf 87' lang='lat' dir='ltr'>secundum</span> <span class='ocrx_word' id='word_1_319' title='bbox 660 2626 722 2668; x_wconf 89' lang='lat' dir='ltr'>ius</span> <span class='ocrx_word' id='word_1_320' title='bbox 745 2641 785 2678; x_wconf 76' lang='grc'>)),</span> <span class='ocrx_word' id='word_1_321' title='bbox 822 2624 930 2667; x_wconf 90' lang='lat' dir='ltr'>unde</span> <span class='ocrx_word' id='word_1_322' title='bbox 963 2626 1092 2667; x_wconf 86' lang='lat' dir='ltr'>textui</span> <span class='ocrx_word' id='word_1_323' title='bbox 1127 2626 1250 2668; x_wconf 86' lang='lat' dir='ltr'>citato</span> <span class='ocrx_word' id='word_1_324' title='bbox 1285 2637 1363 2667; x_wconf 90' lang='lat' dir='ltr'>non</span> <span class='ocrx_word' id='word_1_325' title='bbox 1402 2624 1647 2667; x_wconf 86' lang='lat' dir='ltr'>contradicit</span> <span class='ocrx_word' id='word_1_326' title='bbox 1680 2636 1746 2666; x_wconf 85' lang='lat' dir='ltr'>ca-</span> 
     </span>
     <span class='ocr_line' id='line_1_37' title="bbox 120 2693 1743 2752; baseline 0.001 -19"><span class='ocrx_word' id='word_1_327' title='bbox 120 2703 198 2733; x_wconf 79' lang='lat' dir='ltr'>non</span> <span class='ocrx_word' id='word_1_328' title='bbox 232 2694 445 2748; x_wconf 87' lang='lat' dir='ltr'>excipiens</span> <span class='ocrx_word' id='word_1_329' title='bbox 483 2709 504 2734; x_wconf 86' lang='lat'>«</span> <span class='ocrx_word' id='word_1_330' title='bbox 529 2697 730 2751; x_wconf 84' lang='lat' dir='ltr'>rescripta</span> <span class='ocrx_word' id='word_1_331' title='bbox 763 2708 869 2752; x_wconf 83' lang='lat' dir='ltr'>quac</span> <span class='ocrx_word' id='word_1_332' title='bbox 893 2711 912 2736; x_wconf 67' lang='lat'>³)</span> <span class='ocrx_word' id='word_1_333' title='bbox 954 2694 1179 2752; x_wconf 72' lang='lat' dir='ltr'>impetrata</span> <span class='ocrx_word' id='word_1_334' title='bbox 1202 2694 1375 2751; x_wconf 74' lang='lat' dir='ltr'>fueruat</span> <span class='ocrx_word' id='word_1_335' title='bbox 1399 2693 1454 2737; x_wconf 81' lang='lat' dir='ltr'>ad</span> <span class='ocrx_word' id='word_1_336' title='bbox 1476 2693 1661 2749; x_wconf 70' lang='lat' dir='ltr'>beneficii</span> <span class='ocrx_word' id='word_1_337' title='bbox 1684 2708 1743 2735; x_wconf 73' lang='lat' dir='ltr'>ec-</span> 
     </span>
    </p>
   </div>
   <div class='ocr_carea' id='block_1_4' title="bbox 123 2822 1745 2961">
    <p class='ocr_par' dir='ltr' id='par_1_5' title="bbox 123 2822 1745 2961">
     <span class='ocr_line' id='line_1_38' title="bbox 239 2822 1743 2868; baseline 0 -13"><span class='ocrx_word' id='word_1_338' title='bbox 239 2824 249 2844; x_wconf 73' lang='lat'>1</span> <span class='ocrx_word' id='word_1_339' title='bbox 277 2822 367 2866; x_wconf 85' lang='lat' dir='ltr'>Cap.</span> <span class='ocrx_word' id='word_1_340' title='bbox 392 2822 436 2855; x_wconf 81' lang='lat'>10</span> <span class='ocrx_word' id='word_1_341' title='bbox 468 2838 480 2852; x_wconf 69' lang='grc' dir='ltr'><em>α</em></span> <span class='ocrx_word' id='word_1_342' title='bbox 501 2822 547 2856; x_wconf 85' lang='lat' dir='ltr'>de</span> <span class='ocrx_word' id='word_1_343' title='bbox 566 2823 774 2857; x_wconf 78' lang='lat' dir='ltr'>verborum</span> <span class='ocrx_word' id='word_1_344' title='bbox 793 2823 1087 2868; x_wconf 81' lang='lat' dir='ltr'>significatione</span> <span class='ocrx_word' id='word_1_345' title='bbox 1108 2837 1122 2854; x_wconf 69' lang='grc' dir='ltr'>ι)</span> <span class='ocrx_word' id='word_1_346' title='bbox 1153 2823 1216 2856; x_wconf 71' lang='lat' dir='ltr'>tit.</span> <span class='ocrx_word' id='word_1_347' title='bbox 1243 2822 1314 2856; x_wconf 88' lang='lat' dir='ltr'>XL</span> <span class='ocrx_word' id='word_1_348' title='bbox 1340 2822 1404 2857; x_wconf 90' lang='lat' dir='ltr'>lib.</span> <span class='ocrx_word' id='word_1_349' title='bbox 1431 2823 1476 2856; x_wconf 64' lang='lat' dir='ltr'>Y.</span> <span class='ocrx_word' id='word_1_350' title='bbox 1507 2843 1549 2846; x_wconf 97' lang='lat'><strong>—</strong></span> <span class='ocrx_word' id='word_1_351' title='bbox 1577 2824 1589 2844; x_wconf 78' lang='lat'>·-’</span> <span class='ocrx_word' id='word_1_352' title='bbox 1616 2823 1705 2866; x_wconf 84' lang='lat' dir='ltr'>Cap.</span> <span class='ocrx_word' id='word_1_353' title='bbox 1726 2823 1743 2855; x_wconf 87' lang='lat' dir='ltr'>l</span> 
     </span>
     <span class='ocr_line' id='line_1_39' title="bbox 123 2869 1745 2914; baseline -0.001 -11"><span class='ocrx_word' id='word_1_354' title='bbox 123 2885 137 2899; x_wconf 70' lang='lat' dir='ltr'>&lt;z</span> <span class='ocrx_word' id='word_1_355' title='bbox 159 2869 204 2904; x_wconf 86' lang='lat' dir='ltr'>de</span> <span class='ocrx_word' id='word_1_356' title='bbox 231 2869 326 2903; x_wconf 78' lang='lat' dir='ltr'>filiis</span> <span class='ocrx_word' id='word_1_357' title='bbox 352 2869 671 2914; x_wconf 81' lang='lat' dir='ltr'>presbyterorum</span> <span class='ocrx_word' id='word_1_358' title='bbox 690 2886 750 2904; x_wconf 77' lang='grc'>»...</span> <span class='ocrx_word' id='word_1_359' title='bbox 781 2871 843 2904; x_wconf 72' lang='lat' dir='ltr'>tit.</span> <span class='ocrx_word' id='word_1_360' title='bbox 871 2870 930 2904; x_wconf 90' lang='lat' dir='ltr'>XI</span> <span class='ocrx_word' id='word_1_361' title='bbox 956 2870 1041 2904; x_wconf 83' lang='lat' dir='ltr'>Lib.</span> <span class='ocrx_word' id='word_1_362' title='bbox 1072 2870 1089 2903; x_wconf 90' lang='grc' dir='ltr'>Ι</span> <span class='ocrx_word' id='word_1_363' title='bbox 1117 2870 1156 2903; x_wconf 88' lang='lat' dir='ltr'>in</span> <span class='ocrx_word' id='word_1_364' title='bbox 1184 2870 1233 2903; x_wconf 75' lang='lat'>60.</span> <span class='ocrx_word' id='word_1_365' title='bbox 1263 2890 1305 2894; x_wconf 87' lang='lat'>—</span> <span class='ocrx_word' id='word_1_366' title='bbox 1333 2871 1346 2891; x_wconf 81' lang='lat'><strong>³</strong></span> <span class='ocrx_word' id='word_1_367' title='bbox 1373 2870 1462 2913; x_wconf 79' lang='lat' dir='ltr'>Cap.</span> <span class='ocrx_word' id='word_1_368' title='bbox 1496 2884 1514 2903; x_wconf 72' lang='lat'>«</span> <span class='ocrx_word' id='word_1_369' title='bbox 1533 2870 1636 2903; x_wconf 87' lang='lat' dir='ltr'>Olim</span> <span class='ocrx_word' id='word_1_370' title='bbox 1655 2881 1672 2899; x_wconf 85' lang='lat'>»</span> <span class='ocrx_word' id='word_1_371' title='bbox 1703 2870 1745 2903; x_wconf 80' lang='lat'>16</span> 
     </span>
     <span class='ocr_line' id='line_1_40' title="bbox 123 2916 1135 2961; baseline 0 -11"><span class='ocrx_word' id='word_1_372' title='bbox 123 2933 137 2946; x_wconf 83' lang='grc'>«</span> <span class='ocrx_word' id='word_1_373' title='bbox 158 2917 203 2951; x_wconf 85' lang='lat' dir='ltr'>de</span> <span class='ocrx_word' id='word_1_374' title='bbox 231 2916 438 2951; x_wconf 85' lang='lat' dir='ltr'>verborum</span> <span class='ocrx_word' id='word_1_375' title='bbox 465 2916 756 2961; x_wconf 79' lang='lat' dir='ltr'>significatione</span> <span class='ocrx_word' id='word_1_376' title='bbox 777 2933 790 2947; x_wconf 62' lang='grc' dir='ltr'><strong><em>ι</em></strong></span> <span class='ocrx_word' id='word_1_377' title='bbox 823 2918 887 2951; x_wconf 75' lang='lat' dir='ltr'>tit.</span> <span class='ocrx_word' id='word_1_378' title='bbox 916 2917 988 2950; x_wconf 84' lang='lat' dir='ltr'>XL</span> <span class='ocrx_word' id='word_1_379' title='bbox 1014 2916 1079 2950; x_wconf 87' lang='lat' dir='ltr'>lib.</span> <span class='ocrx_word' id='word_1_380' title='bbox 1107 2916 1135 2951; x_wconf 88' lang='grc' dir='ltr'>Ι.</span> 
     </span>
    </p>
   </div>
  </div>
 </body>
</html>
