1950 3313
153 136 221 169 148
615 132 700 166 LIB.
729 131 775 165 V.
805 151 818 156 -
844 131 954 165 PARS
979 130 1031 164 11.
1061 151 1074 156 -
1099 131 1156 165 De
1175 133 1314 176 poenis
1457 130 1550 166 Can.
1577 131 1781 166 2270-2271

153 259 315 296 tantum
351 246 710 295 veluti'memoria
747 250 970 304 interdicti,
994 254 1080 293 tum
1115 249 1287 293 collatio
1321 249 1518 293 ordimem
1541 253 1647 294 sicut
1676 265 1697 292 <c
1720 251 1779 294 di-

153 326 292 367 vinum
339 324 518 365 officium
545 337 565 362 »
604 326 642 363 et
685 320 901 364 sollemnis
944 320 1190 378 meptiarum
1233 320 1463 364 benedictio
1501 333 1582 379 qua
1621 337 1641 362 c(
1664 333 1782 365 sacer

150 397 295 437 ritus»
334 392 541 436 declarata
575 392 625 434 ad
661 404 750 435 can.
789 391 896 434 1101
933 393 970 434 in
1005 390 1312 435 Commentario
1345 391 1511 435 Texius.

269 466 336 508 99.
374 465 731 510 Permissiones
765 477 828 509 ex
859 465 964 509 iure
997 476 1070 519 pro
1104 467 1291 520 tempore
1316 462 1457 506 localis
1483 463 1689 506 interdicti
1724 476 1782 506 re·

150 541 287 579 censet
322 537 388 579 cit.
424 539 575 579 const:
616 550 636 575 ((
660 534 781 577 Alma
816 539 947 578 mater
980 533 1163 578 Ecclesia
1203 534 1449 591 plerumque
1493 533 1689 577 nonnulla
1724 546 1782 577 ra-

150 606 401 649 tionabiliter
434 605 598 649 ordinat
630 610 669 649 et
699 605 1029 662 consulte,quod
1054 605 1254 648 suadente
1287 605 1570 649 subiectorum
1606 604 1782 649 utilitate

152 677 412 734 postmodum
463 676 691 720 consultius
723 689 771 720 ac
804 676 1091 720 rationabilius
1140 682 1322 726 revocat,
1355 678 1392 719 in
1429 676 1631 719 meliusve
1669 689 1781 719 com-

152 753 294 791 mutat.
330 749 435 791 Sane
468 761 488 791 3
523 749 674 791 nostris
706 747 864 791 dudum
899 748 974 790 fuit
1008 746 1398 804 praedecessoribus
1430 749 1714 801 constitutum,
1741 751 1782 790 ut

151 822 189 862 in
226 821 345 862 terris
376 832 449 862 seu
484 819 583 862 locis
625 818 908 862 ecclesiastico
955 820 1177 875 suppositis
1226 818 1457 870 interdicto,
1496 817 1604 861 nulla
1640 817 1783 875 (certis

150 889 314 933 casibus
347 894 385 932 et
418 891 689 933 sacramentis
722 888 925 946 exceptis)
960 889 1100 931 divina
1136 888 1400 932 celebrentur
1433 889 1580 943 officia,
1608 889 1669 931 vel
1707 891 1780 931 mi-

150 962 376 1004 nistrentur
409 960 689 1004 ecclesiastica
723 964 997 1003 sacramenta.
1023 959 1129 1014 Quia
1156 972 1253 1002 vero
1277 972 1327 1002 ex
1353 959 1611 1002 districtione
1645 958 1781 1002 liuius-

149 1031 259 1074 modi
292 1035 538 1074 statutorum
574 1033 778 1074 excrescit
820 1031 1031 1074 indevotio
1075 1029 1226 1087 populi,
1264 1029 1465 1086 pullulant
1503 1029 1708 1085 haereses,
1743 1034 1782 1073 et

146 1104 305 1145 inlinita
339 1102 520 1159 pericula
556 1104 789 1145 animarum
826 1104 1058 1158 insurgunt,
1082 1114 1129 1145 ac
1153 1100 1340 1144 ecclesiis
1372 1103 1460 1144 sine
1493 1101 1613 1157 culpa
1637 1112 1780 1144 earum

148 1172 285 1216 debita
327 1172 525 1230 obsequia
550 1170 931 1223 subtrabuntur»,
966 1177 1199 1230 sequuntur
1241 1173 1529 1215 concessiones
1574 1172 1678 1214 inira
1722 1171 1781 1215 di·

149 1244 319 1287 cendae.

272 1314 372 1357 san.
396 1317 531 1358 9371.
557 1342 609 1346 ——
632 1315 660 1374 ξ
683 1318 717 1358 1.
744 1315 789 1359 Si
822 1313 1107 1364 interdictum,
1133 1326 1262 1370 poena
1299 1313 1556 1357 medicinalis
1593 1313 1654 1357 vel
1694 1316 1780 1356 vin-

149 1386 344 1439 dicativa,
386 1386 520 1444 fuerit
558 1385 692 1429 locale
721 1385 922 1444 qenerale
953 1386 1003 1429 ad
1039 1398 1227 1429 normam
1261 1398 1351 1429 can.
1388 1385 1515 1439 2269,
1548 1384 1576 1442 ἓ
1613 1386 1645 1440 1,
1686 1401 1708 1426 α
1730 1384 1782 1429 ab

150 1457 317 1500 homine
363 1457 424 1500 vel
469 1471 488 1500 a
536 1460 622 1500 iure
668 1457 917 1514 prolatum»
957 1457 1042 1514 (cit.
1078 1456 1240 1513 const),
1275 1462 1314 1498 et
1348 1455 1566 1499 interdicti
1602 1455 1782 1510 decreto,

150 1541 242 1571 nam
279 1528 355 1571 lioc
390 1529 653 1571 interdictum
692 1531 778 1584 ipso
803 1531 891 1571 iure
913 1527 1077 1572 Codicis
1101 1541 1179 1570 non
1207 1528 1418 1584 infligitur,
1443 1532 1481 1570 et
1511 1542 1531 1568 ((
1554 1527 1782 1571 dummodo

151 1599 346 1642 delictum
382 1605 540 1642 certum
577 1602 642 1652 sit,
677 1600 805 1655 iniligi
853 1604 981 1655 potest
1017 1598 1156 1656 (illud)
1191 1601 1313 1642 etiam
1350 1612 1422 1655 per
1461 1599 1628 1641 modum
1664 1611 1780 1654 prae·

149 1672 256 1726 cepti
290 1675 406 1713 extra
443 1671 639 1714 iudicium
668 1687 687 1710 J>
726 1671 835 1727 (can.
861 1670 983 1723 1933,
1009 1672 1033 1724 ἓ
1057 1669 1116 1726 4),
1139 1683 1221 1727 (μω
1259 1669 1507 1712 «decreto»
1539 1670 1570 1712 si
1606 1667 1728 1711 aliud
1760 1681 1781 1712 a

149 1745 291 1784 tenore
323 1744 492 1784 canonis
535 1742 748 1785 diversum
794 1755 875 1784 iton
918 1746 1118 1783 careatur
1150 1754 1357 1798 eoepresse,
1392 1753 1497 1798 quae
1531 1742 1667 1783 cautio
1710 1740 1779 1782 ad-

101 1864 105 1872 ,
151 1814 325 1855 mittitur
348 1825 368 1855 a
389 1815 477 1856 iure
504 1812 749 1869 praevalens
781 1815 950 1856 canonis
984 1812 1105 1855 buius
1141 1814 1410 1868 praescripto,
1444 1813 1518 1854 etsi
1552 1810 1779 1854 clausulam

150 1881 245 1925 huic
279 1882 547 1938 derogantem
583 1896 662 1925 non
698 1882 874 1926 habeat:

269 1956 307 1995 1⁰
345 1952 609 1996 Permittitur
643 1953 819 2002 eleo-icis,
856 1968 902 1996 eo
936 1954 1044 2010 quod
1077 1966 1140 1996 ((3
1175 1953 1272 1996 solis
1306 1955 1403 2009 ipsis
1437 1954 1524 1996 lieri
1560 1957 1780 2010 queunt»,

150 2024 370 2067 commodo
404 2039 483 2067 riori
519 2025 602 2067 sint
637 2025 719 2082 ipsi
747 2024 1035 2082 personaliter
1069 2024 1299 2074 interdicti,
1335 2025 1460 2067 idest:
1504 2023 1678 2067 subiecti
1712 2035 1779 2066 ca-

151 2098 244 2138 noni
283 2096 409 2147 2275,
443 2109 524 2152 quo
573 2109 668 2139 casn
718 2096 1000 2139 excluduntur
1032 2096 1070 2138 hi
1108 2101 1263 2138 tantum
1299 2095 1350 2138 ab
1385 2095 1460 2138 bac
1493 2096 1778 2152 permissione,

152 2180 322 2222 nempe:
357 2167 496 2209 omnia
531 2166 675 2209 (lirina
710 2166 857 2224 officia,
891 2180 963 2210 seu
1003 2168 1276 2215 «functiones
1321 2166 1532 2222 potestatis
1574 2165 1773 2208 ordinis»

150 2237 199 2280 3(1
234 2249 419 2279 normam
455 2243 562 2280 cau.‘3
596 2237 722 2291 2256,
762 2237 816 2290 1⁰,
855 2251 890 2279 v.
925 2251 985 2293 gr.
1022 2239 1304 2280 recitationem
1350 2237 1480 2280 divini
1525 2237 1647 2279 oflicii
1682 2235 1777 2279 clio-

151 2308 303 2361 raliter,
338 2310 412 2350 nisi
452 2308 760 2351 «interdictum
796 2310 834 2351 in
870 2311 1210 2351 communitatem
1245 2321 1315 2351 seu
1350 2307 1570 2364 collegium
1597 2306 1779 2365 (eorum)

151 2381 206 2422 uti
253 2378 372 2421 talem
425 2378 549 2421 latum
603 2380 725 2421 fuerit
748 2394 767 2419 ))
808 2378 859 2422 ob
902 2391 991 2423 can.
1029 2379 1156 2432 2274,
1190 2381 1241 2433 §g
1275 2378 1313 2432 3,
1350 2379 1388 2433 4,
1422 2383 1461 2420 et
1493 2392 1637 2421 saeros
1668 2377 1780 2420 ritus

148 2452 388 2507 ceteroquin
425 2450 641 2493 interdicto
677 2449 905 2506 prohibitos
927 2449 969 2492 iii
995 2464 1252 2507 (Iliacamque
1276 2450 1350 2493 loci
1376 2449 1627 2506 generaliter
1660 2451 1781 2492 inter-

149 2521 246 2563 dicti
281 2520 455 2562 ecelesia
491 2526 564 2563 aut
597 2521 786 2564 oratorio
820 2520 972 2577 triplici
1009 2523 1120 2564 iuxta
1154 2533 1243 2564 can.
1283 2521 1408 2573 1188,
1440 2520 1468 2579 ἓ
1503 2521 1540 2574 2,
1575 2522 1672 2577 quin
1707 2519 1778 2562 ad-

152 2594 339 2634 mittatur
371 2591 544 2647 populus
580 2591 725 2645 tidelis,
746 2591 823 2635 hoc
846 2596 906 2635 est
926 2591 1128 2649 privatim
1162 2590 1276 2634 obire
1308 2592 1573 2647 adimplendo
1608 2603 1779 2633 munera

149 2663 357 2706 ordinaria
406 2676 548 2705 eorum
601 2665 831 2716 ministerii,
875 2664 912 2719 a)
950 2663 1093 2706 ianuis
1139 2662 1310 2713 clausis,
1350 2663 1391 2719 b)
1434 2677 1525 2706 voce
1570 2661 1778 2705 submissa

147 2736 341 2790 quamvis
360 2732 605 2789 intelligibili
627 2737 786 2780 ceteris.
803 2734 894 2791 etc)
912 2733 1142 2791 compatrix,
1161 2746 1267 2791 quae
1287 2736 1470 2776 exterius
1488 2732 1776 2786 adhibeantur,

150 2817 229 2846 iton
252 2803 436 2861 pulsatis
459 2806 581 2847 etiam
609 2805 817 2847 innuendo
842 2809 998 2848 tantum
1025 2805 1301 2847 elevationem
1327 2806 1364 2847 in
1390 2805 1593 2848 sacriticio
1617 2803 1776 2847 Missae.

149 2874 207 2917 De
240 2874 550 2918 consuetudinis
585 2888 683 2918 vero
717 2878 949 2925 contrariae
998 2880 1141 2918 natura
1193 2880 1380 2918 teneatur
1422 2875 1531 2932 quod
1567 2874 1778 2931 respondit
