1950 3313
139 156 206 189 112
363 199 366 201 .
649 150 734 183 Lm.
762 149 794 183 Ι.
824 169 835 174 -
862 149 1034 183 Normae
1055 149 1254 192 generales

143 273 452 329 multiplicatos,
495 273 562 328 qui
613 268 955 313 consuetudinem
1005 266 1202 321 efficiunt,
1244 271 1382 323 potest
1423 266 1516 309 talis
1557 265 1767 310 declarata

148 360 168 385 ((
192 345 468 387 communitas
491 357 511 382 ›>
550 337 889 383 consuetudinem
914 337 965 380 de
988 337 1094 380 tacto
1117 335 1317 379 inducere
1339 350 1446 394 quae
1477 336 1556 379 vim
1582 335 1686 393 leyt's
1715 336 1764 380 ad

141 427 328 457 normam
364 425 453 455 can.
490 412 543 454 ⁰25
577 409 773 453 obtineat.

259 484 327 528 88.
364 483 681 529 Conditiones
715 480 1082 525 consuetudinis
1105 480 1419 524 necessariae
1441 482 1493 524 ut
1514 480 1604 524 iuri
1627 492 1769 535 prae-

143 557 311 601 valeat
334 555 611 599 constituto.
645 550 768 606 Greg.
794 548 845 592 lX
873 551 912 592 in
936 561 1025 605 cap.
1052 548 1122 591 ult.
1163 564 1182 589 (ς
1207 549 1258 592 de
1281 548 1582 591 consuetudine
1606 564 1625 589 »
1654 547 1702 605 (1,
1725 548 1768 605 4)

143 629 216 670 ait:
255 624 401 668 «Cum
436 628 547 666 tanto
580 625 660 665 sint
693 623 888 677 graviora
935 624 1117 676 peccata,
1163 624 1317 677 quanto
1363 620 1519 663 diutius
1562 618 1769 662 infelicem

139 699 321 740 >animam
358 695 541 738 detinent
574 692 800 748 alligatam,
846 704 967 734 nemo
1003 703 1128 733 sanae
1169 692 1318 733 mentis
1361 689 1549 746 intelligit
1594 689 1770 732 naturali

144 770 237 822 iuri,
261 769 379 810 cuius
402 766 675 820 transgressio
699 761 929 819 periculum
954 761 1098 805 salutis
1122 761 1293 814 inducit,
1317 773 1581 818 quacumque
1604 773 1772 803 consue-

142 838 297 891 tudine,
335 849 440 893 quae
474 834 649 878 dicenda
684 838 744 876 est
779 835 918 876 verius
951 835 990 875 in
1024 831 1101 875 hac
1138 836 1253 888 parte
1283 831 1532 888 corruptela,
1558 844 1675 887 posse
1698 831 1770 873 ali-

141 913 349 966 quatenus
383 907 586 962 derogari.
610 904 721 947 Licet
753 905 877 947 etiam
903 903 1130 959 longaevae
1155 902 1466 946 consuetudinis
1492 915 1570 945 non
1605 904 1655 944 sit
1681 901 1772 944 vilis

142 981 389 1023 auctoritas:
424 991 503 1019 non
538 981 673 1019 tamen
709 980 769 1018 est
803 987 933 1032 usque
959 974 1062 1017 adeo
1090 973 1279 1028 valitura,
1306 978 1347 1016 ut
1375 973 1436 1016 vel
1480 975 1557 1016 iuri
1598 975 1772 1029 positivo

145 1050 295 1094 debeat
330 1048 628 1105 praeiudicium
665 1058 878 1102 generare,
915 1047 990 1088 nisi
1039 1045 1161 1088 tuerit
1205 1043 1475 1096 rationabilis,
1513 1049 1551 1086 et
1590 1043 1772 1099 legitime

145 1123 194 1164 sit
231 1121 544 1177 praescripta».
577 1117 634 1160 Ex
671 1117 733 1159 his
769 1118 985 1173 postremis
1022 1114 1159 1159 verbis
1191 1114 1390 1158 Doctores
1424 1114 1650 1157 intulerunt
1682 1127 1774 1157 con-

142 1192 322 1235 ditiones
355 1195 423 1233 aut
458 1189 721 1232 characteres
754 1186 906 1244 quibus
940 1187 1124 1243 praedita
1155 1199 1244 1229 esse
1266 1185 1409 1229 debuit
1443 1185 1699 1228 consuetudo
1734 1186 1773 1226 in

146 1262 345 1315 Ecclesia,
370 1266 413 1303 ut
435 1262 722 1303 auctoritatem
749 1260 850 1301 iuris
873 1257 1101 1301 obtineret:
1129 1258 1173 1299 1²²
1197 1262 1239 1300 ut
1261 1260 1311 1300 sit
1348 1255 1616 1301 rationabilis,
1654 1255 1698 1297 2³
1733 1259 1774 1297 ut

147 1335 195 1375 sit
232 1332 414 1388 legitime
449 1333 715 1387 praescripta,
750 1334 787 1372 et
823 1331 866 1370 3⁰
902 1333 943 1371 ut
975 1330 1025 1371 sit
1060 1328 1263 1384 longaeva
1298 1327 1566 1370 consuetudo.

268 1403 370 1446 lllud
408 1404 469 1444 ius
506 1400 786 1444 Decretalium
827 1416 845 1440 «
882 1413 929 1442 ex
968 1401 1130 1455 integro
1162 1400 1328 1442 refert»
1366 1398 1475 1454 (can.
1511 1400 1549 1451 6,
1586 1397 1648 1453 20)
1683 1410 1774 1439 cem.

150 1477 223 1517 37.
256 1476 284 1532 ᾗ
317 1477 352 1516 1.
387 1472 477 1515 luri
514 1471 655 1515 divino
695 1472 732 1514 id
774 1476 852 1514 est:
894 1471 1095 1513 divinitus
1138 1469 1495 1526 promulgatarum
1539 1467 1775 1523 complexui

152 1547 302 1601 legum,
326 1544 411 1586 sive
434 1542 627 1585 natm-ati
658 1542 839 1586 scilicet:
875 1546 1046 1584 naturae
1080 1540 1285 1583 humanae
1310 1541 1543 1583 necessario
1576 1549 1777 1582 connexa-

150 1629 254 1661 rum.
289 1620 328 1658 et
361 1615 515 1657 lumine
540 1616 709 1656 rationis
740 1615 1017 1669 cognitarum,
1050 1612 1135 1654 sire
1153 1610 1350 1669 positivo,
1375 1623 1524 1666 nempe
1553 1608 1680 1652 libera
1705 1607 1777 1651 Dei

154 1687 362 1730 voluntate
397 1685 634 1728 bominibus
669 1686 859 1740 imposito
893 1682 1265 1740 supernaturaliter
1297 1682 1346 1725 ad
1382 1680 1618 1724 huiusmodi
1653 1680 1776 1722 tinem

146 1757 365 1811 ordinatis,
399 1755 518 1799 nulla
543 1754 809 1809 consuetudo,
847 1753 1093 1797 universalis
1129 1753 1193 1796 vel
1227 1752 1386 1796 facilius
1432 1750 1706 1808 particularis,
1739 1751 1777 1792 in

153 1830 267 1884 praxi
303 1832 466 1870 servata
502 1840 573 1882 per
606 1826 812 1883 quoslibet
847 1830 887 1868 et
921 1829 1258 1882 quantocumque
1292 1828 1492 1879 tempore,
1524 1826 1659 1878 polest
1699 1819 1778 1862 ali-

151 1904 358 1956 quatenus
391 1900 513 1941 etiam
551 1900 587 1939 in
625 1899 806 1939 minimis
839 1895 1045 1954 deroyare
1077 1895 1213 1953 quoad
1250 1907 1371 1938 unam
1411 1893 1472 1936 vel
1517 1892 1688 1936 alteram
1724 1891 1778 1934 le-

150 1983 246 2026 gem
281 1972 403 2012 etiam
438 1971 548 2012 circa
584 1967 796 2024 partialem
830 1970 919 2011 eius
946 1969 1043 2020 vim„
1076 1968 1172 2024 quia
1211 1981 1230 2005 «
1256 1965 1319 2008 lex
1345 1963 1544 2008 naturalis
1577 1968 1615 2006 et
1639 1963 1780 2006 divina

149 2040 399 2098 (quaelibet)
436 2040 619 2095 procedit
652 2052 672 2082 a
711 2039 921 2082 voluntate
953 2038 1095 2081 divina
1129 2042 1218 2094 (seu
1256 2052 1275 2077 ((
1302 2049 1323 2079 a
1360 2034 1592 2079 rationabili
1617 2033 1689 2077 Dei
1716 2047 1782 2076 vo-

153 2112 310 2155 luntate
334 2110 391 2167 »),
428 2111 535 2153 unde
568 2124 648 2153 non
685 2114 814 2166 potest
840 2112 988 2152 mutari
1015 2122 1086 2165 per
1109 2108 1454 2151 consuetudinem
1488 2105 1780 2162 procedentem

152 2195 178 2226 a
214 2182 423 2225 voluntate
457 2181 651 2235 bominis3
686 2182 756 2224 sed
792 2180 924 2224 solum
972 2193 1044 2236 per
1083 2181 1372 2223 auctoritatem
1412 2177 1598 2220 divinam
1632 2176 1782 2218 mutari

159 2258 335 2310 posset»
367 2253 392 2299 1,
427 2254 533 2296 sicut
566 2252 661 2308 Legi
698 2254 899 2308 positivae
947 2250 1069 2294 Test.i
1121 2249 1277 2293 Veteris
1325 2250 1496 2304 contigit
1533 2247 1669 2305 quoad
1705 2247 1783 2289 iuri

156 2324 332 2367 naturali
367 2323 647 2379 superaddita.
690 2322 755 2366 Sic
798 2325 907 2365 enim
942 2321 1172 2378 accipiatur
1204 2320 1313 2378 quod
1368 2319 1468 2362 dicit
1515 2318 1697 2361 Isidorus
1743 2319 1782 2359 in

153 2395 394 2452 ¹Synonimis
418 2393 454 2435 Ξ;
496 2393 643 2437 «Usus
676 2395 911 2436 auctoritati
944 2392 1089 2447 cedat;
1125 2403 1301 2448 pravum
1341 2403 1461 2433 usum
1506 2388 1569 2432 lex
1608 2392 1647 2431 et
1682 2389 1784 2430 ratio

160 2467 298 2508 vincat
320 2480 360 2509 )).

277 2535 480 2578 Effectum
516 2535 828 2578 consuetudinis
861 2539 1004 2577 contra
1028 2536 1090 2577 ius
1115 2535 1398 2590 praeexistens
1429 2533 1628 2587 scriptum
1647 2532 1705 2573 sic
1739 2528 1785 2571 li-

161 2609 275 2649 mitat
310 2619 562 2663 prosequens
596 2618 750 2648 canon:
783 2605 855 2647 secl
880 2619 1010 2662 neque
1038 2604 1126 2646 iuri
1157 2602 1438 2646 eeclesiastico
1472 2615 1542 2644 seu
1577 2614 1630 2644 ss.
1664 2612 1784 2643 cano-

160 2690 258 2720 num
293 2677 641 2734 decretorumque
674 2688 721 2719 ac
755 2676 1099 2719 consuetudinum
1137 2677 1238 2717 iuris
1273 2673 1525 2729 complexui,
1566 2668 1785 2729 praeiudi-

158 2747 271 2790 cium
304 2747 438 2804 quoad
475 2746 637 2790 illorum
674 2745 942 2802 multiplicem
980 2747 1062 2788 vim
1100 2744 1240 2802 affert,
1275 2744 1360 2787 nisi
1389 2742 1523 2801 faerit
1556 2741 1619 2784 his
1656 2739 1788 2784 tribus

227 2899 249 2932 d
279 2853 290 2874 1
318 2853 367 2887 D.
395 2852 467 2886 Th.
496 2852 583 2894 1-11,
614 2864 648 2897 q.
678 2851 836 2888 XCVII.
877 2862 910 2884 a.
948 2851 982 2891 3,
1010 2850 1057 2884 ad
1085 2853 1145 2884 1¹¹1.
1190 2871 1231 2875 —
1271 2850 1284 2871 '2
1310 2849 1395 2884 Lib.
1423 2848 1475 2892 ΙΙ,
1505 2858 1585 2891 cap.
1617 2847 1660 2880 16
1687 2845 1790 2879 circa

162 2911 223 2933 me
256 2927 262 2933 .
694 2927 698 2929 .
