1950 3313
161 163 226 197 178
661 160 745 193 Llss.
775 160 804 193 I.
835 179 846 184 —
874 160 1045 193 Normcze
1073 159 1271 203 qenerales

159 285 302 339 potius,
337 293 460 338 quam
493 284 606 322 certo
640 290 908 335 personarum
934 290 1158 334 rerumque
1182 276 1360 329 delectu,
1385 277 1619 334 petentibus
1643 278 1776 322 indul-

157 367 268 410 gere,
303 351 400 394 nibil
435 350 545 394 aliud
580 354 653 404 est,
686 361 809 406 quam
845 350 1068 405 unicuique
1092 348 1141 391 ad
1167 348 1280 404 leges
1301 348 1671 404 transgrediendas
1696 350 1782 393 adi-

157 430 241 467 tum
276 424 478 479 aperire...
515 419 633 473 Quod
668 422 699 463 si
735 432 886 475 urgens
921 421 1109 476 iustaque
1143 421 1259 474 rati0,
1292 424 1333 462 et
1367 421 1498 462 maior
1525 420 1775 478 quandoque

155 494 307 539 utilitas
341 492 623 549 postulaverit,
647 504 740 534 cum
765 489 972 547 aliquibus
995 489 1318 545 dispensandum
1345 503 1459 544 esse3
1493 491 1532 533 id
1567 503 1691 534 causa
1715 504 1778 534 co-

158 568 283 623 gnita,
314 577 361 607 ac
392 575 552 606 summa
587 563 837 615 maturitate,
870 566 994 617 atque
1016 561 1156 614 gratis,
1181 572 1203 603 a
1226 560 1573 618 quibuscumque,
1598 562 1647 605 ad
1673 574 1778 618 quos

159 638 405 693 dispensatio
441 633 672 690 pertinebit,
705 635 782 676 erit
815 631 1132 688 praestandum:
1166 630 1369 689 aliterque
1393 632 1498 675 facta
1522 632 1773 688 dispensatio

156 707 396 763 subreptitia
430 709 710 748 censeatur».
744 702 831 746 Hoc
874 702 1088 745 decretum
1139 701 1358 746 roboratur
1403 702 1479 746 bac
1517 702 1564 745 D.
1597 702 1780 747 Thomae

158 781 313 822 ratione
339 779 372 819 ¹:
413 777 496 820 «Si
530 780 666 818 autem
701 774 857 831 absque
889 773 966 816 hac
1001 776 1158 816 ratione
1192 773 1472 831 (deficientiae
1507 773 1609 830 legis
1643 777 1682 817 in
1716 787 1779 818 ca-

156 848 285 905 sibus)
322 861 392 903 pro
425 846 510 890 sola
556 845 765 889 voluntate
808 844 1014 887 licentiam
1063 843 1217 887 tribuat
1257 844 1344 900 (ille
1377 847 1445 901 qui
1479 844 1601 888 babet
1633 858 1780 901 regere

158 917 480 974 niultittulinem)
515 931 593 960 non
628 918 706 960 erit
739 915 871 958 tidelis
906 917 943 957 in
978 915 1300 971 dispensatione,
1319 920 1388 958 aut
1412 918 1490 958 erit
1513 916 1778 972 imprudens;

158 989 333 1033 intidelis
365 989 547 1046 quidem,
582 990 615 1031 si
658 1000 736 1030 non
784 985 907 1030 babet
951 988 1219 1029 intentionem
1265 986 1315 1029 ad
1357 985 1508 1029 bonum
1543 1000 1777 1042 commune,

158 1061 283 1118 (quod
318 1060 462 1103 saltem
497 1059 695 1102 indirecte
729 1060 843 1100 iuvet
876 1057 1171 1113 dispensatio);
1207 1057 1450 1113 imprudens
1482 1061 1634 1109 autem,
1659 1060 1691 1100 si
1716 1070 1780 1101 ra-

157 1134 307 1174 tionem
342 1129 604 1186 dispensandi
641 1132 823 1185 ignoret,
860 1133 1026 1184 propter
1068 1127 1176 1185 quod
1224 1126 1425 1170 Dominus
1468 1127 1568 1171 dicit
1591 1128 1627 1171 2:
1663 1125 1778 1183 Quis,

158 1207 286 1258 putas.
321 1206 380 1244 est
413 1200 546 1243 tidelis
578 1200 836 1255 dispensator
869 1203 909 1241 et
943 1198 1139 1254 prudens,
1171 1211 1294 1256 quem
1338 1200 1548 1242 constituit
1582 1198 1781 1242 Dominus

157 1286 280 1328 super
315 1271 510 1314 familiam
545 1270 690 1314 suam?
715 1286 734 1310 )>

274 1341 373 1386 Cum
410 1341 484 1384 bae
519 1343 695 1385 rationes
722 1343 802 1383 vim
830 1345 1002 1383 exerant
1035 1352 1134 1396 erga
1167 1352 1451 1396 quascumque
1486 1341 1587 1383 iuris
1611 1339 1779 1383 humani

158 1415 496 1471 dispensationes,
529 1412 777 1468 generaliter
811 1411 1055 1467 praescribit
1088 1425 1179 1454 ertit.
1214 1413 1289 1453 84.
1324 1413 1349 1464 g
1388 1411 1421 1452 1.
1455 1410 1487 1453 Α
1529 1410 1618 1467 leye
1655 1410 1778 1453 eecle-

158 1485 332 1527 siastira
368 1498 463 1527 vero
497 1483 578 1531 tali,
613 1486 701 1525 sive
735 1482 941 1539 generalis
963 1484 1015 1525 sit
1036 1484 1126 1525 sive
1155 1481 1394 1538 peculiaris,
1416 1495 1467 1524 ite
1498 1480 1780 1539 dispensetur,

159 1556 282 1613 idque
315 1555 499 1599 absolute
536 1559 696 1597 vetatur
728 1554 819 1596 sine
851 1553 965 1596 iusta
991 1557 1157 1610 propter
1182 1555 1488 1609 proportionem
1514 1555 1621 1595 inter
1646 1551 1777 1608 legem

158 1628 327 1683 eiusque
360 1626 721 1681 dispensationem,
754 1629 793 1666 et
815 1623 1067 1667 rationabili
1089 1637 1161 1667 seu
1186 1625 1355 1667 rationis
1379 1625 1586 1680 practicae
1609 1636 1657 1666 ac
1683 1636 1778 1679 pru-

158 1697 292 1740 dentis
325 1710 450 1738 caiisa
486 1695 572 1753 (seu
611 1695 799 1753 motivo),
833 1707 938 1752 quae
983 1694 1219 1738 declaratur
1262 1707 1340 1737 non
1385 1707 1551 1750 semper
1592 1693 1776 1737 eiusdem

160 1767 352 1825 ponderis
384 1768 536 1819 sutura,
565 1766 636 1809 sed
670 1765 813 1809 habita
844 1766 1013 1809 ratione
1044 1765 1275 1823 pravitatis
1309 1765 1414 1822 leyis
1446 1780 1471 1807 α
1504 1778 1585 1822 qua
1618 1763 1781 1822 dispen-

158 1844 280 1881 satur
312 1840 443 1894 magis
479 1837 540 1880 vel
577 1839 712 1880 minus
744 1838 992 1880 conserentis
1014 1837 1064 1880 ad
1090 1839 1322 1880 animarum
1348 1837 1716 1879 sanctificationem
1741 1840 1780 1878 et

158 1908 351 1952 socialem
387 1908 589 1960 ordinem,
622 1910 718 1964 quin
754 1911 940 1963 oporteat
964 1912 1007 1950 ut
1030 1909 1109 1949 iam
1135 1920 1184 1949 ex
1208 1908 1341 1962 seipsa
1374 1907 1683 1949 excusationem
1709 1907 1780 1947 tri-

161 1979 258 2023 buat
280 1965 527 2021 observandi
554 1978 708 2034 legem,
734 1978 845 2020 alias
868 1977 1047 2021 scilicet:
1075 1990 1153 2020 non
1183 1981 1348 2020 extante
1372 1988 1496 2019 causa
1518 1975 1781 2033 dispensatio

167 2062 231 2093 «a
266 2049 354 2105 lege
388 2048 707 2092 ecclesiastica»
746 2048 944 2107 qualibet,
969 2054 1012 2092 ut
1034 2061 1172 2105 supra,
1207 2047 1256 2090 ab
1289 2046 1507 2105 inferiore,
1537 2059 1660 2104 quam
1694 2049 1780 2103 ipse

163 2120 372 2177 legislator
390 2122 532 2163 eiusve
550 2133 777 2175 successor,
794 2119 910 2172 dala,
929 2122 1122 2178 quamvis
1140 2121 1380 2176 ceteroquin
1399 2122 1599 2175 potestate
1618 2118 1782 2174 dispen-

160 2191 275 2235 sandi
312 2191 508 2247 praedito,
543 2190 583 2247 a)
607 2190 774 2239 illicita,
810 2193 1001 2247 quamvis
1035 2190 1100 2234 illa
1126 2192 1164 2233 in
1200 2203 1319 2234 usum
1354 2203 1432 2232 non
1457 2189 1688 2232 deducatur
1709 2190 1780 2232 sit·

160 2275 240 2319 que
274 2261 409 2304 nullus
443 2261 641 2304 iuridicus
663 2266 779 2304 actus
801 2261 852 2305 ob
876 2261 1101 2305 clausulam
1129 2260 1171 2318 b)
1195 2266 1234 2304 et
1257 2259 1448 2303 invalida
1470 2264 1543 2303 est.
1577 2258 1661 2302 Nec
1689 2272 1782 2302 con-

160 2334 333 2376 trarium
357 2336 536 2375 statuere
560 2337 728 2387 possunt
759 2329 969 2376 Ordinarii
1004 2345 1100 2388 erga
1137 2334 1324 2388 proprias
1356 2332 1622 2375 dioecesanas
1655 2330 1780 2386 leges.

278 2402 467 2445 Attamen
494 2401 617 2445 (lubia
641 2407 734 2445 sunt
766 2403 989 2446 auferenda
1025 2405 1061 2445 in
1098 2402 1222 2446 rebus
1255 2400 1493 2456 moralibus,
1528 2405 1780 2458 quapropter

165 2475 306 2516 statuit
335 2473 363 2530 ξ
397 2474 431 2515 ⁶2.
472 2472 738 2530 Dispewsatio
776 2478 820 2516 ut
852 2475 890 2516 in
923 2472 970 2531 §⁰
1010 2473 1050 2515 1⁸
1082 2473 1125 2515 iii
1158 2472 1281 2516 dubio
1323 2474 1413 2516 sive
1456 2473 1557 2515 iuris
1600 2470 1652 2514 ob
1694 2484 1782 2514 sen-

165 2546 312 2586 tentias
345 2542 582 2597 Doctorum,
605 2545 693 2586 sive
719 2544 811 2586 facti
837 2543 957 2600 quale
979 2557 1143 2600 semper
1175 2545 1253 2591 erit
1284 2542 1335 2586 de
1356 2541 1606 2600 sufficientia
1629 2555 1782 2584 causae

165 2618 351 2670 respectu
388 2613 488 2669 legis
521 2614 820 2669 dispensandae
851 2614 893 2671 a)
916 2614 1031 2656 licite
1050 2614 1212 2671 petitur
1233 2627 1281 2657 eo
1305 2613 1413 2671 quod
1438 2618 1477 2656 et
1497 2617 1634 2670 potest
1669 2611 1710 2669 b)
1734 2611 1781 2655 li-

161 2684 242 2727 cite
273 2683 325 2727 ob
360 2686 414 2727 rei
451 2684 617 2727 moralis
650 2679 837 2728 naturam
863 2688 900 2740 cr)
924 2690 962 2727 et
985 2684 1124 2728 valide
1146 2684 1314 2728 comedi
1351 2688 1559 2728 annuente
1585 2695 1779 2739 supremo

163 2753 409 2810 legislatore,
436 2756 546 2798 iuxta
572 2754 669 2797 illud
695 2755 802 2811 quod
830 2757 866 2797 in
892 2767 980 2811 cap.
1011 2770 1029 2795 (‹
1051 2755 1327 2812 Praeposuit»
1357 2755 1379 2797 4
1407 2756 1465 2799 tit.
1495 2769 1515 2794 «
1538 2753 1590 2797 de
1613 2766 1778 2797 conces-

165 2826 282 2866 sione
318 2823 623 2867 Praebcndae...
646 2840 666 2865 ))
705 2824 789 2882 (lll,
825 2825 867 2881 8)
891 2827 947 2868 ait
969 2829 1165 2869 Summus
1190 2825 1371 2868 Pontilex
1398 2824 1534 2868 lnnoc.
1561 2823 1632 2867 lll:
1662 2839 1682 2864 «
1700 2822 1777 2877 Qui

285 2907 294 2926 ¹
323 2905 397 2938 I—II
423 2917 459 2950 q.
487 2905 646 2946 XCVII,
675 2917 707 2940 a.
737 2907 770 2947 4,
797 2917 897 2951 corp.
932 2927 975 2931 -
1001 2907 1014 2928 2
1040 2907 1131 2941 Luc.
1159 2906 1251 2947 XII,
1279 2907 1336 2941 42.
