1950 3313
121 142 191 176 318
492 140 578 173 Lm.
600 140 646 174 V.
667 160 680 166 -
700 140 811 175 PARS
828 141 899 176 III.
919 162 932 167 -
950 141 1008 177 De
1019 145 1159 187 poenis
1177 145 1220 177 in
1238 144 1380 178 delicta
1430 142 1522 178 Can.
1551 142 1760 178 2407-2409

123 263 248 303 mitur
280 259 593 316 adimplendum
629 260 796 316 quidem
831 273 853 303 a
892 266 1154 318 competente
1192 262 1415 319 Superiore
1458 262 1758 318 ecclesiastico,

121 336 160 374 el
191 329 313 374 simul
347 343 443 374 cum
476 329 571 373 illa:
606 329 663 373 ad
684 330 931 388 reparanda
954 330 1125 387 damna,
1149 345 1325 391 quorum
1352 334 1426 376 fuit
1450 345 1573 376 causa
1593 333 1754 389 efficax,

120 402 270 459 siqua
302 400 428 444 illata
461 400 560 453 sint,
598 401 905 459 compellatur:
949 405 1045 459 quia
1088 407 1173 446 tum
1219 405 1307 447 iure
1347 403 1541 457 naturali,
1584 408 1669 447 tum
1716 406 1757 447 vi

120 485 209 516 can.
245 472 371 527 2209,
406 474 431 524 ἓ
465 472 488 514 3
522 476 618 515 sunt
652 472 912 528 imputabilia
952 473 1101 518 eidem.

239 543 335 586 ⁶254.
363 546 412 588 ln
437 547 681 601 augentes
702 547 866 597 taxas,
890 546 968 590 vel
992 546 1124 590 ultra
1146 559 1233 591 eas
1256 547 1533 602 exigentes.
1556 570 1613 575 —-
1630 543 1753 588 Aliud

121 614 317 658 delictum
351 614 641 657 consideratur
675 616 713 657 in
749 614 997 659 officialibus
1030 614 1178 659 Curiae
1211 628 1259 659 ac
1294 618 1331 658 in
1369 616 1560 672 parochis
1595 629 1666 672 per
1688 629 1754 658 ca-

119 699 213 728 non.
247 686 387 728 2408.
430 683 566 728 Taoeas
599 690 820 728 consuetas
853 691 892 729 et
935 685 1122 744 leyitinie
1164 686 1420 745 approbatas
1462 686 1518 730 acl
1560 700 1759 729 normam

121 770 212 799 can.
246 758 366 800 1507
404 773 425 798 «
451 770 522 813 pro
560 759 685 800 variis
723 757 885 801 aclibus
928 757 1226 801 iurisdictionis
1273 758 1530 801 voluntariae
1578 757 1639 800 vel
1683 770 1760 814 pro

120 829 420 885 exsequutione
453 829 750 885 rescriptorum
785 829 903 872 Sedis
935 827 1198 885 Apostolicae
1226 828 1288 872 vel
1314 831 1530 872 occasione
1556 830 1756 871 ministra-

120 901 242 942 tionis
274 899 638 943 Sacramentorum
675 899 738 943 vel
781 899 1217 956 sacramentalium»,
1264 902 1381 958 (quas
1419 915 1441 941 ((
1465 901 1686 956 praelinire
1715 901 1754 942 in

119 974 202 1014 tota
235 969 516 1014 ecclesiastica
550 973 763 1027 provincia
797 971 1034 1022 solvendas,
1073 975 1134 1014 est
1174 970 1347 1015 Concilii
1381 970 1652 1028 provincialis
1685 975 1756 1014 aut

120 1046 350 1084 conventus
383 1040 682 1098 Episcoporum
719 1044 983 1098 provinciae,
1019 1041 1089 1085 sed
1134 1041 1244 1085 nulla
1290 1043 1329 1083 vi
1375 1042 1606 1098 praefinitio
1650 1042 1757 1084 eius-

122 1112 231 1155 modi
269 1112 405 1168 pollet,
440 1115 515 1156 nisi
553 1114 665 1169 prius
698 1125 720 1156 a
753 1113 859 1156 Sede
892 1112 1130 1170 Apostolica
1174 1112 1401 1169 approbata
1442 1113 1568 1155 fuerit
1591 1110 1652 1168 n),
1686 1125 1759 1153 an·

118 1187 277 1240 9entes,
310 1183 476 1240 quando
511 1185 822 1240 interrogantur
853 1183 904 1227 sle
939 1186 1036 1245 ipsis
1068 1184 1295 1238 solvendis,
1333 1182 1393 1226 vel
1428 1184 1654 1226 assertione
1687 1182 1758 1225 do-

123 1252 221 1307 losa,
255 1258 328 1296 aa!
362 1252 478 1296 altra
510 1267 581 1296 eas
605 1257 678 1297 etsi
706 1267 803 1297 vere
830 1254 1053 1310 patefactas
1076 1252 1243 1311 aliquid
1265 1253 1480 1310 eriyentes
1505 1266 1582 1296 non
1613 1257 1763 1309 sponte·

121 1323 319 1375 oblatum,
353 1324 552 1368 alterutro
587 1327 625 1368 in
659 1338 757 1368 0353
790 1329 832 1377 3)
848 1324 972 1382 yravi
1003 1324 1161 1368 mulcta
1190 1324 1444 1383 pecuniaria
1467 1329 1755 1378 coerceantur,

125 1397 235 1438 utin
271 1409 352 1453 quo
392 1401 618 1452 peccarunt
662 1399 899 1452 puniantur,
944 1409 1019 1439 300
1063 1395 1197 1439 simile
1241 1395 1337 1452 quid
1384 1399 1597 1449 attentent,
1645 1394 1753 1437 unde

124 1466 165 1523 b)
198 1472 237 1509 et
268 1466 445 1510 recidivi
484 1481 649 1511 «sensu
685 1470 786 1511 iuris*
811 1483 831 1509 ))
868 1472 973 1520 (033.
1009 1467 1136 1523 2208,
1169 1467 1196 1525 ξ
1235 1466 1272 1524 l)
1312 1466 1362 1509 ab
1406 1465 1545 1524 officio
1590 1468 1628 1508 in
1673 1478 1754 1523 quo

123 1540 412 1594 praevaricant
445 1538 762 1597 suspendantur
795 1538 857 1581 vet
889 1543 1198 1594 removeantur,
1238 1540 1364 1594 igitur
1410 1549 1539 1594 poena
1584 1540 1644 1580 est
1686 1536 1756 1579 de-

122 1610 339 1652 terminata
374 1615 413 1652 et
447 1612 726 1666 praeceptivis
773 1609 910 1653 verbis
952 1621 1162 1665 expressa,
1208 1609 1458 1652 disiunctive
1502 1612 1640 1651 autem
1677 1620 1756 1665 pro

122 1679 271 1735 calpae
299 1680 527 1737 qravitate,
551 1683 649 1739 quin
674 1694 724 1724 ex
750 1681 973 1738 praedictis
999 1683 1140 1737 poenis
1163 1679 1392 1724 liberentur
1414 1678 1465 1722 ab
1489 1677 1767 1735 adimplendo-

123 1753 210 1794 iure
244 1756 429 1807 naturae,
467 1752 575 1795 unde
615 1751 818 1796 subinfert
859 1764 1014 1795 canon:
1049 1750 1089 1808 c)
1126 1756 1300 1809 praeter
1321 1748 1760 1807 obliqationemresli-

124 1821 268 1865 {nendi
300 1822 409 1880 qaod
441 1823 598 1866 iniuste
624 1823 906 1881 perceperint,
942 1835 1035 1866 nam
1073 1827 1115 1865 ut
1147 1825 1204 1865 ait
1238 1821 1281 1865 D.
1316 1820 1390 1865 Th.
1410 1820 1437 1865 1;
1476 1822 1672 1863 «iustum
1698 1824 1759 1863 est

121 1892 285 1950 aliquod
321 1907 424 1950 opus
457 1894 735 1952 adaequatum
770 1893 887 1937 alteri
922 1893 1151 1937 secundum
1177 1892 1358 1949 aliquem
1384 1890 1646 1949 aequalitatis
1670 1904 1754 1933 mo-

122 1964 220 2007 duni
244 1979 265 2005 ))
304 1970 343 2008 et
377 1965 502 2008 infra:
542 1964 681 2008 «Alio
714 1965 837 2008 modo
871 1964 1026 2021 aliquid
1062 1968 1122 2006 est
1155 1963 1433 2020 adaequatum
1463 1961 1526 2004 vel
1551 1973 1769 2004 commen--

122 2039 306 2078 suratum
342 2035 459 2079 alteri
494 2050 542 2079 ex
578 2036 784 2089 condicto,
818 2037 907 2078 sive
941 2048 991 2078 ex
1030 2035 1242 2077 communi
1288 2033 1500 2089 placito»,
1546 2036 1586 2074 et
1629 2031 1755 2073 infra:

128 2105 251 2149 «alio
287 2106 407 2149 modo
440 2120 489 2150 ex
524 2106 716 2150 condicto
752 2105 929 2163 publico,
966 2110 1106 2162 puta...
1141 2117 1234 2148 cuin
1262 2104 1337 2147 lioc
1360 2103 1524 2146 ordinat
1549 2104 1755 2158 princeps,

124 2179 193 2234 qui
227 2190 369 2221 curam
406 2177 541 2234 populi
576 2177 712 2229 habet,
751 2182 790 2220 et
823 2179 912 2220 eius
938 2189 1155 2233 personam
1179 2176 1308 2232 gerit,
1343 2178 1384 2217 et
1416 2173 1494 2216 hoc
1517 2172 1670 2216 (licitur
1694 2174 1766 2214 ius

124 2247 214 2304 (503
248 2247 419 2306 iustum)
454 2250 677 2305 positivum
705 2264 753 2292 »1
788 2248 995 2292 obiectum
1031 2246 1199 2304 quidem
1225 2247 1406 2288 iustitiae
1429 2245 1754 2287 commutativae

123 2318 186 2374 (ut
219 2323 329 2376 patet
363 2321 400 2362 in
435 2324 511 2362 art.
547 2320 603 2375 10,
638 2324 677 2362 et
709 2332 748 2376 q,
782 2317 903 2362 LVlll
937 2323 1012 2361 art.
1049 2317 1136 2374 xl),
1170 2321 1209 2360 et
1242 2317 1360 2359 cuius
1396 2314 1563 2357 violatio
1596 2326 1767 2357 secum--

122 2389 199 2432 fert
231 2403 334 2433 onus
367 2391 639 2433 restitutionis
657 2391 685 2431 2.

243 2461 338 2504 255.
357 2463 566 2519 Propter
584 2463 866 2519 illegitimas
879 2463 1070 2506 litteras
1088 2459 1411 2504 dimissorias.
1426 2483 1477 2488 —
1498 2455 1597 2499 Can.
1612 2457 1752 2498 2409.

133 2530 325 2575 Vicarins
342 2531 598 2590 capitularis
631 2531 856 2575 concederes
880 2530 1049 2574 litteras
1082 2528 1351 2573 dimissorias
1373 2541 1450 2586 pro
1469 2525 1761 2581 ordinatione„

121 2605 315 2660 quamvis
347 2603 449 2647 haec
484 2616 562 2646 non
599 2603 853 2655 verificetur,
886 2601 1112 2645 dummodo
1146 2600 1195 2643 ad
1242 2598 1462 2642 ordinandi
1511 2601 1751 2654 potestatem

123 2675 402 2730 pervenerint,
436 2678 585 2716 contra
614 2672 940 2730 praescriptam
961 2685 1051 2714 can.
1086 2671 1194 2724 953,
1227 2672 1305 2723 §L
1340 2684 1379 2713 n.
1402 2670 1446 2719 3,
1480 2667 1659 2711 scilicet:
1685 2665 1752 2709 vel

122 2746 210 2787 sine
247 2743 461 2801 «Capituli
495 2757 738 2787 consensu»
781 2742 843 2786 vel
892 2745 1038 2784 «intra
1071 2753 1223 2784 annum
1250 2755 1270 2780 n
1318 2739 1441 2783 alicui
1476 2751 1554 2781 nou
1595 2741 1761 2780 arctato

243 2900 254 2921 1
282 2898 426 2932 11-1120.
456 2911 492 2944 q.
522 2897 644 2938 LVII,
672 2909 706 2931 a.
738 2897 786 2931 ΙΙ.
817 2916 859 2921 -
886 2895 899 2917 2
927 2894 970 2937 Q.
997 2894 1122 2938 LXII,
1151 2898 1224 2928 art.
1251 2893 1269 2927 I
1296 2897 1336 2927 et,
1363 2893 1413 2926 II.
