1950 3313
689 121 773 155 Tm
802 121 832 154 Ι.
861 141 873 146 -
900 121 956 155 De
983 123 1127 164 (essibus
1153 123 1278 156 eccles.
1753 123 1798 157 87

171 241 294 283 tilice.
328 254 349 282 a
383 239 565 282 Concilio
598 237 895 293 Oecuinoniro,
934 241 994 283 vei
1030 241 1081 283 al)
1116 240 1193 283 illis
1230 244 1296 285 55.
1336 241 1528 284 Romanis
1561 243 1794 298 Congrcga-

172 311 352 353 tionibus
384 310 547 367 quibus,
587 326 607 351 ((
633 325 704 367 pro
736 325 834 354 suae
868 315 1169 368 competentiae
1205 315 1393 368 negotiis,
1419 313 1516 355 uulli
1547 316 1625 355 sint
1650 315 1796 355 cousti-

170 383 244 423 tuti
282 383 475 424 territorii
512 381 722 427 limites»,
762 387 801 424 ut
835 382 1085 438 explicatum
1122 387 1181 425 cst
1227 385 1263 424 in
1309 383 1615 426 Commentario
1662 388 1796 426 textus

168 456 265 495 ante
298 464 386 495 can.
423 452 521 501 251,
559 451 620 495 vel
656 465 762 509 quae
795 458 887 495 sunt
924 452 1033 509 loges
1073 453 1323 508 personales,
1359 459 1567 499 tenentur,
1612 454 1793 497 conside-

170 528 257 565 rata
294 522 454 565 illarum
504 522 754 575 conditione,
806 522 952 580 ubique
992 528 1202 565 terrarum
1253 524 1609 581 qiialitei·‹·uin‹pio
1644 525 1794 581 degant

167 607 311 636 onmes
345 593 579 636 indistincte
615 596 719 635 inter
757 594 890 636 nitido
926 594 1148 650 baptizatos
1191 608 1239 636 ex
1290 608 1378 637 can.
1420 595 1481 639 ¹2.
1529 609 1606 652 pro
1651 594 1797 651 quibus

174 667 284 707 iuxta
321 664 481 707 illarum
520 669 703 707 tenorem
739 664 853 706 latae
895 671 992 707 sem!
1041 665 1242 719 singulae.

289 734 549 791 Quandoque
587 738 694 777 enim
743 735 805 777 lex
852 738 979 778 utitur
1027 735 1152 779 verbo
1192 751 1210 775 «
1236 749 1379 779 omncs
1414 736 1556 779 lidolcs
1582 755 1598 775 n
1654 750 1688 778 r.
1737 750 1796 792 gr.

168 820 263 850 can.
300 806 396 858 119,
441 809 618 850 «cuivis
663 806 794 849 tidelis
828 823 847 847 ))
886 813 926 849 ul
963 809 999 849 iu
1034 820 1124 849 cau.
1160 808 1258 860 905,
1296 810 1492 850 «nemini
1522 827 1537 846 »
1579 812 1619 850 ut
1655 810 1793 864 incipit

172 890 263 922 can.
300 878 396 932 857,
441 891 489 921 ac
534 882 646 929 tuuc,
692 880 765 919 nisi
812 891 882 934 per
916 880 1084 921 canonis
1122 877 1263 929 verba,
1306 878 1366 921 vel
1412 879 1581 921 alterius
1628 881 1797 921 canonis

172 952 427 1006 praescripto
477 951 790 1005 restringendus
837 952 887 992 sit
938 950 1038 1005 legis
1085 962 1242 1003 sensus,
1278 953 1337 991 est
1373 948 1449 991 lata
1493 949 1554 991 lex
1610 963 1680 1005 pro
1722 949 1798 991 illis

168 1023 240 1077 *qui
271 1023 534 1072 «septimum
570 1024 714 1064 aetatis
746 1033 899 1063 annum
934 1020 1256 1075 expleverunt»
1286 1019 1392 1075 (can.
1425 1019 1513 1075 12);
1550 1019 1798 1077 quandoque

167 1105 302 1136 canon
341 1106 377 1132 v,
412 1106 472 1148 gr.
509 1093 607 1145 859,
640 1094 664 1146 5
703 1092 737 1145 1,
762 1092 860 1143 906,
895 1090 1009 1133 addit
1047 1090 1187 1133 verbis
1225 1092 1403 1133 «omnis
1429 1092 1643 1147 utriusque
1676 1104 1800 1133 sexus

174 1162 307 1206 tidelis
330 1179 349 1204 ³>
392 1163 471 1206 alia
510 1168 772 1220 «postquam
808 1162 857 1204 ad
897 1175 1015 1204 usum
1054 1163 1222 1204 rationis
1274 1163 1510 1216 pervenerit
1538 1177 1575 1207 »,
1625 1174 1671 1203 ac
1706 1166 1800 1203 tunc

173 1234 237 1277 lex
272 1234 449 1291 amplior
482 1238 556 1288 est,
589 1236 685 1291 quia
729 1238 789 1276 est
839 1233 916 1276 lata
969 1245 1040 1288 pro
1089 1231 1171 1275 liis.
1198 1245 1378 1289 quoque,
1412 1233 1480 1288 qui
1537 1234 1798 1287 «septimum

166 1307 317 1348 aetatis
358 1317 513 1348 annum
554 1304 737 1347 nondum
781 1303 1059 1359 expleverunt
1084 1318 1131 1355 »ς
1184 1302 1352 1345 demum
1387 1302 1635 1359 quandoque
1669 1314 1799 1345 canon

165 1378 366 1432 exprimit
405 1377 685 1431 «coniuges»
726 1388 762 1415 v.
787 1387 847 1430 gr.
878 1372 988 1416 1128
1018 1391 1032 1410 «
1061 1375 1212 1416 coniux
1239 1375 1435 1416 innocens
1461 1389 1478 1411 2>
1521 1386 1558 1415 v.
1583 1386 1643 1429 gr.
1676 1372 1802 1418 11:30,

178 1451 456 1503 «parentes»
499 1460 535 1487 v.
575 1460 635 1502 gr.
672 1445 799 1499 1113,
849 1443 1142 1500 «parochus»
1196 1458 1232 1488 v.
1267 1457 1328 1500 gr.
1364 1443 1461 1491 470,
1511 1459 1530 1483 «
1554 1440 1802 1487 Ordinarius

172 1519 249 1561 loci
277 1534 295 1558 »
333 1530 425 1561 can.
457 1517 556 1566 472,
596 1516 826 1573 «Episcopi
849 1514 1133 1558 residentiales
1158 1531 1177 1555 »
1210 1528 1245 1558 v.
1264 1528 1324 1570 gr.
1345 1514 1441 1556 331.
1467 1530 1486 1554 «
1513 1514 1754 1558 Cardinales
1779 1532 1796 1554 »

177 1603 212 1633 v.
247 1602 309 1645 gr.
346 1589 443 1643 238,
477 1593 571 1643 etc.‚
605 1601 652 1632 ac
681 1586 833 1643 singuli
882 1585 958 1629 sub
1010 1585 1077 1628 illa
1126 1585 1462 1629 denominatione
1511 1587 1710 1641 expressi,
1756 1598 1802 1627 ac

173 1660 341 1703 forsitan
376 1672 455 1702 non
489 1672 632 1703 omnes
664 1658 716 1702 ob
751 1659 988 1701 restrictiva
1020 1655 1316 1714 subsequentia
1355 1655 1496 1710 verba,
1529 1655 1607 1698 illis
1630 1655 1803 1712 singulis

170 1729 404 1774 canonibus
442 1745 462 1770 ((
486 1734 736 1773 tenentur».

292 1801 398 1845 Hinc
418 1805 528 1858 patet
546 1800 747 1858 quasdam
767 1802 1118 1856 interpretationis
1138 1799 1302 1856 regulas
1325 1801 1464 1853 vigere
1486 1800 1523 1840 in
1547 1797 1622 1840 lioc
1646 1810 1802 1840 canone

175 1872 410 1930 implicitas.
447 1872 580 1915 Prima
613 1873 664 1914 sit
700 1870 971 1915 brocliardica
995 1885 1066 1914 seu
1091 1869 1331 1913 doctrinalis
1367 1870 1443 1911 iuri
1470 1870 1638 1925 antiquo
1665 1869 1800 1909 innixa

169 1949 213 1987 et
247 1946 285 1986 in
320 1956 368 1987 eo
401 1942 536 2001 quoad
571 1955 737 1985 sensum
772 1942 1009 1998 generalem
1044 1945 1254 1985 contenta:
1296 1955 1315 1980 «
1345 1938 1475 1982 Verba
1500 1938 1707 1995 generalia
1734 1951 1800 1994 ge-

174 2014 370 2058 neraliter
403 2016 426 2056 i.
460 2027 496 2056 e.
529 2015 617 2056 sine
649 2012 912 2055 distinctione
945 2018 1039 2055 sunt
1074 2010 1353 2067 intelligenda,
1379 2011 1455 2052 nisi
1490 2013 1655 2065 propter
1680 2007 1800 2051 aliam

170 2085 307 2142 legem
342 2085 682 2141 distinguatur».
718 2082 960 2127 Continetur
993 2085 1030 2125 in
1067 2095 1156 2138 cap.
1195 2081 1343 2136 «Quia
1378 2082 1487 2123 circa
1523 2096 1542 2121 ))
1595 2079 1647 2122 22
1696 2094 1715 2119 ((
1753 2078 1803 2121 de

176 2156 450 2214 privilegiis»
489 2154 554 2213 (V,
591 2154 678 2211 33),
714 2149 964 2212 additorque
998 2153 1153 2197 ibidem
1200 2154 1323 2196 ratio:
1364 2164 1502 2195 «cum
1551 2150 1648 2193 nillil
1685 2162 1804 2192 exce-

176 2229 293 2284 perit,
327 2232 366 2270 et
401 2228 579 2283 potuerit
612 2227 825 2281 excepisse
851 2242 889 2267 22.
925 2223 1070 2277 Quoad
1107 2224 1394 2279 exceptionem
1442 2221 1557 2264 adest
1607 2233 1690 2275 reg.
1734 2219 1802 2261 34.

173 2298 278 2342 Iuris
311 2301 350 2341 in
385 2298 452 2341 6⁰:
503 2295 701 2340 «Generi
753 2309 824 2352 per
871 2298 1054 2352 speciem
1088 2294 1376 2350 derogatur»,
1413 2296 1532 2348 prout
1569 2305 1604 2332 v.
1640 2305 1701 2346 gr.
1739 2290 1799 2333 lex

172 2369 426 2425 generaliter
459 2368 631 2425 loquens
664 2367 864 2410 limitatur
898 2379 969 2422 per
1002 2365 1124 2408 aliam
1165 2363 1400 2421 specialiter
1440 2362 1693 2419 loquentem,
1740 2360 1800 2403 rel

176 2453 255 2483 una
290 2439 355 2483 lex
389 2440 605 2496 distinguit
639 2438 853 2481 limitando
887 2437 1010 2481 aliam
1046 2435 1280 2479 indistincte
1313 2438 1577 2487 statuentem,
1612 2437 1651 2475 ut
1688 2433 1728 2473 lit
1764 2433 1800 2472 in

172 2523 266 2567 cap.
306 2526 325 2551 «
350 2510 556 2554 Statutum
581 2525 601 2551 ))
642 2510 695 2552 23
729 2509 780 2552 de
814 2508 1016 2552 electione
1059 2506 1106 2564 (l,
1143 2505 1186 2562 6)
1237 2507 1274 2547 in
1326 2505 1382 2548 6⁰.
1418 2529 1474 2535 --
1505 2502 1692 2547 Secunda
1727 2504 1801 2543 sit:

182 2596 202 2623 <c
228 2581 439 2624 indetinita
475 2580 660 2638 loquutio
693 2578 941 2636 aequipollet
968 2576 1191 2621 universali
1216 2592 1254 2620 ».
1291 2575 1359 2618 Est
1383 2575 1628 2625 communis,
1653 2577 1689 2615 ct
1716 2576 1798 2614 tun-

170 2653 298 2696 -datur
329 2654 434 2694 sicut
470 2650 735 2706 praecedens.
771 2649 1041 2704 intelligenda
1091 2660 1200 2701 vero7
1253 2646 1419 2703 quando
1469 2643 1606 2687 subest
1656 2642 1798 2685 eadem

177 2725 281 2766 ratio
316 2734 389 2777 pro
422 2721 614 2765 omnibus
646 2720 875 2764 individuis
897 2718 974 2762 sub
999 2718 1210 2761 indetinita
1241 2716 1444 2759 locutione
1479 2713 1799 2769 comprehensis.

176 2794 226 2837 Et
260 2792 489 2835 dillerentia
531 2790 748 2834 recolenda
793 2792 898 2832 inter
944 2789 1223 2845 loquutionem
1272 2785 1547 2828 universalem
1587 2797 1678 2825 cum
1718 2794 1788 2837 par

178 2863 307 2908 ticula
341 2861 475 2906 omm's
509 2866 547 2904 et
582 2861 839 2903 indefinitam
875 2859 1155 2916 loquutionem
1191 2862 1265 2910 est,
1298 2856 1407 2912 quod
1444 2855 1507 2897 illa
1542 2851 1807 2908 comprehen-
