1950 3313
134 138 180 171 80
645 137 729 170 LIB.
758 137 790 171 I.
820 156 832 162 -
859 137 1029 172 Normae
1051 139 1250 183 generales

134 258 220 312 quit
247 258 283 297 in
309 267 382 298 sua
405 253 565 298 Const.:
606 270 625 294 c(
651 254 946 311 promulgandi
973 256 1204 312 pontificias
1225 254 1548 300 Constitutiones
1581 269 1628 300 30
1655 256 1766 313 leges

132 339 210 368 non
238 326 344 368 idem
369 338 534 381 semper
556 325 735 368 decursu
760 327 958 382 temporis
982 327 1020 368 in
1044 325 1229 369 Ecclesia
1252 325 1454 370 catholica
1489 327 1563 370 1311
1587 327 1762 381 modus3

127 409 153 439 a
179 395 365 452 pluribus
398 400 534 439 tamen
567 395 746 439 saeculis
769 396 1027 440 consuetudo
1062 396 1250 452 invaluit,
1276 401 1319 440 ut
1341 409 1482 440 earum
1509 397 1765 454 exemplaria

131 466 293 523 publice
320 471 659 528 ‚proponerentur
690 466 1041 524 frequentioribus
1074 467 1324 525 quibusdam
1347 467 1470 512 Urbis
1505 468 1627 511 affixa
1652 468 1763 524 locis,

131 539 372 593 praesertim
407 537 457 580 ad
486 536 708 581 vaticanae
733 551 780 581 ac
806 537 1093 581 Lateranensis
1116 538 1315 582 Basilicae
1352 539 1508 582 valvas.
1543 536 1660 592 Quae
1693 551 1764 582 au-

129 614 208 652 tem
244 608 412 662 Romae,
439 613 649 665 tamquam
678 610 715 651 in
741 608 993 652 christianae
1027 608 1280 665 reipublicae
1314 614 1457 652 centro
1491 614 1530 652 et
1554 611 1765 653 communi

131 681 260 735 patria
311 679 510 727 1111011331,
547 678 926 735 promulgarentur,
968 691 1014 722 ea
1065 679 1219 737 ubique
1268 681 1452 736 gentium
1505 679 1766 736 promulgata

133 749 423 804 censebantur,
451 751 618 807 vimque.
653 749 754 807 legis
790 749 1025 806 plenissime
1059 749 1329 793 obtinebant:
1367 763 1510 793 verum
1544 763 1638 793 cum
1675 764 1766 807 pro-

137 820 386 877 mulgandae
421 820 522 877 legis
562 823 663 864 ratio
702 825 741 863 et
780 820 926 864 modus
968 834 990 864 a
1035 820 1284 878 legislatoris
1321 821 1532 866 voluntate
1577 821 1765 878 pendeat,

135 894 199 935 cui
235 894 442 948 integrum
466 896 525 934 est
548 893 792 935 constitutas
826 893 1026 935 innovare
1059 904 1106 935 ac
1143 892 1347 935 moderari
1383 893 1547 946 formas,
1579 891 1766 949 aliasque

135 976 207 1019 pro
243 968 475 1019 temporum
511 975 557 1006 ac
593 962 776 1006 locorum
821 965 1129 1019 opportunitate
1163 964 1378 1012 sufficere;
1421 963 1576 1006 idcirco
1609 964 1762 1006 sactum

134 1038 206 1079 031,
244 1039 298 1085 ut,
328 1036 528 1077 anteactis
563 1033 831 1090 temporibus,
857 1047 934 1077 non
970 1047 1114 1077 031303
1136 1033 1399 1090 Apostolicae
1422 1034 1538 1077 Sedis
1572 1033 1684 1089 leges
1717 1046 1765 1077 30

132 1103 466 1159 (10331113110303,
492 1109 719 1148 memorata
745 1105 888 1159 forma,
912 1104 989 1148 boc
1013 1110 1073 1148 est
1106 1107 1314 1148 consuetis
1337 1104 1459 1149 Urbis
1483 1104 1631 1147 affixae
1667 1103 1766 1148 locis

134 1175 509 1232 promulgarentur.
559 1175 791 1230 RecenHus,
837 1188 1050 1219 sacrarum
1097 1178 1339 1232 praesertim
1385 1176 1764 1232 Congregationum

134 1258 272 1301 opera,
298 1245 448 1302 quibus
473 1245 645 1288 Romani
673 1245 901 1300 Pontitices,
926 1246 974 1289 acl
1012 1245 1123 1302 leges
1157 1248 1236 1289 iam
1264 1245 1364 1289 latas
1397 1245 1674 1289 declarandas
1695 1250 1766 1289 aut

134 1317 182 1358 ad
220 1329 350 1359 novas
382 1317 704 1371 constituendas,
741 1316 975 1372 utebantur,
1003 1317 1039 1360 id
1067 1318 1152 1360 fere
1186 1319 1223 1359 in
1259 1317 1603 1360 consuetudinem
1640 1319 1767 1369 venit,

136 1392 177 1430 31
212 1392 300 1430 3013
335 1387 373 1430 S.
399 1386 517 1430 Sedis
549 1389 720 1444 eiusque
755 1387 935 1442 decreta,
971 1389 1008 1430 111
1044 1385 1192 1431 Officio
1226 1400 1247 1431 a
1281 1389 1453 1431 secretis
1487 1400 1506 1430 a
1543 1400 1623 1444 quo
1657 1387 1766 1430 edita

135 1463 268 1501 essent
295 1458 477 1513 legitima
511 1461 756 1501 auctoritate
783 1458 962 1514 vulgata,
983 1457 1059 1501 boc
1094 1461 1180 1514 ipso
1206 1457 1463 1515 promulgata
1500 1458 1765 1502 haberentur.

139 1529 292 1573 Publici
318 1531 376 1573 sic
412 1531 512 1572 iuris
544 1530 703 1583 effecta,
728 1529 907 1573 dubitari
933 1530 1099 1587 quidem
1126 1532 1281 1587 nequit,
1307 1532 1404 1587 quin
1434 1534 1522 1573 acta
1559 1532 1643 1586 ipsa
1679 1534 1765 1572 rata

136 1600 338 1657 firmaque
373 1605 524 1649 essent,
561 1605 647 1643 tum
681 1601 788 1657 quod
832 1600 1076 1658 plerumque
1111 1603 1266 1643 munita
1307 1599 1514 1651 clausulis.
1548 1601 1766 1643 contrariis

130 1669 353 1727 quibusvis
386 1670 700 1727 derogantibus,
732 1675 816 1713 tum
851 1671 960 1728 quod
1001 1671 1040 1713 id
1080 1683 1211 1727 genus
1250 1669 1526 1727 promulgatio
1558 1675 1662 1713 esset
1702 1669 1763 1713 vel

135 1754 329 1797 expresse
366 1741 427 1784 vel
465 1744 586 1784 tacite
620 1741 846 1798 approbata
871 1754 893 1785 3
919 1742 1115 1785 Ρο11111100
1140 1741 1331 1785 Maximo.
1366 1740 1472 1784 Huic
1507 1746 1641 1784 tamen
1677 1753 1765 1797 pro-

137 1812 347 1868 mulgandi
384 1814 530 1856 rationi
565 1815 639 1856 etsi
677 1812 793 1869 plena
832 1815 892 1855 vis
925 1818 1043 1867 esset,
1077 1812 1316 1855 solemnitas
1351 1811 1416 1855 illa
1451 1812 1607 1865 deerat,
1640 1823 1763 1869 quam

136 1895 207 1940 par
241 1889 299 1926 est
332 1896 553 1940 supremae
596 1886 853 1927 auctoritatis
897 1886 998 1927 actis
1041 1884 1255 1927 accedere.
1300 1882 1357 1926 Ea
1391 1883 1442 1926 de
1480 1896 1617 1933 causa,
1652 1895 1761 1926 com-

135 1954 272 2010 plures
296 1954 487 2011 Episcopi
523 1955 776 2011 ssagitarunt„
801 1959 843 1997 ut
866 1967 885 1997 a
911 1967 1102 2011 suprema
1130 1954 1338 1998 Ecclesiae
1372 1956 1617 1997 auctoritate
1649 1951 1765 1996 Com·

138 2027 383 2068 mentarium
412 2030 724 2081 proponeretur.
746 2028 783 2068 in
809 2038 890 2082 quo
915 2039 1048 2069 novae
1073 2025 1438 2082 promulgarentur
1461 2023 1765 2068 ecclesiasticae

137 2095 260 2152 leges,
294 2105 333 2138 01,
368 2096 628 2152 Apostolicae
661 2096 779 2140 Sedis
812 2103 901 2139 acta
931 2097 1213 2152 vulgarentur.

254 2165 409 2208 Harum
447 2166 675 2209 litterarum
706 2169 742 2208 vi
768 2167 897 2210 edixit
930 2166 1141 2222 (Summus
1167 2164 1369 2222 Pontifex)
1396 2171 1438 2208 ut
1467 2168 1632 2208 ineunte
1654 2177 1764 2208 anno

141 2236 247 2279 1909
282 2237 635 2280 Commentariun]
680 2236 855 2280 officiale
888 2237 939 2280 de
972 2237 1234 2294 Apostolicae
1267 2236 1383 2279 Sedis
1426 2238 1528 2279 actis
1570 2236 1765 2278 ederetur

139 2304 343 2349 Vaticanis
379 2309 485 2363 typis
509 2322 528 2347 ))
554 2306 580 2349 ¹.

255 2377 473 2433 Propterea
497 2377 597 2420 dicit
631 2391 722 2422 Can.
747 2380 789 2420 9.
823 2376 966 2435 Leqes,
999 2379 1088 2420 sive
1112 2376 1329 2433 generales
1360 2378 1450 2419 sive
1475 2375 1762 2432 particulares,

132 2452 168 2490 et
202 2447 277 2490 331)
311 2448 494 2505 qualibet
524 2450 765 2491 Documenti
801 2449 931 2491 forma
960 2462 996 2490 v.
1020 2461 1081 2503 gr.
1122 2463 1142 2488 ((
1165 2446 1487 2491 Constitutiones
1511 2447 1762 2502 pontificiae,

136 2517 322 2572 Decreta,
357 2518 520 2576 aliaque
552 2521 652 2562 scita
678 2534 697 2559 ))
737 2518 786 2561 ab
809 2518 1051 2577 Apostolica
1076 2517 1180 2561 Sede
1212 2518 1320 2575 (0311.
1345 2517 1389 2574 7)
1426 2530 1596 2574 nempe:
1637 2532 1657 2558 ((
1676 2521 1763 2559 13111

135 2588 413 2631 Romanorum
452 2588 694 2632 Pontiticum
730 2594 814 2632 tum
848 2591 1068 2632 §acrarum
1103 2588 1478 2644 Co‘ngregationum
1524 2592 1563 2630 et
1596 2584 1763 2631 Officio-

135 2671 222 2701 rum
249 2676 268 2699 »
304 2659 633 2716 promulyantur
667 2659 775 2702 illius
809 2661 1061 2716 praescripto
1090 2660 1394 2702 constitutionis
1422 2671 1500 2716 per
1532 2657 1758 2700 edicionem

134 2729 317 2773 scilicet:
357 2730 451 2772 «de
493 2730 685 2773 mandato
726 2730 898 2773 Praelati
932 2742 952 2772 a
991 2731 1176 2778 secretis,
1210 2734 1279 2772 aut
1319 2730 1485 2771 maioris
1525 2728 1757 2771 administri

254 2884 263 2904 1
292 2883 336 2916 *29
365 2882 470 2926 Sept.
506 2883 605 2916 1908.
637 2882 712 2917 CO.
743 2883 771 2916 I.
803 2884 835 2917 5.
