1950 3313
522 149 605 184 ΤιΤ.
634 149 759 184 XVII.
791 171 801 176 —
829 152 885 185 De
911 154 984 187 del.
1014 165 1044 188 ο.
1066 156 1177 198 obligs.
1199 158 1288 190 stat.
1309 157 1397 190 cler.

1708 160 1777 193 293

148 266 191 303 ab
224 265 412 302 Ordinatio
451 270 648 302 coerceatur
685 267 726 302 ad
767 278 926 304 normam

151 325 228 349 ean.
256 311 471 348 2182-2185.

197 359 281 396 Cm.
309 358 413 396 2383.
441 382 458 387 -
480 360 652 396 Paroehus
671 361 728 406 qui
760 363 925 407 paroecia-

152 407 199 443 les
227 408 332 443 libros
357 408 555 453 diligenter,
580 408 623 442 ad
652 419 809 443 normam
833 409 925 450 iuris,

151 466 220 490 non
248 455 493 501 conscripserit
509 460 569 490 aut
587 457 787 495 servaverit,
816 468 835 491 a
853 468 927 503 pro-

152 503 225 548 prio
253 502 441 538 ordinario
460 513 520 548 pro
537 502 706 547 gravitate
730 503 850 549 culpae
872 516 927 549 pu-

151 549 279 585 niatur.

195 597 279 632 CAN.
309 594 413 631 2384.
445 617 461 622 -
491 595 707 632 Canonieum
729 597 925 640 theologum

144 648 175 679 et
206 643 512 690 poenitentiarium
540 643 575 678 in
610 644 682 679 suis
723 645 927 680 muneribus

1001 270 1171 305 obeundis
1199 271 1423 315 negligentes,
1445 272 1630 319 Episcopus
1655 275 1778 319 grada-

1002 317 1062 351 tim
1090 319 1274 364 compellat
1303 320 1565 358 monitionibus,
1587 322 1777 356 commina-

1002 364 1094 399 tione
1111 376 1314 411 poeuarum,
1340 367 1591 402 substractione
1613 369 1778 414 portionis

1004 412 1175 447 fructuum
1207 413 1246 446 iis
1272 414 1506 458 assignandae
1543 416 1600 460 qni
1640 416 1776 450 illorum

1003 459 1092 493 vices
1119 460 1324 505 suppleant:
1353 466 1383 495 et
1414 462 1620 506 perdurante
1649 474 1706 508 per
1729 464 1779 497 in-

1002 510 1134 549 tegrum
1163 519 1296 541 annum
1326 508 1535 551 negligentia
1566 514 1638 554 post
1667 511 1776 544 moni-

1003 553 1145 595 tionem,
1180 555 1406 599 suspensione
1444 567 1464 590 a
1503 556 1668 591 benetieio
1711 558 1778 603 ple-

1001 604 1092 641 etat3
1120 602 1332 645 negligentia,
1359 613 1436 637 vero
1465 604 1628 648 producta
1658 615 1715 649 per
1740 616 1776 639 a·

1003 646 1072 681 liud
1100 653 1276 685 semestre.
1308 649 1379 694 ipso
1401 649 1566 685 benetieio
1584 653 1702 696 privet.

930 774 973 779 --
998 754 1109 798 quoad
1138 765 1282 789 examen
1310 756 1464 791 annuale
1492 762 1565 802 post

668 820 711 824 —
750 798 874 835 Sacer·
924 802 925 843 i
952 801 1163 836 curriculum
1192 802 1384 837 studiorum
1570 805 1655 839 (ian.
1686 804 1775 839 2:376

689 847 809 882 dotum
867 867 910 872 —

932 916 970 920 —
998 896 1110 940 quoad
1139 896 1370 932 conferentias
1398 898 1446 930 vel
1475 898 1563 933 solu-

948 942 1077 978 tionem
1105 954 1205 978 easus
1232 944 1372 980 moralis
1618 960 1630 977 »
1684 946 1775 981 2377

927 1057 968 1061 -
997 1037 1166 1072 maiorum
1196 1039 1306 1083 quoad
1336 1038 1422 1073 ritus
1441 1043 1472 1073 et
1491 1049 1564 1074 eae-

950 1085 1124 1120 remonias
1616 1100 1630 1118 ›>
1687 1086 1775 1123 2:378

924 1199 968 1203 -—
994 1179 1087 1214 cirea
1114 1179 1270 1214 habitum
1291 1181 1562 1216 ecclesiasticum

665 1246 706 1251 —
733 1225 878 1261 clerieo-
947 1230 978 1261 et
1006 1231 1184 1262 tonsuram
1617 1244 1630 1260 ι)
1685 1229 1774 1265 2379

687 1284 764 1308 rum
864 1293 907 1298 —-

928 1342 965 1345 —
995 1321 1046 1357 vel
1075 1322 1312 1367 religiosorum
1344 1334 1401 1368 per
1437 1334 1565 1359 merea·
1762 1370 1765 1371 ⁷

947 1374 1060 1404 turam
1090 1370 1140 1405 vel
1168 1370 1439 1415 negotiationem
1615 1385 1628 1403 n
1684 1370 1773 1405 2380

430 1433 478 1448 i-
514 1414 613 1450 eleri-

457 1461 542 1497 calis
602 1483 644 1487 —
925 1484 965 1488 —-
985 1463 1096 1499 otlieia
1109 1463 1343 1500 obtinentium
1365 1476 1444 1499 eum
1459 1476 1563 1501 onere

141 1505 277 1542 Titulus
304 1507 393 1544 xvii
944 1511 1153 1547 residentiae
1614 1526 1628 1544 »
1683 1511 1768 1547 2381

164 1553 210 1589 De
234 1554 370 1592 delictis

203 1607 324 1638 contra
663 1626 698 1630 —
721 1605 883 1652 parocho·
916 1626 965 1649 i—
994 1611 1132 1652 propter
1149 1617 1288 1651 gravem
1311 1606 1559 1652 negligentiam
1612 1622 1626 1639 »
1681 1607 1772 1642 ’2382

149 1647 380 1694 obligationes
683 1663 761 1688 rum
861 1673 891 1677 -r
915 1650 918 1716 l

186 1696 342 1742 proprias
920 1721 963 1725 —
990 1701 1082 1735 eirca
1110 1700 1319 1745 paroeciales
1349 1700 1453 1735 libros
1479 1712 1560 1736 con-

209 1746 346 1779 status1
374 1767 415 1771 —
514 1745 565 1780 vel
944 1748 1147 1783 scribendos
1173 1752 1233 1782 aut
1259 1748 1448 1783 servandos
1612 1762 1625 1779 »
1680 1746 1770 1783 2383

662 1860 702 1866 —
737 1841 987 1876 canonicorum
1029 1841 1176 1886 theologi
1221 1846 1255 1877 et
1299 1842 1555 1888 poenitentiarii
1735 1888 1738 1889 ⁷

682 1888 794 1934 quoad
823 1899 968 1924 munera
995 1888 1156 1924 obeunda
1613 1903 1625 1921 ι)
1680 1888 1770 1924 2384

659 2003 700 2008 —
744 1981 778 2016 in
819 1992 876 2018 se-
912 2003 959 2019 .——
991 1993 1049 2029 per
1073 1983 1285 2029 apostasiam
1611 1997 1625 2014 n
1679 1982 1770 2018 2385

650 2008 654 2079 l
681 2029 754 2076 ipso
859 2050 901 2055 -

652 2084 653 2121 t
920 2098 960 2102 ·—
991 2088 1049 2123 per
1077 2077 1192 2123 fugam
1607 2091 1620 2109 ι)
1675 2075 1767 2112 2386

432 2144 476 2148 -
521 2124 606 2159 reli-
652 2135 653 2162 i
851 2155 855 2160 ᾗ

453 2170 538 2216 giosi
597 2169 700 2237 —j—
726 2172 762 2206 in
793 2172 1005 2218 professione
1043 2172 1085 2207 ob
1123 2172 1317 2207 admissum
1353 2172 1470 2208 dolum
1500 2173 1555 2208 de-

650 2247 653 2310 .
678 2219 809 2255 clarata
834 2219 932 2255 nulla
1608 2233 1623 2252 »
1678 2217 1768 2254 2387

650 2312 653 2375 l
911 2334 961 2341 --—
983 2312 1153 2348 castitatis
1174 2318 1376 2359 perpetuum
1400 2324 1458 2360 per
1475 2324 1555 2349 eon-

656 2381 699 2386 —
734 2360 777 2396 ob
814 2371 875 2396 vo-
940 2365 1089 2396 tractum
1119 2360 1382 2396 matrimonium
1609 2375 1622 2392 »
1678 2358 1768 2394 2:388

630 2449 631 2453 Ἰ
678 2412 752 2443 tum
856 2428 900 2433 --

918 2477 959 2481 -
989 2456 1202 2502 paupertatis
1240 2467 1298 2502 per
1334 2456 1555 2491 violationem

939 2503 973 2537 in
1004 2514 1039 2538 re
1068 2503 1210 2538 notabili
1609 2518 1622 2534 »
1677 2501 1767 2537 2:389

252 2618 349 2662 218.
385 2622 641 2678 Inscriptio
673 2623 799 2668 tituli
833 2625 882 2668 et
914 2636 1155 2668 canonum
1189 2624 1327 2668 ordo.
1353 2647 1403 2652 —
1435 2621 1490 2664 De
1523 2621 1687 2663 delictis
1712 2621 1761 2663 ad

131 2701 319 2733 normam
353 2701 443 2735 ean.
479 2691 607 2746 2195,
642 2692 705 2746 §l
743 2698 891 2735 eontra
915 2692 1193 2748 oblz'qctli'ones
1223 2692 1425 2749 proprias
1449 2697 1584 2733 malus
1617 2691 1657 2747 a)
1684 2690 1761 2733 ele-

129 2758 279 2802 ricalis
322 2760 373 2803 (le
420 2759 571 2816 quibus
618 2767 756 2805 actum
792 2767 852 2806 est
887 2764 924 2805 in
960 2761 1056 2805 Tit.0
1094 2761 1139 2804 ΙΙΙ
1179 2761 1278 2805 Lib.i
1316 2762 1359 2809 ΙΙ,
1397 2761 1438 2818 b)
1473 2767 1510 2803 et
1547 2760 1767 2816 reliqimi:

254 2890 265 2911 ¹
296 2889 394 2924 Vide
421 2901 590 2924 canones
616 2890 657 2924 in
684 2902 800 2936 pagg.
827 2891 910 2934 292,
939 2891 1019 2925 300.
