1950 3313
712 397 1282 465 IN'rRoDUOUo

466 530 554 583 IN
603 530 772 584 Hoc
821 530 1520 589 COMMENTARIUM

641 906 786 958 Iuris
825 907 1028 959 breves
1067 908 1342 960 notiones.

296 1047 329 1089 i.
353 1048 473 1093 luris
496 1047 799 1103 significatio
839 1049 1187 1104 etymologica.
1213 1073 1263 1078 —
1285 1047 1447 1091 initium
1473 1050 1719 1092 sumendum
1742 1055 1799 1093 est

164 1130 192 1160 a
227 1117 572 1161 determinatione
606 1116 770 1162 obiecti.
805 1120 927 1161 cuius
975 1118 1111 1161 studio
1152 1119 1415 1162 intendimus.
1468 1119 1513 1163 Et
1552 1123 1681 1176 primo
1722 1124 1807 1178 qui-

164 1188 264 1231 dem
302 1187 621 1245 perpendendae
659 1193 753 1232 sunt
798 1188 989 1232 diversae
1038 1189 1230 1233 vocabuli
1278 1190 1341 1232 ius
1385 1193 1724 1247 significationes,
1756 1205 1801 1235 ac

171 1263 311 1315 postea
354 1271 499 1303 earum
547 1261 795 1316 praecipuae
838 1259 1080 1303 divisiones.
1114 1261 1259 1303 Statim
1295 1274 1384 1303 sese
1420 1260 1535 1304 nobis
1568 1263 1685 1304 oil'ert
1723 1261 1805 1305 ni).

167 1329 448 1386 discrepantia
473 1330 609 1388 quoad
645 1332 772 1386 ipsius
799 1330 912 1374 verbi
947 1330 1257 1387 etymologiam.
1292 1329 1487 1384 Quinimo
1513 1335 1622 1375 iuxta
1648 1333 1806 1390 aliquos

164 1399 269 1443 illud
299 1400 547 1445 vocabulum
573 1415 651 1445 non
671 1407 729 1444 est
749 1401 999 1449 derivatum
1021 1415 1068 1445 eo
1089 1402 1197 1459 quod
1218 1402 1448 1459 simplicius
1470 1403 1605 1446 verbis
1631 1403 1797 1457 iuslam,

165 1471 338 1515 inslitia
371 1476 410 1515 et
442 1472 648 1517 similibus
682 1475 933 1516 inveniatur.
971 1473 1082 1517 Haec
1118 1476 1221 1517 ratio
1259 1486 1356 1517 vera
1391 1474 1556 1531 quidem
1593 1480 1714 1531 atque
1748 1476 1803 1517 ei-

166 1544 290 1596 iicax,
324 1545 355 1586 si
402 1543 673 1600 phonologice
717 1549 822 1587 esset
867 1547 1054 1602 quaestio
1083 1544 1300 1598 solvenda,
1337 1558 1414 1587 non
1465 1545 1628 1588 videtur
1662 1550 1796 1588 tamen

164 1627 339 1670 cogens,
378 1616 410 1657 si
454 1614 767 1658 consideremus
811 1614 974 1658 illorum
1017 1614 1240 1659 verborum
1282 1629 1471 1669 sensum;
1520 1621 1802 1659 verumtamen

165 1689 229 1727 est
263 1683 450 1728 absolute
485 1684 703 1742 philologis
736 1685 1080 1743 derelinquenda.

290 1755 352 1798 Ad
389 1756 706 1811 perpendandas
743 1770 839 1799 vero
876 1759 976 1800 iuris
1008 1759 1334 1814 significationes
1359 1757 1562 1807 diversas,
1588 1757 1684 1801 iilud
1715 1771 1804 1801 ver-

167 1825 269 1869 bum
304 1828 576 1883 supponimus
611 1829 648 1870 in
685 1829 843 1870 ratione
866 1829 974 1884 signi
999 1828 1237 1871 derivatum
1272 1829 1502 1872 secundum
1538 1842 1678 1871 eorum
1713 1842 1803 1871 sen-

166 1900 356 1945 tentiam,
380 1897 630 1954 quibuscum
664 1900 785 1941 sentit
821 1898 1073 1942 isidorus-in
1108 1913 1143 1943 c.
1183 1903 1282 1943 «ius
1314 1900 1540 1956 generale»
1581 1900 1602 1942 ¹.)
1638 1898 1734 1942 Dist.
1763 1899 1806 1954 Ι.,

170 1967 238 2011 ubi
275 1968 426 2025 legitur
465 1983 484 2009 (c
506 1971 566 2012 ius
605 1973 741 2012 autem
782 1975 841 2012 est
880 1970 1052 2021 dictum,
1087 1972 1183 2023 quia
1231 1973 1381 2014 iustum
1427 1976 1539 2013 est.»
1577 1971 1706 2026 Supra
1743 1972 1800 2012 in-

166 2041 336 2082 nuimus
371 2052 449 2082 non
484 2053 572 2083 esse
607 2053 700 2083 cum
739 2040 893 2083 isidoro
927 2041 1177 2084 concordem
1203 2041 1285 2086 Di).
1313 2043 1564 2097 opinionem,
1587 2041 1653 2084 alii
1690 2043 1796 2083 enini

164 2109 326 2167 absque
360 2113 479 2167 gravi
517 2113 672 2154 ratione
706 2111 772 2153 im·
796 2111 876 2163 dici
904 2117 1047 2168 putant
1085 2112 1145 2155 vel
1182 2124 1203 2155 a
1240 2115 1542 2169 praepositione
1578 2112 1710 2165 ι’(ω-Ιιι,
1740 2111 1801 2154 vel

164 2192 190 2223 a
238 2181 364 2225 verbo
410 2181 516 2236 anco,
551 2196 612 2233 as,
646 2195 734 2233 are,
771 2182 832 2225 vei
880 2196 951 2239 per
996 2182 1256 2226 metathesim
1300 2196 1322 2226 a
1357 2185 1521 2226 nomine
1563 2183 1632 2225 ris.
1670 2183 1801 2238 Atque

164 2253 338 2308 insuper
370 2252 569 2309 Ulpianus
603 2252 902 2296 rationabiliter
925 2253 1213 2296 denominavit
1247 2256 1308 2297 ius
1341 2266 1361 2297 a
1399 2253 1577 2307 iustitia,
1608 2253 1667 2296 vel
1705 2258 1805 2294 tam-

163 2334 291 2379 quam
336 2323 544 2366 obiectum
592 2326 798 2380 potentiae
839 2323 1058 2367 habitusve
1096 2337 1118 2367 a
1157 2337 1238 2381 qua
1280 2324 1341 2368 vei
1383 2337 1404 2367 a
1447 2338 1527 2381 quo
1569 2325 1805 2379 respicitur,

163 2392 522 2448 quemadmodum
555 2394 700 2438 scibile
733 2394 785 2438 ab
823 2397 1007 2449 scientia,
1047 2394 1209 2438 visibile
1248 2408 1269 2438 a
1315 2397 1403 2438 visu
1444 2396 1700 2444 nominatur;
1740 2393 1800 2435 vel

170 2462 318 2506 melius
351 2464 619 2508 considerans
653 2464 752 2508 iilud
787 2467 893 2509 sicut
927 2470 1058 2508 artem
1097 2465 1159 2509 vel
1195 2468 1411 2509 scientiam
1445 2478 1467 2508 a
1490 2478 1563 2507 suo
1590 2466 1682 2511 line,
1707 2476 1799 2505 cum

167 2535 280 2576 enim
316 2533 506 2578 laudatus
539 2535 858 2579 Iurisconsultus
894 2539 930 2579 in
957 2536 1101 2579 eodem
1129 2541 1242 2579 textu
1266 2537 1276 2557 ¹
1315 2535 1382 2578 las
1407 2535 1594 2578 deliniat:
1618 2533 1723 2590 quod
1749 2535 1796 2575 sit

164 2617 241 2646 ars
275 2603 371 2647 boni
403 2610 441 2647 et
475 2606 612 2663 aequi,
645 2611 756 2650 certe
792 2608 853 2650 ius
888 2607 1041 2651 ibidem
1079 2620 1150 2663 pro
1184 2608 1354 2650 scicntia
1393 2608 1491 2647 iuris
1524 2606 1685 2659 accipit.

293 2675 329 2717 2.
367 2677 672 2734 Praecipuae
714 2680 833 2724 iuris
872 2679 1284 2735 significationes.
1322 2702 1373 2706 —
1416 2679 1522 2719 ilaec
1566 2688 1662 2716 vero
1703 2676 1800 2715 iuris·

164 2746 418 2801 significatio
452 2749 526 2789 etsi
564 2760 675 2801 vera,
711 2761 789 2791 non
830 2753 890 2792 est
928 2753 1063 2792 tamen
1105 2750 1223 2790 unica
1265 2752 1300 2790 et
1343 2746 1560 2803 nequidem
1604 2746 1798 2800 primaria

292 2898 375 2932 11).
406 2899 492 2933 Lib.
526 2899 558 2936 I.
592 2901 655 2937 tit.
690 2901 720 2942 Ι,
759 2901 783 2935 l..
825 2903 840 2935 l
879 2902 918 2935 in
955 2901 1163 2945 principio.

256 2977 349 3005 BLAT
374 2992 392 2998 -
419 2976 542 3005 Corum.
575 2978 655 3006 Text.
685 2978 760 3009 God.
786 2978 855 3007 Iun.
882 2980 967 3007 Can.
1701 2975 1708 2999 Ῑ
