1950 3313
67 170 162 206 Can.
189 169 283 204 2219
474 170 556 204 ΤιΤ.
583 170 648 205 IV.
675 191 686 195 -
714 171 770 205 De
792 183 1007 216 poenarum
1039 177 1191 208 noliwze
1217 177 1285 207 etc.
1648 174 1691 207 55

69 294 239 348 excepto
272 303 372 332 casu
406 288 710 346 appellationi-s·
751 294 912 346 proprie
956 293 1104 345 dietae,
1140 295 1392 350 proindeque
1440 307 1460 335 a
1511 292 1690 335 iudiciali

68 362 288 415 sententia,
325 360 491 417 quando
526 359 566 401 ιή
602 361 844 416 suspensivo
878 363 1024 405 ellectu
1059 364 1278 419 appellatio
1311 365 1461 405 alliciat
1496 365 1606 405 iuxta
1639 377 1691 405 ss.

71 429 155 475 Lib.
191 429 242 473 tv
272 442 452 474 canones
484 433 748 472 sententiam.

187 500 289 545 Cum
323 514 374 544 ss.
408 512 588 544 canones
620 503 697 543 sint
735 503 1031 558 interpretandi
1068 505 1376 557 rationabiliter,
1412 519 1460 547 nc
1493 505 1690 547 absonum

69 572 169 630 quid
204 575 414 629 sequatur,
452 570 559 613 unde
596 571 759 626 profluit
807 572 946 627 regula
993 576 1114 615 iuris:
1155 591 1172 612 «
1201 575 1271 618 [sbi
1307 577 1448 617 vadem
1485 581 1544 618 est
1579 578 1693 618 ratio,

70 643 217 687 eadem
252 641 376 685 debet
409 654 497 684 esse
532 640 634 697 legis
667 641 943 697 dispositio»,
978 649 1100 700 atque
1139 661 1159 685 «
1183 646 1232 687 de
1266 646 1469 688 similibus
1504 646 1608 689 idem
1635 651 1692 688 est

72 714 272 757 iudicium
296 728 337 767 »,
371 711 517 755 fallunt
550 711 627 755 liae
662 712 829 768 regulae
865 716 901 756 in
939 718 1106 758 materia
1145 716 1317 770 poenali,
1341 731 1387 758 eo
1411 718 1518 773 quod
1551 734 1567 756 (ι
1588 717 1692 758 (lilia

73 786 266 840 restringi
300 785 539 827 convenit»
580 785 692 825 iuxta
729 798 813 839 reg.
850 787 949 827 iuris
979 786 1026 827 135
1058 788 1094 827 in
1122 786 1177 828 (5⁰.
1212 788 1275 828 Sir
1309 790 1414 829 enim
1453 787 1696 841 legislatoris

75 855 329 899 voluntatem
365 853 507 910 pandit
539 856 564 908 ἓ
594 854 637 897 3.
662 852 753 898 Non
789 853 885 897 lice!
919 857 1129 911 Superiori
1164 870 1210 899 ac
1246 857 1368 899 iudi‹·i
1403 857 1696 907 ‹Ji-‹flifsiastird

70 931 111 969 et
143 929 447 982 consequenter
470 923 703 967 abstineant
726 930 1086 982 commentatores,
1109 940 1282 982 poenam
1309 927 1532 983 quamlibet
1567 927 1696 969 ercle-

72 998 280 1040 siasticam
316 995 407 1052 lege
439 1000 635 1038 statutam
669 994 710 1047 a)
743 994 793 1037 de
823 1009 1008 1052 persona
1041 996 1093 1039 mi
1139 1002 1251 1039 certo
1295 1011 1487 1053 expressa
1521 997 1574 1039 ad
1604 1011 1697 1054 per-

70 1080 221 1111 Sonam
244 1065 369 1110 dubie
393 1070 464 1109 aut
486 1071 598 1109 certo
624 1079 702 1108 non
727 1066 1086 1122 comprehensam,
1115 1066 1154 1123 l))
1192 1067 1251 1109 rel
1274 1066 1324 1109 (le
1347 1082 1444 1109 msa
1471 1082 1541 1123 per
1566 1067 1695 1123 legem

75 1137 288 1195 poenalem
323 1141 434 1181 certe
469 1137 666 1180 mulctato
700 1136 756 1179 ad
787 1151 926 1179 casum
955 1137 1079 1181 dubie
1103 1142 1171 1180 aut
1196 1142 1307 1181 certo
1341 1138 1574 1180 exsrlusum
1604 1152 1699 1195 pro-

72 1208 225 1253 ducere
248 1210 589 1264 interpretatione
612 1210 843 1261 extensiva,
868 1209 1056 1265 qzaznim's
1087 1222 1169 1266 par
1193 1208 1303 1250 adsit
1330 1209 1440 1251 ratio
1466 1211 1501 1250 in
1530 1214 1699 1265 utraqu«¹

75 1292 248 1336 persona
284 1278 349 1321 vel
373 1291 486 1332 casu,
506 1283 674 1335 propter
697 1292 819 1336 quam
848 1281 1003 1335 punitio
1028 1282 1279 1334 exigeretur.
1300 1279 1380 1321 imo
1402 1279 1576 1334 ‚sp-avim·
1600 1281 1700 1321 ratio

74 1351 142 1394 illa
166 1350 504 1407 deprehendatur
527 1353 565 1393 in
592 1352 895 1406 praetermissis
920 1364 991 1406 per
1016 1350 1146 1406 legem
1173 1363 1268 1393 casu
1294 1355 1361 1393 aut
1387 1363 1570 1406 persona.
1598 1349 1699 1392 Hinr

75 1435 151 1466 nec
185 1424 222 1464 in
257 1423 469 1475 connexis,
505 1435 579 1465 nec
614 1424 652 1464 in
687 1423 980 1478 aequiparans,
1017 1435 1090 1464 nec
1127 1423 1163 1463 in
1199 1420 1474 1473 correlatixis,
1502 1420 1605 1463 valet
1631 1434 1698 1463 ex-

12 1539 14 1541 ,
76 1496 234 1537 tensiva
260 1493 362 1550 legis
386 1493 571 1549 poenalis
594 1495 891 1549 interpretatio.
919 1494 1287 1535 Aniimulx‘ertatur
1314 1506 1410 1535 vero
1437 1492 1568 1534 tinalis
1591 1491 1699 1535 elau-

73 1564 185 1608 sula:
225 1563 342 1608 salt-0
377 1569 513 1607 tamen
564 1564 659 1608 huic
706 1566 853 1607 canoni
903 1566 1109 1607 contrario
1140 1563 1405 1621 praescripto
1439 1577 1528 1605 (ηιη.
1563 1564 1695 1608 9331,

73 1636 185 1693 quod
222 1635 485 1693 hypothesim
520 1635 755 1679 considerat
784 1637 855 1677 «si
893 1635 1030 1691 plnres
1063 1635 1111 1677 ad
1147 1634 1342 1678 delictum
1381 1633 1698 1689 perpetramlum

73 1709 427 1751 concurrerint».
462 1707 598 1764 Atque
645 1706 764 1750 valde
808 1708 959 1763 ligatur
998 1709 1222 1749 memoriae
1256 1708 1443 1761 exceptio
1479 1705 1700 1761 praedicta.

196 1778 391 1822 Rationes
425 1780 669 1834 praescripti
692 1777 769 1821 sul)
793 1777 870 1821 lioc
902 1777 942 1833 ἕο
976 1778 1194 1820 desumere
1219 1790 1434 1832 possumus
1457 1775 1590 1832 quoad
1620 1789 1703 1830 per-

76 1861 198 1892 sonas
233 1862 282 1892 ex
318 1848 616 1903 Deci·etalibus,
653 1853 737 1892 tum
778 1848 995 1892 Coelestini
1033 1847 1080 1890 lll
1115 1850 1260 1891 aientis
1286 1848 1323 1891 ¹:
1362 1862 1380 1886 «
1406 1860 1498 1889 eum
1536 1850 1699 1901 peccata

76 1933 173 1963 suos
205 1924 396 1963 auctores
431 1924 572 1963 tenere
604 1919 795 1973 debeant,
832 1934 905 1963 nec
941 1932 1067 1975 poena
1111 1921 1159 1961 sit
1207 1918 1377 1961 ulterius
1413 1916 1700 1972 protrahenda,

76 2002 202 2047 quam
237 1990 433 2033 delictum
468 1991 590 2034 fuerit
624 1993 662 2033 in
698 1991 925 2034 excedente
962 1995 1233 2045 repertum»,
1270 1994 1351 2030 tum
1391 1987 1583 2030 Bonit'acii
1618 1984 1698 2027 N'lll

76 2063 294 2104 statuentis
317 2061 354 2104 2:
385 2077 404 2101 «
428 2062 467 2105 Si
493 2064 895 2118 compromissarius‚
923 2063 958 2103 in
985 2074 1105 2118 quem
1141 2060 1336 2102 defuncto
1361 2060 1553 2113 episcopo
1578 2061 1702 2098 trans-

77 2132 208 2175 fertur
239 2131 418 2189 eligendi
453 2136 647 2189 potestas,
682 2133 865 2189 ...eligah
898 2132 968 2175 sed
1006 2131 1241 2186 indignum:
1279 2135 1373 2172 ttmc
1407 2131 1495 2171 sive
1527 2130 1703 2170 scienter

79 2203 118 2246 id
154 2204 299 2247 fecerit
332 2202 445 2259 (cum
480 2203 600 2247 dolus
633 2206 760 2260 ipsius
785 2206 856 2258 eis,
881 2205 948 2261 qni
986 2216 1062 2245 non
1097 2207 1189 2244 sunt
1226 2203 1262 2243 in
1293 2200 1429 2255 (wilpa,
1455 2212 1531 2240 non
1557 2197 1702 2239 debeat

80 2273 294 2331 imputari)
329 2276 418 2318 sive
452 2277 575 2318 etiam
613 2277 895 2331 ignoranter...
929 2272 1108 2329 eligendi
1147 2276 1366 2328 potestas...
1404 2268 1530 2311 libere
1566 2281 1702 2309 rexer-

80 2346 179 2387 titur
210 2345 260 2388 ad
296 2345 528 2388 eosdem».
563 2345 706 2398 Quoad
756 2358 876 2388 casus
928 2358 1024 2386 vero
1075 2343 1173 2385 liaec
1214 2344 1481 2383 inreniuntur
1515 2342 1551 2380 in
1588 2338 1703 2381 lnstr.

79 2415 117 2459 S.
152 2414 302 2472 Congr.
335 2417 386 2460 de
422 2417 460 2460 P.
494 2416 535 2460 F.
561 2417 598 2458 3:
640 2432 659 2457 ((
684 2430 812 2473 poena
853 2415 1296 2459 exrominunicationis
1329 2412 1443 2454 latae
1474 2409 1706 2452 sentenliae

80 2490 223 2529 contra
257 2487 423 2545 aliquod
457 2487 720 2544 designatum
747 2490 902 2530 crimen
941 2489 976 2527 in
1015 2484 1265 2541 particulari.
1293 2496 1369 2525 non
1396 2481 1631 2524 extenditur
1654 2479 1701 2521 ad

38 2544 44 2550 ’
77 2555 206 2611 aliud,
241 2560 434 2614 quamvis
465 2558 652 2602 eiusdem
686 2559 852 2614 speciei,
889 2563 971 2599 tum
1008 2557 1101 2612 qnia
1139 2555 1197 2597 lex
1238 2553 1413 2596 humana
1449 2564 1525 2593 non
1551 2550 1701 2604 obligat

81 2640 156 2670 nec
189 2633 385 2684 operatur
420 2628 524 2672 ultra
560 2631 829 2671 intentionem
867 2627 1111 2683 legislatoris
1152 2624 1290 2667 ver-bis
1332 2634 1583 2678 expressam,
1620 2625 1702 2661 tum

200 2758 211 2779 ¹
240 2756 331 2802 Cap.
360 2758 397 2800 ⁶2,
424 2757 491 2791 tit.
521 2757 591 2800 XI,
618 2757 704 2791 Lib.
734 2757 806 2797 III,
832 2756 881 2790 X.
913 2775 954 2780 —
988 2756 1000 2776 ‘-'
1028 2754 1118 2798 Cap.
1147 2753 1205 2786 37.
1235 2751 1296 2784 tit.
1327 2763 1343 2781 ‹
1364 2749 1407 2782 de
1443 2748 1631 2798 electione
1667 2754 1703 2779 et

79 2804 199 2839 electi
224 2808 423 2849 potestate
443 2820 475 2848 a»,
505 2805 549 2845 V,
577 2806 616 2838 in
644 2805 693 2841 60,
719 2825 763 2829 —
789 2806 803 2825 ³
829 2805 850 2836 2
878 2803 952 2836 Iul.
988 2802 1072 2835 182ῖ
1101 2801 1157 2843 (C.
1188 2799 1229 2832 P.
1251 2810 1318 2843 pro
1339 2798 1432 2834 Sin.»
1460 2795 1704 2829 Colleetanea

83 2851 123 2885 S.
153 2850 194 2885 C.
225 2852 271 2886 de
298 2851 340 2886 P.
372 2851 427 2892 F„
454 2863 493 2886 n.
522 2852 604 2887 796.
