1950 3313
671 145 756 179 Trr.
791 145 854 179 IV.
884 166 897 171 -
923 146 979 180 De
1006 150 1203 192 rescriptis
1690 150 1754 184 127

175 262 261 297 Cis.
293 262 349 296 til.
394 282 410 287 -
452 261 512 295 l'er
551 262 768 307 Apostolicae
807 263 905 298 Sedis
982 264 1015 299 in
1044 265 1162 300 eodem
1191 266 1373 311 expressis.
1412 272 1442 301 et
1471 278 1523 301 res
1560 268 1673 303 adhuc
1701 268 1753 303 in-

125 314 183 344 aut
211 309 377 343 dioecesis
405 309 619 343 sat-ationem
650 310 786 344 nullum
815 310 903 345 eins-
979 317 1072 355 tegra
1101 312 1156 346 sit.

124 356 203 391 (lem
246 356 344 391 Sedis
384 355 601 401 Apostolicae
631 362 689 391 aut
723 357 901 392 t)rdina1·ii
1026 359 1109 394 Cn.
1140 360 1182 392 tiz!
1213 380 1228 384 -
1258 361 1291 394 Si
1333 361 1536 407 rescriptum
1577 363 1753 397 contineat

123 403 331 449 rescriptum
362 403 551 448 perimitur,
582 403 647 437 nisi
667 404 760 439 aliud
782 416 819 439 ex
850 405 904 440 ad·
982 418 1048 440 non
1082 406 1275 452 simplicem
1316 408 1477 451 gratiam.
1518 409 1574 443 sed
1618 410 1751 454 privile-

122 450 205 484 ditis
222 450 389 485 clausulis
407 454 586 495 appareat,
615 456 672 485 aut
699 452 902 497 rescriptum
978 453 1073 497 gium
1096 454 1144 487 rel
1164 454 1474 500 dispensationem„
1501 462 1682 490 serventur
1702 457 1754 490 in-

122 498 301 533 contineat
324 502 524 543 potestatem
546 497 648 532 alicui
678 499 801 533 factam
824 511 903 534 con·
979 512 1083 546 snper
1128 502 1338 547 praescripta
1382 514 1555 538 canonum
1601 505 1657 549 qui
1702 515 1753 537 se-

122 545 267 580 cedendi
296 544 443 587 gratiam
476 544 711 589 peculiaribus
747 547 904 591 personis
978 553 1145 593 quuntur.

240 663 306 707 98.
344 666 600 720 Inscriptio
639 666 803 710 Tituli.
848 665 1002 709 Deinde
1047 670 1229 710 occurrit
1273 668 1599 711 considerandus
1645 668 1753 711 Titu-

121 733 186 775 lus
221 732 282 775 liv
313 736 533 790 inscriptus
572 734 628 777 lle
666 736 900 794 rescriptis:
945 750 1051 793 quae
1094 743 1187 780 sunt
1233 739 1508 795 etyniologicc
1550 754 1749 797 responsa

119 803 292 861 scripta,
327 804 397 847 sed
434 807 470 847 in
509 804 599 848 lure
634 805 819 849 Romano
859 820 1093 863 «responsa
1133 811 1329 865 principis
1367 823 1488 852 verae
1524 814 1747 866 precationi

119 886 225 930 quae
260 887 345 917 rem
380 877 537 930 aperiat
572 877 903 931 cognoscendam
934 895 970 929 »,
1006 878 1113 920 unde
1150 882 1409 934 promanavit
1447 882 1483 922 in
1510 880 1574 923 lus
1601 880 1747 924 Decre-

119 943 259 986 talium
286 944 362 987 sub
386 945 531 988 eadem
558 946 738 989 rubrica.
764 946 820 989 Ex
849 947 910 990 liis
936 948 947 969 ¹
986 948 1232 992 deducimus
1268 952 1465 1006 rescripta
1492 964 1580 993 esse
1610 967 1629 991 <r
1647 966 1751 1008 quas

118 1014 266 1071 aliquis
299 1028 424 1071 super
457 1015 592 1073 aliqua
628 1029 750 1060 causa
787 1017 870 1074 (rel
907 1019 1093 1074 negotio)
1126 1018 1178 1062 ab
1211 1020 1446 1075 Apostolica
1481 1022 1584 1064 Sede
1622 1024 1746 1078 impe-

118 1087 291 1128 trax-erit
326 1085 494 1137 litteras,
531 1090 698 1142 praevia
741 1101 883 1131 earum
928 1091 1057 1131 tenori
1104 1092 1253 1133 inserta
1298 1091 1612 1141 consultatione,
1658 1095 1751 1135 insi-

118 1158 312 1198 nuatione
351 1160 594 1212 suggestiva
632 1157 692 1200 vel
732 1161 1031 1210 precatione».
1069 1162 1171 1203 Hinc
1205 1164 1529 1216 snperx'eniente
1563 1162 1748 1207 Romana

116 1224 236 1270 Curia
272 1240 350 1269 non
388 1229 594 1271 immerito
628 1229 695 1272 SS.
732 1228 1011 1273 Romanarum
1047 1229 1423 1287 Congregationum
1452 1246 1643 1289 responsa
1687 1248 1747 1275 vo-

116 1302 204 1340 cata
241 1298 404 1340 luerunt
441 1297 668 1353 Rescripta.
699 1298 736 1341 ln
762 1299 913 1343 (lodice
938 1305 1091 1350 autem,
1119 1306 1159 1343 ut
1195 1306 1303 1357 patet
1327 1304 1462 1345 statim
1489 1317 1536 1346 ex
1563 1317 1653 1346 (ean
1680 1306 1749 1350 36,

114 1366 215 1411 baec
250 1370 461 1424 inscriptio
495 1369 738 1425 ampliorem
775 1370 951 1414 obtinuit
984 1372 1331 1428 significationem
1373 1376 1607 1421 iuridicam,
1641 1389 1752 1432 quae

112 1437 309 1481 fundatur
341 1441 379 1481 in
418 1439 531 1483 verbi
567 1441 834 1497 etymologia,
869 1446 908 1484 et
943 1443 1206 1498 praecedenti
1245 1445 1332 1487 iure
1366 1445 1486 1487 simul
1522 1457 1569 1487 ac
1606 1447 1642 1488 in
1671 1446 1745 1489 Ec-

114 1507 264 1552 clesiae
303 1524 323 1550 <c
347 1510 488 1553 divina
525 1513 777 1555 institutione
803 1527 840 1555 )).
876 1526 923 1555 ex
960 1526 1041 1570 qua
1081 1513 1311 1570 «Episcopi
1336 1520 1429 1557 sunt
1454 1515 1744 1571 Apostolorum

114 1592 375 1622 successores
407 1585 530 1637 atque
563 1582 751 1625 ecclesiis
776 1585 1076 1639 praeficiuntur
1099 1598 1192 1627 cum
1220 1590 1419 1641 potestate
1444 1586 1643 1643 (Pastoris
1667 1590 1751 1631 sut'-

117 1648 290 1706 ticienti)
333 1650 555 1703 ordinaria,
600 1652 828 1709 (quamvis)
862 1653 938 1697 sub
982 1658 1227 1698 auctoritate
1272 1655 1443 1699 Romani
1490 1657 1741 1701 Pontiticis»

115 1724 223 1765 (can.
258 1720 355 1774 329,
388 1723 415 1773 ξ
454 1721 506 1778 1).
543 1721 646 1766 Hinc
690 1729 731 1766 ut
775 1727 984 1768 societatis
1017 1725 1323 1770 ecclesiasticae
1359 1729 1565 1784 principes
1601 1732 1750 1773 merito

119 1796 373 1847 reputantur,
409 1806 563 1850 eosque
597 1793 809 1838 Romanus
844 1795 1025 1839 l'ontitex
1063 1797 1241 1853 appellat
1280 1799 1438 1841 fratres.

233 1863 302 1907 99.
338 1865 474 1910 Ordo
508 1879 748 1910 canonum
796 1871 854 1909 est
900 1866 1153 1910 huiusmodi.
1196 1868 1397 1912 Personae
1440 1883 1546 1926 quae
1590 1876 1627 1913 et
1674 1885 1749 1927 pro

115 1932 266 1989 quibus
299 1932 474 1977 obtineri
513 1934 676 1978 valeant
711 1939 911 1993 rescripta
945 1944 1254 1994 cognoscuntur
1287 1953 1335 1982 ex
1377 1953 1465 1983 can.
1503 1941 1570 1993 36,
1606 1942 1673 1991 37,
1708 1948 1745 1984 et

114 2003 377 2060 quandonam
404 2018 497 2048 cum
524 2006 671 2049 effectu
698 2007 854 2050 dicitur
877 2010 915 2050 in
936 2022 1026 2052 can.
1044 2009 1111 2061 38,
1131 2010 1388 2053 conditiones
1411 2016 1495 2054 tum
1521 2025 1747 2068 expressae

113 2078 199 2116 tum
236 2077 384 2118 tacitae
418 2076 737 2119 considerantur
771 2079 807 2120 in
844 2091 934 2121 can.
971 2078 1119 2129 39-44,
1152 2082 1212 2123 vis
1247 2080 1468 2124 verborum
1503 2088 1616 2124 motu
1647 2096 1742 2140 pro-

109 2144 205 2202 prio
239 2157 286 2188 ac
320 2148 473 2189 erroris
508 2147 734 2191 materialis
767 2149 944 2192 edicitur
978 2152 1015 2192 in
1050 2157 1152 2208 seq)¹
1180 2151 1322 2193 45-47.
1356 2151 1570 2209 Rescripta
1604 2154 1653 2196 ad
1690 2156 1748 2196 in-

115 2217 247 2258 vicem
283 2219 468 2273 opposita
505 2218 725 2262 iudicanda
761 2224 852 2262 sunt
894 2233 942 2263 ex
983 2234 1074 2264 can.
1104 2221 1158 2264 48
1197 2227 1237 2265 et
1274 2223 1355 2265 (luo
1393 2228 1614 2281 sequentes
1647 2225 1745 2268 edo-

111 2291 204 2329 cent
243 2299 409 2331 normas
443 2290 809 2345 interpretationis.
848 2290 937 2344 Cui,
970 2293 1058 2334 sine
1086 2297 1358 2349 exequutore,
1396 2298 1433 2336 et
1467 2295 1632 2351 quando
1663 2298 1743 2338 sint

112 2359 310 2412 rescripta
356 2357 457 2401 baec
502 2360 802 2415 praesentanda
846 2361 1073 2405 edocemur
1119 2376 1191 2419 per
1223 2375 1315 2406 can.
1351 2365 1417 2411 351,
1456 2365 1521 2408 52.
1561 2365 1615 2408 l)e
1649 2379 1742 2408 exe—

112 2429 311 2483 quutione
346 2431 642 2486 rescriptorum
680 2436 772 2474 sunt
819 2445 909 2477 can.
947 2433 1095 2485 53459,
1130 2438 1167 2476 et
1212 2440 1298 2491 post
1345 2435 1447 2477 duos
1489 2436 1590 2478 alios
1632 2439 1739 2480 circa

113 2500 408 2553 rescriptorum
445 2503 789 2557 peremptionem,
817 2503 915 2559 quid
951 2504 1203 2548 servandum
1239 2507 1291 2548 sit
1324 2508 1433 2549 circa
1468 2506 1740 2550 determinata

113 2570 311 2622 rescripta
346 2570 498 2613 dicitur
530 2584 620 2614 can.
657 2573 723 2616 62.

232 2638 326 2681 100.
368 2641 647 2688 Subiectum
689 2647 964 2691 concedens
1004 2650 1089 2691 aut
1126 2649 1367 2703 recipiens
1411 2650 1626 2693 validum
1669 2662 1741 2693 re-

109 2711 363 2765 scriptum.
405 2710 462 2753 Ex
510 2717 624 2768 parte
668 2715 934 2758 concedentis
979 2716 1292 2772 distinguimtur
1337 2720 1373 2760 in
1409 2732 1498 2762 can.
1533 2721 1607 2762 30¹.
1641 2719 1668 2775 ς’
1704 2719 1742 2762 1.

227 2860 238 2881 1
267 2859 356 2904 Cap.
386 2860 421 2903 3,
450 2860 517 2895 tit.
546 2861 619 2903 ΙΙΙ,
647 2862 728 2898 Lib.
758 2863 789 2897 1.
