1950 3313
663 165 746 200 Τῑτ.
773 165 839 199 IV.
870 186 881 191 -
908 166 964 201 De
989 168 1189 210 rescriptis
1679 164 1745 198 129

118 289 280 331 nic-etur
311 288 404 344 quis
442 298 559 342 «per
594 285 760 328 modum
798 287 1005 342 praecepti
1050 290 1167 328 extra
1207 285 1407 329 iudicium
1432 300 1451 325 ))
1490 296 1580 329 can.
1617 284 1744 339 1933,

116 357 144 416 ξ
176 357 220 414 4)
255 356 333 401 lata
369 358 505 409 fuerit,
537 356 611 410 (sic
647 355 914 412 intelligendo
953 370 1002 399 ex
1046 356 1198 400 Codice
1243 355 1369 400 verbo
1406 357 1739 398 «nominatim»

117 442 166 471 cx
201 429 358 471 normis
390 425 493 483 cit.⁸)
527 428 916 470 exconmuinicatus
950 429 1092 484 nequit
1128 431 1340 482 praeterea
1378 426 1467 482 (seu
1503 425 1607 469 ultra
1634 428 1746 482 prins

117 499 171 543 ibi
206 497 420 555 expressa)
454 499 628 553 gratiam
665 496 788 540 ullam
828 498 1079 553 pontificiam
1118 497 1253 540 valide
1285 499 1497 554 consequi,
1532 496 1644 554 (nam
1669 494 1744 541 Or-

116 570 302 613 dinarius
325 571 475 612 fac-tum
504 567 607 611 bene
632 581 801 611 noscere
827 571 988 625 poterit,
1015 582 1092 611 non
1119 582 1217 611 vero
1242 582 1407 625 semper
1429 570 1577 612 Sancta
1601 568 1740 619 Sedes,

115 641 223 699 quod
258 642 290 683 si
324 641 488 683 conscia
527 640 630 682 foret
655 639 717 682 vel
743 641 931 696 apprime
958 639 1081 682 vellet
1106 641 1293 695 rescripti
1323 638 1576 682 validitatem
1603 651 1742 682 manu-

114 716 270 764 tenere,
291 710 500 767 additur):
530 725 550 750 «
575 712 650 752 nisi
677 712 715 752 in
742 712 951 766 pontificio
975 710 1117 763 (idest:
1143 709 1260 753 Sedis
1283 709 1452 765 Aplcae.
1478 723 1525 753 ex
1552 722 1642 753 can.
1672 710 1741 765 37)

114 783 315 837 rescripto
360 783 512 824 mentio
556 781 606 824 de
647 783 1080 824 excommunicatione
1114 782 1227 824 fiat»
1266 783 1429 837 cognita
1468 780 1529 824 vel
1572 783 1608 823 in
1642 793 1739 825 casu

112 865 193 910 quo
243 857 421 908 urgeret.
469 879 521 883 —
566 852 652 896 Hoc
689 854 988 909 praescriptum
1028 855 1155 895 citant
1193 855 1251 895 sic
1296 866 1386 894 care.
1430 854 1569 903 3275,
1609 867 1646 895 η.
1686 854 1741 895 .3.·

117 939 138 964 ‹(
163 924 419 980 Praescripto
451 937 541 967 can.
578 923 690 966 <2265
725 925 848 966 etiam
884 925 958 979 ipsi
984 923 1278 979 (personaliter
1311 923 1538 980 interdicti)
1564 923 1739 967 adstrin-

112 999 310 1051 guntur»
349 999 386 1037 et
422 1008 513 1036 ean.
548 995 675 1036 :³:983
708 995 863 1036 tenoris
905 995 1138 1050 sequentis:
1180 1008 1198 1034 ε(
1222 994 1338 1047 Quae
1372 993 1422 1035 de
1456 995 1739 1036 excommuni-

111 1067 273 1122 catione
307 1077 398 1108 can.
434 1065 546 1107 2⁶2ss5
582 1064 674 1121 (per
706 1063 857 1120 totum)
891 1069 1142 1118 statuuntur,
1167 1066 1290 1106 etiam
1315 1066 1571 1120 suspensioni
1616 1077 1740 1120 gene-

113 1136 253 1180 raliter
277 1136 356 1180 lata
381 1141 418 1179 et
442 1148 464 1179 a
487 1135 772 1193 quocumque)
796 1140 889 1178 sunt
914 1135 1159 1192 applicanda
1183 1151 1222 1179 ».
1248 1148 1325 1177 non
1351 1140 1508 1178 tantum
1540 1150 1559 1173 «
1585 1148 1739 1191 poenae

109 1209 371 1264 suspensioni
405 1220 426 1250 a
462 1207 616 1250 divinis
649 1219 669 1249 a
704 1207 742 1250 S.
777 1206 882 1250 Sede
916 1208 1157 1249 nominatim
1195 1207 1419 1249 inflictae»
1459 1211 1499 1249 ut
1523 1205 1740 1249 dicebatur

110 1281 147 1321 in
183 1281 267 1322 cit.⁵
299 1277 476 1329 NormiS,
513 1277 581 1320 ubi
617 1277 727 1321 nulla
765 1280 917 1320 mentio
951 1277 1002 1320 de
1037 1277 1256 1320 interdicto
1291 1279 1468 1320 inveniri
1505 1281 1647 1333 potest.

227 1350 324 1392 101-
363 1351 603 1406 Rescripti
626 1351 908 1406 impetratio
932 1351 978 1393 in
1003 1350 1206 1394 alterius
1234 1350 1460 1405 gratiam.
1487 1347 1544 1391 De
1568 1347 1642 1395 liis,
1668 1350 1737 1405 qui

109 1435 181 1478 per
214 1423 460 1477 rescriptum
497 1421 684 1463 favorem
729 1419 929 1473 obtinent,
962 1423 1160 1462 statutum
1204 1424 1265 1462 est
1303 1421 1341 1461 in
1376 1432 1465 1463 can.
1503 1431 1654 1475 praee,
1687 1419 1737 1462 de

109 1493 188 1536 illis
224 1506 321 1536 vero
355 1495 423 1549 qui
458 1496 553 1535 sunt
587 1491 886 1534 intermediarii
922 1493 1063 1534 statuit
1096 1505 1186 1536 ean.
1210 1492 1286 1533 37.
1312 1490 1577 1548 Reseriplzwr
1605 1493 1738 1534 cuius-

108 1562 205 1606 libet
248 1567 287 1605 et
320 1561 534 1619 quodlibet
574 1567 616 1605 ut
654 1575 777 1618 supra
820 1562 1044 1620 impetrari
1078 1567 1217 1619 polest
1250 1561 1363 1618 (facti
1396 1564 1578 1617 speciem
1613 1575 1736 1618 expo·

108 1632 263 1689 nendo)
297 1632 349 1676 ab
381 1646 428 1676 eo
462 1634 532 1690 qui
567 1646 712 1685 preces
746 1635 917 1689 porrigit
949 1646 1027 1690 pro
1062 1632 1148 1675 alio
1181 1633 1375 1676 distincto
1413 1632 1736 1690 etz'ampraeter

107 1703 198 1746 elas
231 1717 461 1749 assensum,
500 1704 669 1747 forsitan
706 1706 921 1759 ignorante
959 1703 1021 1746 vel
1058 1703 1222 1747 nolente
1266 1705 1622 1760 impetrationem3
1659 1704 1735 1747 boc

108 1776 312 1831 imprimis
344 1779 516 1818 constat.
551 1775 741 1818 Secundo
786 1779 823 1816 el
868 1774 963 1816 lice!
1008 1774 1096 1832 ipse
1141 1776 1362 1831 praefatus,
1393 1787 1470 1817 non
1506 1777 1735 1817 assentiens

107 1847 220 1888 iuxta
254 1850 493 1889 contextum
527 1849 783 1902 sequentem,
830 1846 965 1903 possi(
1010 1848 1097 1889 iure
1142 1858 1190 1889 ac
1231 1846 1340 1889 licite
1371 1845 1516 1902 qratia
1549 1845 1625 1890 sibi
1658 1859 1735 1903 per

106 1916 357 1975 rescriptum
392 1918 575 1959 fortassis
609 1919 688 1959 iam
724 1921 978 1973 exequutum
1014 1931 1206 1959 concessa
1245 1930 1325 1959 ozon
1362 1917 1435 1961 uli.
1469 1919 1557 1960 sive
1592 1917 1659 1960 illa
1684 1919 1733 1960 sit

104 1988 153 2030 ad
191 2001 317 2030 unum
356 1987 418 2031 rel
454 1987 504 2031 ad
541 1988 678 2044 plures
711 2000 842 2042 casus,
879 2001 971 2030 nam
998 2001 1047 2031 ex
1073 2002 1157 2043 reg.
1184 1990 1284 2031 iuris
1308 1990 1346 2030 in
1378 1988 1421 2030 60
1475 2003 1494 2027 «
1520 1988 1586 2030 61.
1612 1986 1731 2041 Quod

104 2057 155 2102 ob
189 2061 364 2115 gratiam
400 2058 575 2101 alicuius
607 2058 864 2112 conceditur,
899 2072 976 2101 non
1012 2063 1072 2102 est
1106 2061 1144 2101 in
1179 2061 1267 2102 eius
1310 2059 1571 2115 dispendium
1609 2063 1734 2102 retor-

103 2129 313 2186 quendum
344 2145 379 2173 ›>.
415 2129 597 2172 Additur
632 2132 775 2172 tertio:
812 2129 1060 2187 reserlplum
1088 2135 1221 2172 (sunere
1252 2142 1332 2187 qua
1366 2129 1446 2173 tale
1479 2129 1603 2180 calet,
1636 2133 1730 2188 quia

103 2203 225 2244 etiam
266 2202 440 2243 «invito
475 2200 724 2244 beneficium
760 2201 926 2243 datur»
967 2200 1086 2258 (Reg.
1127 2203 1227 2244 iuris
1270 2199 1459 2245 Caesarei
1495 2215 1543 2244 ex
1582 2201 1732 2244 l'ande-

102 2272 208 2327 ctis),
242 2276 341 2314 «mele
364 2271 453 2313 eius
483 2271 811 2329 ‹zeeeplalionem
848 2274 1035 2328 rescripti
1072 2271 1248 2315 buiusve
1282 2273 1450 2315 forsitan
1486 2274 1565 2315 iam
1602 2274 1731 2315 factae

101 2343 407 2398 exequutionis‚
443 2341 526 2384 nisi
560 2341 680 2384 allud
712 2355 883 2398 nempe:
919 2344 1203 2398 acceptatione
1236 2342 1456 2386 deficiente
1480 2356 1559 2385 non
1593 2343 1731 2386 valere

103 2414 364 2468 rescriptum,
402 2412 465 2455 vel
511 2426 532 2455 e
574 2417 715 2455 contra
760 2414 1006 2468 rescriptum
1052 2415 1219 2455 omnino
1264 2414 1554 2470 exequendum
1596 2413 1730 2457 adliuc

102 2487 244 2525 contra
280 2485 455 2526 invitum
493 2486 530 2525 in
566 2483 746 2541 quodam
780 2483 980 2539 singulari
1020 2496 1117 2526 casu
1159 2488 1326 2540 propter
1370 2486 1516 2527 iustam
1563 2497 1727 2527 causan·

102 2559 140 2596 et
175 2566 195 2596 a
230 2553 336 2597 Sede
369 2553 606 2610 Apostolica
642 2557 923 2610 impetratum,
948 2568 999 2596 ea·
1022 2554 1229 2612 appositis
1254 2557 1291 2597 in
1317 2569 1364 2598 eo
1389 2554 1593 2597 clausulis
1616 2560 1728 2598 certo

102 2628 324 2681 appareat.

223 2694 318 2737 102.
353 2697 539 2752 Vigens
572 2697 833 2753 disciplina
865 2699 1030 2753 quoad
1065 2698 1339 2742 huiusmodi
1378 2700 1725 2753 procuratores

101 2767 233 2822 apud
260 2767 528 2812 Romanam
554 2768 748 2812 Curiam
775 2769 803 2811 ¹.
830 2766 907 2809 Pro
928 2767 1124 2824 privatis.
1155 2783 1171 2807 α
1205 2766 1243 2807 1Ο
1268 2766 1415 2808 (Iliristi
1442 2767 1551 2809 lideli
1575 2769 1724 2822 cuique

219 2873 228 2892 ²
258 2870 361 2904 Ordo
379 2870 594 2905 servandus
614 2872 653 2904 in
674 2871 710 2904 S.
733 2871 895 2916 (301]3Γ.5
915 2871 1094 2905 Tribu1].⁵
1116 2870 1242 2905 Offic.s
1263 2872 1372 2905 Rom.
1395 2872 1533 2906 Curiae
1552 2874 1596 2904 29
1616 2871 1720 2915 Sept.

103 2919 206 2958 1908,
237 2918 336 2951 Pars
363 2917 394 2961 Ι,
424 2918 514 2962 Cap.
544 2918 594 2952 X.
626 2918 702 2952 CO.
732 2919 763 2961 Ι,
791 2919 848 2952 55.

266 2996 362 3024 BLAT
384 3011 403 3017 -
430 2996 550 3024 Comm.
580 2996 663 3024 Tea-t.
690 2996 764 3024 Cod.
790 2996 863 3023 [τιν.
890 2998 971 3024 Can.
1623 2998 1640 3023 t)
