1950 3313
146 138 216 181 304
249 139 252 143 ’
485 145 569 177 11113.
595 143 640 177 V.

667 162 679 167 -
707 142 816 175 PARS
843 141 912 175 III.
940 161 951 166 -

978 141 1036 175 De
1058 143 1194 186 poenis
1219 143 1263 175 in
1287 141 1426 176 delicta

144 267 231 309 sine
267 265 371 305 votis
404 261 650 317 applicatur,
684 264 889 317 quatenus
921 259 1082 303 sodales
1119 261 1243 302 vitam
1279 271 1542 302 communem
1571 259 1768 316 degant»

145 337 256 378 iuxta
306 333 557 375 decisionem
601 329 816 374 Commiss.
861 329 974 372 Pont.
1016 332 1066 372 ad
1111 343 1163 372 ss.
1203 341 1382 373 canones
1425 328 1538 372 auth.
1573 332 1772 386 interpre-

145 405 292 448 tandos
319 404 344 445 ¹.

760 530 994 568 TITULUS
1023 531 1172 568 XVIII.

146 629 211 671 De
234 627 418 670 delictis
444 627 490 668 in
517 626 779 676 collatione,
803 626 1092 679 susceptione
1118 626 1164 667 et
1186 625 1456 668 diffliSsione
1478 626 1774 682 dignitatum,

367 696 635 740 officiorum
667 697 713 738 et
745 694 1079 738 beneficiorum
1111 695 1551 740 ecclesiasticorum.

195 825 279 860 CAN.
309 823 413 859 2390.
453 844 474 850 -
512 823 589 869 gl.
621 823 827 858 Libertatem
854 822 923 858 ele-

147 873 304 908 ctionum
330 871 644 907 ecclesiasticarum
675 871 796 916 quovis
825 870 925 905 modo

150 931 208 966 per
234 931 269 955 se
296 919 347 954 vel
388 929 447 965 per
483 919 569 953 alios
600 917 841 963 impedientes
872 917 924 952 vel

146 967 312 1003 electores
329 970 389 1002 aut
410 966 571 1009 electum,
595 969 731 1011 peracta
757 964 927 999 canonica

146 1015 326 1050 electione.
359 1018 498 1060 propter
535 1024 611 1048 eam
649 1023 787 1058 quoquo
823 1011 924 1046 modo

147 1052 344 1107 gravantes,
366 1071 426 1107 pro
446 1060 546 1113 modo
572 1060 694 1105 culpae
722 1059 925 1105 puniantur.

197 1113 215 1151 ἓ
242 1110 275 1143 2.
306 1107 405 1152 Quod
432 1107 459 1142 si
479 1107 637 1143 electioni
657 1117 678 1142 a
695 1106 838 1151 collegio
862 1106 927 1141 cle·

147 1156 299 1192 ricorum
335 1155 386 1191 vel
425 1155 663 1199 religiosorum
693 1153 922 1206 peragendae

147 1203 224 1238 laici
254 1203 305 1238 vel
332 1202 519 1238 saecularis
548 1206 694 1248 potestas
721 1212 794 1236 sese
822 1200 926 1253 illegi-

148 1251 242 1291 time,
261 1255 383 1286 contra
409 1249 602 1284 libertatem
620 1249 840 1289 canonicam
862 1248 926 1282 im·

148 1298 292 1333 miscere
332 1296 642 1349 praesumpserint
677 1295 840 1331 electores
866 1295 924 1341 qui

147 1345 239 1380 hanc
277 1344 533 1379 immixtionem
573 1343 835 1378 sollicitaverint
874 1342 926 1378 vel

149 1397 272 1436 sponte
298 1391 518 1435 admiserint,
559 1390 633 1437 ipso
675 1391 761 1425 facto
802 1389 923 1435 privati

150 1444 232 1474 sunt
250 1450 313 1485 pro
331 1449 371 1474 ea
389 1438 461 1474 vice
481 1438 554 1473 iure
571 1437 740 1483 eligendi;
768 1437 825 1482 qui
847 1447 926 1472 vero

148 1497 231 1522 suae
244 1486 403 1522 electioni
421 1485 536 1521 taliter
552 1485 660 1520 factae
677 1485 827 1520 scienter
844 1495 926 1519 con-

147 1533 307 1569 senserit
337 1533 374 1567 fit
399 1533 441 1568 ad
457 1532 610 1585 officium
630 1532 681 1566 vel
702 1531 923 1573 beneficium,

146 1581 189 1617 de
215 1592 283 1627 quo
308 1581 435 1625 agitur,
455 1579 536 1626 ipso
558 1580 646 1615 facto
671 1578 851 1614 inhabilis.

196 1627 280 1663 CAN.
311 1626 415 1662 2391.
445 1646 464 1653 -
492 1631 511 1669 ξ
546 1626 573 1662 l.
610 1626 802 1671 Collegium
833 1625 924 1671 quod

149 1675 334 1719 indignum
369 1675 519 1710 scienter
551 1674 704 1718 elegerit,
736 1674 808 1719 ipso
837 1673 926 1708 facto

149 1723 304 1769 privatur
344 1733 404 1767 pro
441 1732 481 1757 ea
520 1721 592 1756 vice
626 1721 698 1756 iure
727 1721 770 1756 ad
799 1731 924 1756 novam

87 1794 91 1796 .
146 1769 352 1806 electionem
382 1769 602 1815 procedendi.

194 1821 213 1859 ξ
238 1816 269 1852 2.
298 1815 433 1861 Singuli
462 1827 541 1851 vero
566 1816 730 1852 electores
756 1814 824 1868 qui·
843 1814 924 1849 sub-

146 1844 346 1899 stantialem
376 1863 555 1898 electionis
597 1863 742 1898 formam
777 1862 926 1897 scienter

148 1922 219 1946 non
245 1910 473 1951 servaverint
504 1915 647 1956 possunt
659 1921 731 1963 ⁸pro
756 1909 926 1954 gravitate

147 1958 269 2004 culpae
294 1958 339 1993 ab
366 1955 556 1993 Ordinatio
583 1957 711 2003 puniri.

196 2009 215 2047 ξ
242 2005 273 2040 3
304 2004 426 2040 Clerici
456 2004 507 2040 vel
534 2005 610 2040 laici
644 2005 701 2050 qui
738 2004 925 2049 indignum

147 2052 297 2087 scienter
325 2052 622 2098 praesentuerint
649 2051 699 2087 vel
727 2052 926 2086 nominave-

148 2100 233 2140 rint,
263 2099 336 2134 iure
362 2099 607 2145 praesentandi
637 2098 689 2133 vel
718 2098 924 2134 nominandi

148 2147 222 2193 ipso
250 2146 338 2182 facto
367 2157 425 2190 pro
450 2157 501 2227 ea1
516 2146 588 2181 vice
614 2150 744 2181 carent

197 2193 281 2229 CAN
311 2192 413 2228 2392.
491 2193 602 2228 Firmo
622 2193 832 2246 praescripto
848 2203 925 2228 can.

149 2239 231 2282 729
247 2240 411 2279 delictum
441 2245 678 2286 perpetrantes
700 2240 871 2275 simoniae
889 2239 923 2273 in

149 2287 363 2333 quibuslibet
388 2287 521 2327 officiis
542 2286 721 2322 beneficiis
738 2291 799 2322 aut
816 2287 928 2332 digni-

150 2334 281 2370 tatibus
306 2334 565 2370 ecclesiasticis:

199 2381 234 2416 1⁰
261 2382 447 2417 Incurrunt
473 2381 508 2415 in
528 2380 925 2423 excommunicationem

149 2428 238 2464 latae
263 2429 457 2464 sententiae
484 2427 561 2464 Sedi
590 2428 806 2473 Apostolicae
843 2428 926 2462 sim-

149 2475 284 2522 pliciter
310 2480 544 2516 reservatam;

195 2522 233 2557 20
261 2523 335 2569 lpso
363 2523 451 2558 facto
477 2522 604 2568 'privati
644 2522 682 2556 in
721 2526 925 2568 perpetuum

150 2575 295 2605 manent
314 2570 387 2605 iure
405 2570 570 2614 eligendi,
589 2569 848 2615 praesentandi,
866 2580 926 2604 no-

149 2616 323 2659 minandi,
350 2617 377 2651 si
405 2616 496 2663 quod
526 2616 698 2660 habeant3

148 2710 168 2746 d
196 2664 233 2697 30
259 2664 292 2699 Si
321 2664 435 2699 clerici
463 2664 547 2706 sint,
576 2668 753 2709 praeterea
782 2673 927 2709 suspen-

172 2716 290 2747 antur.

197 2757 281 2794 CAN.
312 2756 415 2793 2393.
444 2779 460 2784 -
489 2755 622 2793 Omnes
660 2759 717 2804 qui
755 2757 828 2793 iure
865 2756 927 2792 eli—

997 822 1115 867 gendi,
1142 822 1386 868 praesentandi
1415 822 1466 858 vel
1492 824 1700 860 nominandi
1728 825 1774 861 le-

997 869 1119 914 gitime
1155 870 1330 910 fruuntur,
1359 870 1402 911 si,
1432 870 1588 915 neglecta
1625 873 1774 908 auctori-

997 921 1067 952 tate
1093 916 1187 952 illius
1212 918 1265 952 eui
1293 916 1512 952 confirmatio
1532 918 1583 954 vel
1604 919 1776 955 institutio

998 964 1173 1010 competit,
1199 964 1361 1005 officium,
1388 964 1595 1000 beneficium
1634 971 1694 1002 aut
1724 967 1774 1002 di-

997 1014 1166 1056 gnitatem
1193 1011 1461 1047 ecclesiasticam
1492 1013 1648 1048 conferre
1679 1025 1774 1060 prae-

998 1058 1225 1105 sumpserint,
1254 1070 1315 1094 suo
1351 1058 1424 1094 iure
1453 1070 1512 1104 pro
1537 1070 1577 1095 ea
1604 1060 1676 1096 vice
1702 1072 1775 1107 ipso

1002 1107 1090 1142 facto
1117 1106 1239 1152 privati
1269 1111 1426 1141 manent.

1047 1153 1132 1189 CAN
1157 1151 1260 1188 2394.
1358 1151 1425 1196 Qui
1453 1152 1676 1196 beneficium,
1704 1156 1776 1191 offi-

999 1201 1089 1236 cium
1120 1201 1170 1236 vel
1189 1200 1396 1245 dignitatem
1415 1200 1683 1237 ecclesiasticam
1703 1214 1778 1249 pro-

1000 1248 1075 1294 pria
1101 1248 1304 1283 auctoritate
1329 1248 1549 1294 occupaverit
1573 1249 1639 1289 vel,
1667 1251 1709 1285 ad
1736 1261 1776 1286 ea

998 1295 1140 1331 electus.
1163 1300 1413 1341 praesentatus,
1442 1296 1644 1330 nominatus
1670 1297 1706 1332 in
1724 1308 1776 1333 eo-

999 1342 1159 1377 rumdem
1189 1343 1438 1388 possessionem
1460 1342 1509 1377 vel
1534 1343 1688 1387 regimen
1715 1356 1775 1380 seu

997 1389 1339 1425 administrationem
1367 1400 1441 1424 sese
1468 1390 1661 1434 ingesserit,
1678 1397 1773 1428 ante-

998 1448 1103 1489 quam
1123 1437 1336 1472 necessarias
1353 1436 1485 1472 litteras
1499 1437 1776 1474 confirmationis

1000 1484 1050 1519 vel
1078 1484 1309 1519 institutionis
1334 1484 1505 1536 acceperit
1542 1495 1669 1531 easque
1707 1486 1775 1521 illis

998 1531 1196 1572 ostenderit,
1224 1530 1351 1583 quibus
1377 1531 1419 1566 de
1446 1531 1519 1566 iure
1545 1531 1666 1568 debet:

1051 1579 1082 1613 10
1110 1578 1162 1614 Sit
1189 1578 1262 1624 ipso
1290 1578 1362 1613 iure
1389 1578 1431 1612 ad
1457 1578 1578 1614 cadem
1608 1578 1776 1615 inhabilis

998 1630 1030 1661 et
1060 1630 1233 1671 praeterea
1259 1625 1302 1660 ab
1322 1625 1511 1661 Ordinario
1531 1636 1590 1672 pro
1607 1627 1777 1671 gravitate

998 1673 1120 1718 culpae
1144 1672 1326 1718 puniatur;
1415 1706 1419 1708 a

1046 1719 1083 1754 20
1121 1719 1183 1755 Ρ61·
1219 1718 1500 1766 suspensionem,
1545 1720 1774 1766 privationem

998 1766 1175 1811 beneficii
1195 1767 1309 1807 officii,
1327 1767 1509 1811 dignitatis
1534 1772 1636 1803 antea
1654 1768 1775 1804 obten-

998 1819 1053 1850 tae
1090 1819 1136 1859 et,
1165 1815 1191 1848 si
1219 1825 1273 1849 res
1302 1815 1397 1854 ferat,
1423 1814 1527 1850 etiam
1556 1826 1617 1861 per
1641 1816 1775 1862 deposi-

997 1862 1141 1903 tionem,
1166 1867 1309 1906 cogatur
1333 1872 1353 1897 a
1379 1861 1553 1903 beneficii,
1581 1862 1696 1905 officii,
1724 1863 1775 1898 di-

998 1908 1142 1954 gnitatis
1159 1908 1384 1954 occupatione
1397 1919 1587 1962 eorumque
1606 1909 1776 1963 regimine

1001 1956 1051 1992 vel
1085 1956 1390 1992 administratione
1427 1956 1557 1998 statim,
1583 1957 1776 1993 monitione

1001 2003 1203 2049 praemissa,
1231 2003 1406 2044 recedere;
1582 2023 1587 2029 -

1047 2049 1083 2085 30
1109 2049 1269 2096 Capitula
1309 2061 1399 2092 vero,
1428 2055 1620 2086 conventus
1645 2050 1775 2097 aliique

998 2108 1120 2133 omnes
1137 2097 1181 2133 ad
1199 2108 1285 2143 quos
1310 2102 1454 2143 spectat,
1483 2097 1682 2133 huiusmodi
1708 2098 1775 2134 ele—

999 2150 1083 2186 6108,
1114 2149 1348 2191 praesentatos
1379 2144 1431 2179 vel
1470 2144 1669 2180 nominatos
1694 2150 1776 2181 ante

1000 2192 1194 2245 litterarum
1243 2191 1493 2227 exhibitionem
1538 2191 1775 2234 admittentes,

1000 2239 1074 2285 ipso
1109 2239 1197 2274 facto
1230 2249 1249 2273 a
1276 2239 1350 2274 iure
1374 2238 1539 2283 eligendi,
1565 2220 1775 2275 nominandi

1000 2286 1052 2322 vel
1081 2285 1323 2332 praesentandi
1352 2285 1511 2331 suspensi
1540 2293 1706 2321 maneant
1731 2287 1775 2322 ad

1000 2333 1257 2391 beneplacitum
1277 2331 1376 2368 Sedis
1394 2332 1622 2385 Apostolicae

1048 2379 1132 2416 CAN.
1161 2378 1266 2414 2395.
1305 2400 1322 2405 -
1351 2378 1417 2423 Qui
1446 2380 1595 2416 scienter
1620 2385 1776 2426 acceptat

999 2427 1219 2462 collationem
1256 2426 1370 2468 officii,
1397 2426 1556 2462 beneficii
1585 2428 1635 2463 vel
1661 2428 1776 2472 digni-

1000 2475 1080 2510 tatis
1105 2474 1146 2510 de
1173 2474 1246 2509 iure
1276 2484 1349 2508 non
1384 2475 1540 2509 vacantis
1566 2479 1599 2509 et
1626 2475 1776 2521 patiatur

1000 2533 1035 2557 se
1074 2521 1108 2556 in
1149 2521 1223 2556 eius
1265 2521 1517 2566 possessionem
1552 2521 1705 2561 immitti,
1733 2521 1777 2556 sit

1000 2569 1074 2615 ipso
1102 2569 1190 2603 facto
1218 2568 1381 2604 inhabilis
1412 2568 1457 2604 ad
1496 2568 1555 2603 illa
1584 2573 1698 2614 postea
1723 2579 1776 2604 as-

999 2615 1176 2667 sequenda
1202 2615 1350 2661 aliisque
1373 2615 1492 2662 poenis
1512 2626 1571 2662 pro
1590 2615 1690 2651 modo
1708 2615 1775 2650 cul—

999 2673 1063 2709 pae
1091 2662 1266 2708 puniatur.

1047 2709 1130 2744 CAN.
1155 2708 1260 2744 2396.
1290 2729 1311 2736 -
1337 2709 1502 2749 Clericus,
1521 2709 1579 2755 qui
1599 2713 1777 2744 assecutus

1001 2756 1182 2802 pacificam
1210 2757 1462 2802 possessionem
1481 2756 1581 2792 officii
1603 2756 1653 2792 vel
1673 2756 1775 2791 bene·

267 2887 278 2908 1
306 2885 404 2920 Vide
431 2886 662 2920 citationem
689 2884 737 2919 ad
762 2897 851 2931 pag.
880 2885 950 2920 322
975 2885 1017 2919 in
1043 2888 1150 2919 nota..
