1950 3313
713 157 752 180 IN
782 156 858 181 Hoc
885 148 1214 182 COMMRNTARMJM
1731 150 1777 182 ‘29

146 266 348 311 beticus»
386 265 541 309 claudit
576 263 679 307 lianc
720 272 875 321 partem
913 281 984 323 pro
1021 280 1134 310 more
1168 267 1353 310 eiusdem
1389 268 1685 310 tloinmentarii
1721 269 1777 308 ot—

148 337 308 381 licialis.

268 408 333 450 19.
354 407 702 453 Commentarii
718 410 859 454 huius
880 423 1075 466 scopus,
1090 424 1160 453 scu
1181 425 1303 468 quem
1326 413 1362 453 in
1384 411 1459 455 lioc
1474 412 1779 453 Conmmenlario

148 481 449 536 persequimur,
485 482 544 520 est
582 479 759 533 perl'ecte
793 479 943 522 callere
977 494 1190 524 sacrorum
1221 495 1425 524 canonum
1453 484 1702 538 praescripta
1741 484 1777 524 in

147 550 215 592 illo
248 549 398 592 (lodice
431 553 636 591 contenta.
676 575 725 578 —
764 548 866 593 Hinc
900 564 1159 608 consequens
1182 554 1271 605 erit,
1299 557 1338 595 ut
1367 555 1497 609 magis
1521 553 1778 595 demit-emur

147 631 366 676 supremae
402 621 613 674 potestatis
647 622 953 663 ecclesiasticae
989 622 1249 677 prudentiam
1288 625 1522 678 regitivam,
1566 636 1670 679 quae
1706 625 1778 664 mi-

147 690 333 735 rabiliter
366 689 501 732 elucet
536 692 572 732 in
608 690 917 734 ordinatissima
952 692 1220 748 dispositione
1254 692 1780 750 (Ioniusl)‹¹i',qm1e,teste

147 761 194 806 D.
231 760 353 804 Paulo
379 760 406 813 ²,
441 765 502 802 est
536 758 726 803 Ecclesia
771 760 845 803 nei
885 762 989 807 riri:
1023 765 1075 806 ita
1111 768 1151 806 ut
1187 766 1332 819 potiori
1375 767 1531 806 ratione
1567 763 1685 807 nobis
1718 777 1779 805 ac-

147 831 257 876 cidat
290 831 398 889 quod
437 832 473 873 in
511 830 557 873 ΙΙΙ
595 831 752 888 Regum
781 831 828 885 X,
855 833 875 875 4
903 846 985 890 seq.
1015 833 1186 890 legitur;
1212 847 1383 889 nempe:
1425 850 1443 873 «
1472 833 1620 876 Yidens
1642 839 1777 876 autem

148 902 304 959 Regina
339 901 443 946 Saba
479 915 643 945 omnem
679 905 923 958 sapientiam
958 904 1205 957 Salomonis,
1237 909 1273 947 et
1309 905 1477 947 domum
1512 918 1634 961 quam
1670 905 1779 947 aedi—

148 974 360 1027 ficaverat,
396 979 432 1016 et
469 971 584 1016 cilios
620 986 785 1016 mensae
820 977 922 1026 eius,
957 980 993 1017 et
1030 974 1263 1018 habitacula
1299 975 1779 1025 serr‹›1·um,et‹n-‹lines

148 1046 487 1094 ministrantium,
525 1049 743 1101 vestesque
777 1058 937 1093 eorum,
970 1050 1008 1088 et
1046 1048 1263 1101 pincernas
1311 1050 1348 1088 et
1389 1045 1640 1088 holocausta.
1676 1058 1780 1102 quae

149 1114 347 1158 offerebat
383 1117 420 1157 in
461 1114 584 1158 domo
620 1114 796 1165 Domini,
831 1129 910 1159 non
947 1115 1127 1159 habebat
1179 1115 1282 1158 ultra
1332 1118 1537 1171 spiritum.
1588 1115 1781 1171 Dixitque

149 1185 200 1228 ad
238 1198 400 1241 regem:
440 1183 570 1228 Verus
604 1190 663 1228 est
696 1199 846 1234 sermo,
872 1200 994 1243 quem
1030 1187 1170 1229 audivi
1208 1189 1244 1228 in
1280 1190 1386 1229 terra
1414 1199 1544 1229 mea...
1573 1188 1701 1228 maior
1725 1190 1782 1228 est

150 1258 349 1313 sapientia
385 1261 423 1299 et
458 1268 582 1312 opera
620 1261 703 1311 tua,
737 1270 860 1314 (piam
900 1270 1052 1307 rumor,
1088 1270 1209 1314 quem
1254 1257 1439 1299 audivi..
1485 1259 1540 1300 Sit
1588 1256 1781 1298 Dominus

153 1325 262 1370 Deus
305 1331 400 1369 tuus
435 1325 694 1378 benedictus,
729 1329 793 1370 cui
829 1327 1128 1383 complacuisti,
1164 1331 1201 1370 et
1235 1328 1443 1370 constituit
1479 1332 1516 1369 te
1553 1340 1707 1381 regem,
1744 1331 1783 1368 ut

154 1398 312 1440 faceres
346 1398 546 1441 iudicium
583 1402 619 1441 et
657 1400 851 1441 iustitiam
881 1415 918 1442 ›>.
1145 1451 1147 1455 .

274 1468 340 1511 20-
375 1471 640 1515 Methodus
664 1468 899 1512 adhibenda
927 1471 965 1512 in
990 1468 1152 1512 Codicis
1178 1468 1279 1512 luris
1302 1468 1496 1512 (janonici
1525 1473 1636 1511 textu
1661 1467 1787 1523 expli-

152 1540 298 1586 cando,
335 1539 451 1583 nohis
486 1542 729 1596 praestituta
764 1545 824 1584 est
858 1554 878 1583 a
914 1540 1124 1596 §.Congu
1157 1541 1482 1584 Seminariorum
1519 1544 1556 1582 et
1582 1539 1788 1583 [nivei-si-

153 1614 282 1654 tatum
320 1624 390 1667 per
423 1624 601 1668 sequens
648 1611 889 1654 mandatum
936 1625 1007 1667 pro
1049 1610 1188 1654 schola
1233 1610 1385 1653 'l'extus
1424 1612 1609 1653 canonici
1645 1610 1784 1652 datum

153 1681 230 1725 sub
263 1681 385 1726 diec'i
423 1682 527 1738 Aug.
566 1681 692 1729 1917,
728 1682 837 1739 quod
875 1681 1052 1725 libenter
1100 1681 1392 1738 amplectimur
1437 1694 1483 1724 ac
1534 1695 1606 1736 pro
1651 1685 1788 1722 nostro

156 1753 323 1796 modulo
357 1766 648 1810 exsequemur.
689 1751 906 1797 Videlicet:
947 1768 966 1793 ((
993 1755 1029 1795 in
1065 1752 1205 1796 schola
1251 1751 1423 1795 antehac
1476 1750 1625 1794 Tarius
1664 1753 1787 1806 aptis·

153 1826 256 1867 sime
289 1829 538 1879 nuncupata,
576 1826 613 1866 iu
648 1836 729 1881 qua
766 1826 826 1866 ius
859 1825 1105 1867 canonicum
1143 1825 1306 1880 penitus
1338 1824 1587 1879 copioseque
1633 1821 1788 1877 praele-

154 1896 279 1950 gitur,
316 1897 366 1937 ita
404 1897 440 1936 in
478 1898 686 1950 posterum
722 1894 924 1937 eiusmodi
960 1893 1178 1950 disciplina
1214 1893 1412 1943 tradatur,
1449 1897 1488 1935 ut
1513 1892 1683 1936 alumni,
1711 1905 1788 1933 non

155 1965 276 2007 modo
309 1964 471 2008 Codicis
503 1967 705 2008 sententia
740 1964 973 2021 syntlictice
1015 1966 1234 2020 proposita,
1281 1963 1352 2006 sed
1395 1967 1589 2006 accurata
1623 1975 1789 2019 quoque

154 2037 481 2093 uniuscuiusque
515 2038 684 2079 canonis
718 2035 889 2090 analysi,
935 2035 984 2078 ad
1030 2034 1366 2091 cognoscendum
1401 2038 1440 2076 et
1475 2033 1788 2089 intelligendum

155 2106 349 2151 Codicem
389 2107 513 2150 veluti
551 2119 672 2150 manu
709 2107 939 2165 ducantur:
975 2106 1125 2150 debent
1161 2105 1318 2149 scilicet
1353 2105 1542 2148 doctores
1567 2106 1643 2147 iuri
1669 2116 1788 2147 cano-

157 2180 248 2221 nico
285 2178 498 2228 tradendo,
535 2180 621 2234 ipso
656 2178 820 2221 Codicis
853 2177 998 2220 ordine
1032 2189 1079 2220 ac
1118 2176 1331 2220 titulorum
1376 2178 1641 2232 capitumque
1686 2176 1791 2217 serie

157 2249 467 2306 religiosissime
515 2254 697 2301 servata,
746 2248 933 2305 singulos
976 2261 1156 2292 canones
1189 2247 1376 2304 diligenti
1411 2246 1699 2303 explanatione
1734 2248 1790 2287 in-

158 2323 376 2377 terpretari
402 2337 421 2361 »
453 2319 483 2361 ².

281 2391 537 2448 Propositum
573 2392 677 2435 istud
715 2391 1061 2445 obsecundantes,
1095 2392 1394 2434 connexionem
1438 2401 1641 2432 canonum
1677 2400 1791 2429 num-

158 2474 282 2519 quam
319 2465 688 2518 praetermisimus,
716 2464 797 2505 imo
823 2462 1035 2505 schemata
1063 2463 1312 2504 inseruimus
1337 2462 1561 2503 memoriae
1586 2457 1791 2500 iuvandae

159 2545 298 2576 causa.
334 2533 505 2590 Insuper
537 2547 630 2577 cum
668 2546 861 2588 canones,
885 2535 958 2575 etsi
987 2532 1195 2575 voluntate
1231 2531 1477 2588 legislatoris
1511 2531 1683 2586 positiva
1704 2542 1795 2569 ron-

158 2603 324 2657 dantur,
360 2617 437 2647 non
472 2609 566 2647 sunt
603 2618 675 2660 pro
712 2603 826 2648 libitu
875 2606 966 2653 orti,
1007 2603 1076 2646 scd
1125 2602 1285 2658 legibus
1331 2601 1498 2644 divinae
1537 2613 1583 2642 ac
1619 2598 1791 2641 naturali

162 2676 407 2727 innituntur,
441 2687 516 2718 nec
551 2674 781 2718 rationibus
825 2677 948 2717 ctiam
993 2687 1136 2717 eorum
1182 2674 1423 2716 existentiae
1457 2670 1507 2713 al)
1541 2670 1791 2725 experientia

162 2747 298 2802 petitis
330 2745 635 2799 destituuntur3
672 2750 867 2802 utrasque
916 2750 1053 2788 autem
1096 2756 1345 2800 cognoscere
1389 2745 1463 2784 erit
1504 2739 1708 2783 absduliio
1744 2741 1798 2779 in-

281 2898 291 2920 1
320 2897 338 2931 Ι
366 2897 432 2931 Ad
459 2897 630 2932 Timoth.
666 2897 737 2938 ΠΙ,
769 2898 820 2932 15.
855 2917 891 2921 —
920 2897 933 2918 '³
961 2896 1036 2931 CO.
1067 2895 1136 2935 IX,
1164 2895 1242 2929 439.
