1950 3313
185 190 251 224 182
759 185 972 234 APPENDIX
997 192 1053 218 AD
1081 184 1165 218 LIB.
1196 184 1224 218 Ι.

181 307 470 366 Typographia
506 305 720 362 Poliglotta
756 303 965 357 Vaticana,
1002 302 1065 346 vel
1101 302 1168 345 alii
1203 302 1468 360 Typographi
1493 303 1717 358 ‘Pontificii,
1736 305 1807 362 qui

182 393 204 423 a
240 380 361 423 Sacra
387 378 553 421 Rituum
573 375 901 432 Congregatione
928 375 1089 416 veniam
1115 372 1381 418 obtinuerint.

358 448 422 491 lll.
455 447 624 503 Singula
657 445 848 488 editionis
881 446 1045 501 typicae
1079 443 1170 487 lolia
1208 446 1402 487 revisioni
1446 445 1596 488 Sacrae
1639 444 1807 489 Rituum

181 520 524 577 Congregationis
556 517 864 569 submittentur,
900 527 1004 572 quae
1022 528 1093 558 seu
1118 513 1429 559 Commissionis
1461 515 1708 572 Liturgicae,
1735 529 1807 559 seu

181 591 490 636 Commissionis
522 589 573 632 de
607 587 757 630 Musica
793 590 831 629 et
854 586 982 630 Cantu
1018 586 1156 642 Sacro⁷
1192 588 1303 629 iuxta
1329 588 1693 643 opportunitatem,
1717 599 1807 630 sen-

183 665 350 707 tentiam
385 662 586 718 exquiret.

362 731 424 777 lV.
459 732 642 787 Quaevis
665 732 801 787 typica
826 730 952 773 editio
985 728 1295 786 approbationis
1328 730 1453 772 refert
1485 728 1722 781 Decretum,
1751 733 1808 771 ta—

189 808 266 848 lem
300 805 521 848 editionem
556 816 644 846 esse
678 803 861 858 typicam
906 800 1136 855 declarans,
1178 799 1385 858 simulque
1417 799 1609 843 omnibus
1641 800 1807 844 editori-

188 876 261 920 bus
300 874 598 932 praescribens,
633 878 674 917 ut
710 873 945 930 praedictae
989 871 1158 915 editioni
1201 873 1366 928 typicae
1409 872 1566 915 futuras
1609 871 1810 915 editiones

186 949 352 991 omnino
375 947 647 990 conforment.

428 1015 488 1058 Vl.
523 1007 672 1069 Quivis
703 1015 1019 1073 Typographus‚
1051 1014 1276 1058 accedente
1308 1027 1511 1058 consensu
1544 1018 1583 1057 et
1605 1014 1809 1070 approba-

188 1091 296 1132 tione
330 1090 549 1145 respectivi
584 1085 810 1140 (Ji-dinarii,
845 1086 1047 1130 editiones
1070 1085 1192 1128 iuoetd
1219 1085 1394 1144 typicas,
1418 1097 1524 1143 quae
1548 1097 1696 1140 nempe
1719 1083 1812 1127 ada-

189 1161 356 1203 mussim
393 1159 612 1216 praedictis
644 1157 894 1202 editionibus
919 1157 1071 1216 typicis
1095 1157 1386 1214 respondeant,
1419 1155 1628 1199 excudere
1668 1158 1810 1211 potest.

367 1230 446 1275 Vll.
483 1230 571 1274 Rffii
608 1230 791 1273 locorum
816 1227 1043 1281 Ordinarii‚
1073 1228 1260 1285 diligenti
1280 1240 1505 1285 rerumque
1524 1226 1809 1282 liturgicarum

188 1305 317 1360 perito
351 1304 570 1346 constituto
605 1303 802 1355 revisore,
836 1303 906 1358 qui
944 1300 1080 1343 videat
1124 1313 1174 1343 an
1219 1300 1426 1357 praefatae
1458 1298 1660 1341 editiones
1694 1296 1812 1353 plane

187 1387 281 1417 cum
317 1375 465 1430 typicis
507 1372 772 1427 concordent,
808 1371 930 1415 talem
964 1370 1303 1414 concordantiam
1343 1369 1557 1413 declarent
1594 1373 1633 1411 et
1665 1366 1811 1425 immi-

189 1449 330 1487 matui·
361 1449 582 1500 apponant.

308 1517 404 1559 16⁶2.
440 1518 629 1562 Divisio
653 1517 771 1561 iuris
795 1516 1005 1571 liturgici
1043 1513 1208 1556 videtur
1244 1512 1494 1569 adoptanda,
1528 1523 1634 1568 quae
1658 1509 1812 1552 indica-

189 1590 255 1632 tur
288 1590 325 1630 in
360 1600 448 1631 can.
485 1587 522 1631 ἱ),
557 1586 701 1641 Quoad
735 1589 1009 1640 sacramenta,
1048 1596 1153 1642 quae
1177 1597 1226 1627 ex
1252 1596 1377 1640 opere
1401 1585 1489 1638 ipso
1518 1583 1692 1638 gratiam
1717 1592 1813 1623 con-

190 1660 321 1702 ferunt
357 1657 649 1715 recipientibus
682 1669 742 1711 ea,
777 1659 850 1699 etsi
886 1655 1022 1699 cultus
1045 1668 1211 1713 quoque
1235 1653 1319 1698 Deo
1343 1652 1591 1697 exhibeatur
1613 1654 1651 1694 in
1676 1653 1811 1694 cuius-

190 1729 288 1773 libet
318 1731 563 1773 sacramenti
607 1729 991 1772 administratione:
1031 1726 1167 1785 quoad
1208 1725 1363 1769 cultum
1399 1725 1601 1773 divinum,
1637 1734 1811 1778 nempe:

196 1817 217 1843 ((
240 1803 278 1844 in
313 1800 590 1844 celebratione
613 1801 863 1842 sacrosancti
897 1798 1043 1842 Missae
1075 1798 1269 1841 sacrificii
1293 1795 1467 1853 aliisque
1490 1796 1619 1838 sacris
1642 1794 1815 1836 functio-

191 1872 311 1916 nibus
344 1871 652 1929 peragendis»,
689 1883 761 1926 per
793 1883 915 1927 quem
950 1869 1107 1912 cultum
1131 1870 1290 1925 gratiae
1313 1866 1551 1911 obtinentur
1579 1862 1815 1908 hominibus

190 1942 417 1986 secundum
451 1955 592 1985 eorum
627 1941 920 1984 devotionem:
956 1940 1136 1997 denique
1168 1938 1305 1996 quoad
1347 1935 1709 1980 sacramentalium
1743 1933 1813 1977 ad-

192 2014 551 2056 ministrationem.
586 2024 691 2069 quae
724 2013 898 2068 gratiam
935 2024 1013 2054 non
1048 2013 1219 2054 causant
1251 2022 1300 2052 ex
1326 2021 1452 2065 opere
1491 2009 1593 2063 ipso,
1625 2005 1696 2049 sed
1720 2017 1814 2048 cum

195 2086 272 2127 sint
305 2083 354 2127 ad
390 2083 557 2126 modum
592 2088 948 2126 sacramentorum
982 2084 1181 2135 instituta,
1210 2082 1369 2137 gratiae
1393 2092 1466 2135 per
1489 2077 1557 2121 illa
1580 2075 1817 2120 obtinentur

192 2168 240 2198 ex
276 2153 484 2197 Ecclesiae
518 2153 710 2210 precibus
743 2165 789 2196 ac
823 2166 871 2196 ex
899 2154 1101 2196 utentium
1126 2152 1360 2195 devotione,

314 2225 408 2267 163.
447 2226 759 2270 Praestantia
793 2228 841 2270 et
878 2225 1163 2270 necessaria
1200 2223 1418 2280 cognitio
1444 2221 1609 2277 legum
1632 2218 1817 2274 liturgi-

193 2310 373 2342 carum.
405 2295 465 2338 Ad
502 2295 812 2351 intelligentiam
859 2296 1133 2352 praestantiae
1176 2293 1462 2349 liturgicarum
1507 2290 1643 2346 legum
1683 2289 1814 2332 consi·

193 2367 340 2410 derare
372 2371 557 2423 oportet:
592 2366 700 2423 quod
736 2368 849 2409 iuxta
882 2365 927 2408 D.
953 2365 1231 2422 Augustinum
1258 2364 1300 2407 1;
1340 2378 1360 2403 (ι’
1382 2361 1494 2405 Deus
1530 2360 1678 2404 colitur
1720 2359 1816 2410 fide,

193 2450 263 2493 spe
297 2441 335 2479 et
367 2436 610 2480 charitate»
649 2441 685 2479 et
721 2436 797 2479 hoc
832 2438 963 2492 ipsum
999 2435 1178 2492 explicat
1213 2433 1257 2477 D.
1290 2433 1482 2489 Thomas,
1507 2433 1601 2488 quia
1642 2448 1660 2470 «
1689 2432 1815 2472 virtu·
1886 2450 1888 2452 v

195 2512 254 2550 tes
298 2507 389 2550 illae
423 2506 721 2562 theologicae...
771 2520 843 2549 suo
877 2509 1051 2562 imperio
1094 2509 1265 2550 causant
1298 2508 1414 2548 actus
1457 2502 1668 2558 religionis
1710 2512 1816 2558 quae

197 2582 391 2634 operatur
423 2578 625 2635 quaedam
663 2579 700 2619 in
735 2577 879 2620 ordine
913 2578 961 2620 ad
998 2576 1128 2620 Deum
1149 2577 1230 2619 2’));
1257 2577 1426 2631 insuper
1453 2577 1569 2616 actus
1590 2573 1830 2615 exteriores,

195 2648 330 2692 cultus
367 2653 460 2691 sunt
501 2661 625 2691 verae
670 2650 984 2704 protestationes
1017 2648 1113 2691 fidei
1147 2647 1291 2691 dantes
1323 2645 1497 2702 gloriam
1535 2642 1633 2697 Dec,
1667 2654 1713 2685 ac
1752 2641 1818 2684 de-

195 2721 380 2763 serviunt
415 2724 453 2762 et
490 2718 614 2762 veluti
651 2719 935 2761 manuducunt
968 2721 1150 2762 animum
1187 2722 1370 2760 nostrum
1396 2719 1438 2759 ut
1461 2728 1504 2758 se
1528 2713 1613 2757 Deo
1637 2712 1817 2769 perfecte

194 2789 398 2843 subiiciat,
433 2791 470 2832 in
504 2803 587 2846 quo
622 2789 729 2832 illius
763 2790 961 2845 perfectio
993 2791 1193 2832 consistit.
1218 2787 1324 2831 Hinc
1356 2789 1529 2843 apparet
1560 2784 1725 2827 virtutis
1758 2794 1818 2824 re—

314 2943 323 2963 ¹
351 2940 551 2975 Enchirid.
572 2952 652 2985 cap.
682 2941 713 2975 3.
731 2940 800 2965 -2
827 2940 878 2983 ΙΙ,
908 2940 958 2980 ΙΙ,
988 2952 1023 2984 q.
1053 2939 1237 2981 LXXXI,
1266 2950 1298 2973 a.
1325 2939 1359 2982 5,
1380 2936 1427 2971 ad
1448 2938 1507 2970 1¹¹².
