1950 3313
154 146 199 180 94
611 139 614 143 ’
662 142 747 177 LIB.
776 143 808 177 Ι.
840 162 850 169 -«
875 144 1047 178 Normae
1067 145 1265 188 generales

155 268 263 306 tores
312 262 500 317 designat
549 259 834 304 notabiliorem
872 263 977 303 inter
1015 273 1166 317 graves
1202 261 1325 304 studii
1366 260 1673 317 negligentiam,
1713 261 1781 304 de·

154 346 265 376 mum
300 331 500 389 affectata
534 333 698 387 proprie
735 336 906 374 vocatur
948 330 1072 374 volita
1115 331 1271 375 directe
1315 333 1560 387 ignorantia,
1596 332 1779 375 fortassis

153 408 194 447 ut
229 406 316 446 sine
352 416 536 445 remorsu
572 402 902 458 transgrediatur
926 401 1057 458 legem
1087 401 1149 445 vel
1183 407 1350 458 propter
1376 401 1626 445 voluntatem
1653 404 1781 458 ipsius

153 475 506 530 transgressionis.
544 472 729 529 Denique
770 474 999 528 ignorantia
1035 472 1231 529 distingui
1278 477 1409 529 potest
1450 473 1678 516 secundum
1723 473 1778 516 di-

157 557 297 587 versas
320 557 395 593 ,res
428 543 479 586 de
512 542 663 600 quibus
695 545 910 599 contingit.

270 613 343 657 His
379 616 704 670 praesuppositis
737 615 876 656 statuit
912 618 938 668 ,ξ
973 617 1006 656 1.
1041 613 1174 657 Nulla
1208 627 1257 656 ex
1293 614 1427 668 dictis,
1461 615 1583 657 etiam
1611 615 1783 656 invinci-

156 684 247 728 bilis
281 684 526 741 iynorcmlia
563 686 727 740 proprie
760 684 884 740 dicta,
918 686 1012 741 quia
1048 697 1192 727 omnes
1225 687 1262 727 in
1297 683 1481 728 Ecclesia
1517 697 1588 741 pro
1612 684 1780 727 diverso

153 761 273 809 statu,
307 755 439 811 gradu
475 759 514 797 et
546 755 681 798 officio
717 757 752 797 in
788 757 1040 798 conscicntia
1075 754 1228 798 debent
1261 757 1367 798 scire
1391 754 1502 811 leges
1527 768 1597 811 pro
1621 755 1775 797 eisdem

153 826 267 879 latas,
302 825 438 882 [aqum
473 825 864 877 ecclesiasticarum,
889 826 959 868 sed
988 827 1172 881 praecise
1196 824 1464 868 irritantium
1488 830 1562 867 aut
1586 823 1779 867 inhabile·-

153 896 347 952 lamiwn,
382 901 586 953 quatenus
619 895 724 939 hanc
759 896 945 939 irritandi
984 895 1046 939 vel
1073 895 1361 939 inhabilitandi
1389 898 1471 938 vim
1495 898 1706 939 continent
1727 896 1778 939 ad

151 980 241 1011 can.
280 967 322 1009 11
353 966 621 1021 declaratam,
650 966 711 1009 vel
739 968 861 1010 etiam
893 969 1075 1016 omnino,
1115 966 1164 1009 ab
1201 966 1355 1009 eisdem
1397 966 1647 1010 sustinendis
1684 961 1780 1010 cum¹

152 1039 297 1082 ettectu
333 1043 518 1093 mensal,
554 1040 604 1080 ita
643 1043 685 1080 ut
707 1041 824 1081 actus
847 1042 988 1081 contra
1014 1036 1082 1081 eas
1117 1039 1234 1094 positi
1260 1037 1412 1080 nullius
1434 1038 1604 1081 effectus
1625 1039 1705 1080 sint
1727 1050 1778 1080 ex

153 1110 255 1161 iure,
279 1110 337 1151 sic
361 1107 646 1164 proveniendo
673 1110 791 1151 unice
815 1122 862 1150 ex
896 1107 1143 1164 legislatoris
1168 1107 1379 1151 voluntate
1412 1107 1464 1151 ob
1494 1109 1779 1151 necessitatem

153 1179 246 1223 boni
281 1181 527 1231 communis,
562 1183 756 1236 quocirca
791 1177 1081 1235 subsequitur:
1117 1178 1201 1221 nisi
1225 1177 1359 1230 aliud,
1383 1179 1563 1222 scilicet:
1597 1177 1779 1235 aliquam

151 1262 352 1294 excusare
372 1251 662 1306 ignorantiam,
687 1263 882 1306 ezrpresse
908 1248 1045 1292 verbis
1073 1249 1249 1292 alicuius
1272 1252 1441 1293 canonis
1463 1248 1645 1305 dicatur,
1669 1248 1779 1306 quod

153 1323 279 1364 asseri
319 1322 460 1377 nequit
493 1320 543 1362 de
569 1319 742 1376 legibus,
767 1333 872 1376 quae
896 1320 1001 1363 ultra
1026 1319 1348 1363 ecelesiasticam
1374 1322 1662 1363 auctoritatem
1687 1324 1782 1362 sunt

156 1393 416 1435 constitutae.
454 1391 604 1447 Legum
633 1391 865 1447 poenalium
908 1393 1139 1446 ignorantia
1173 1394 1282 1434 circa
1324 1393 1433 1447 ipsas
1472 1403 1624 1447 poenas
1663 1390 1781 1446 plene

157 1464 373 1519 inspicitur
407 1464 443 1504 in
479 1474 568 1505 can.
605 1462 731 1506 2229.
768 1461 823 1504 De
859 1464 1088 1518 ignorantia
1126 1475 1223 1504 vero
1257 1474 1617 1519 quarumcumque
1642 1461 1780 1517 legum

153 1533 528 1577 ecclesiasticarum
564 1535 674 1576 circa
708 1546 850 1576 earum
889 1535 1203 1589 praescriptum,
1224 1532 1322 1575 nibil
1358 1534 1432 1576 fuit
1466 1534 1553 1576 iure
1581 1534 1782 1576 canonico

154 1604 393 1647 addendum
421 1606 601 1661 iis,quae
626 1608 770 1646 natura
794 1608 1005 1647 coustant:
1030 1617 1123 1647 cum
1151 1603 1213 1646 lex
1241 1605 1377 1659 ignota
1401 1606 1562 1646 servari
1586 1608 1780 1660 nequeat.

270 1673 371 1719 Cum
422 1679 557 1717 autem
609 1677 841 1731 ignorantia
890 1674 1172 1717 diversimode
1223 1675 1366 1717 influat
1400 1677 1436 1717 in
1477 1673 1777 1730 obligationum

153 1745 540 1801 adimplementum‚
572 1750 611 1788 et
645 1746 826 1788 intluxus
859 1745 927 1788 ille
959 1758 1100 1788 secum
1135 1747 1307 1788 effectus
1340 1745 1508 1788 inducat
1540 1757 1678 1788 coram
1703 1743 1780 1787 Ec-

153 1816 291 1871 clesia,
326 1817 667 1860 determinandus
700 1818 774 1860 tuit
807 1817 955 1861 modus
988 1815 1101 1873 (cum
1139 1816 1203 1859 illa
1239 1829 1311 1872 per
1342 1829 1385 1859 se
1430 1818 1534 1859 intra
1572 1815 1778 1858 hominem

154 1887 297 1944 lateat.)
334 1887 633 1931 rationabiliter
666 1887 979 1931 coniecturandi
1004 1900 1109 1931 eam.
1145 1886 1202 1930 De
1227 1886 1304 1930 boc
1333 1888 1567 1930 invenimus
1591 1898 1778 1929 normam

155 1958 392 2015 generalem
428 1958 503 2002 sub
537 1960 561 2012 ἓ
593 1960 635 2001 2.
674 1957 921 2015 lynorantz'a
967 1960 1131 2014 proprie
1173 1957 1396 2015 quaelibet,
1437 1957 1499 2000 vel
1540 1970 1676 2010 error,
1710 1958 1779 2014 qui

159 2031 324 2085 proprie
357 2033 418 2072 est
456 2029 699 2072 «iudicium
736 2029 881 2072 salsum
917 2029 968 2072 (le
1001 2028 1139 2086 aliqua
1175 2042 1216 2072 re
1241 2044 1278 2071 )).
1323 2033 1363 2071 et
1396 2030 1433 2070 in
1478 2028 1556 2071 hoc
1598 2040 1779 2071 canone:

155 2098 199 2156 a)
234 2099 347 2142 eirea
375 2099 521 2157 leqew,
554 2112 659 2156 (tuae
691 2099 923 2143 subiectum
961 2102 1155 2155 ignorans
1190 2101 1394 2155 respiciat,
1433 2111 1480 2142 ac
1524 2098 1695 2154 proinde
1728 2097 1783 2141 ab

155 2170 300 2213 eodem
335 2170 518 2220 scienda,
551 2169 589 2226 b)
626 2176 699 2212 au!
726 2184 920 2228 poenam,
955 2171 1033 2226 legi
1069 2183 1147 2213 non
1184 2170 1451 2226 ignorandae,
1486 2174 1528 2212 ut
1559 2181 1697 2225 supra,
1741 2172 1780 2211 et

156 2245 438 2296 transgressae
471 2241 692 2294 adnexam,
731 2240 792 2283 vel
829 2240 1012 2297 legitime
1045 2254 1140 2284 eum
1174 2240 1358 2284 eiusdem
1386 2241 1641 2282 intimatione
1675 2240 1778 2281 inssi-

155 2315 285 2364 ctam;
321 2316 357 2354 et
392 2313 487 2368 quia
522 2313 634 2354 iuxta
671 2324 757 2366 reg.
791 2313 890 2353 iuris
924 2311 978 2353 45
1014 2313 1050 2353 in
1087 2310 1158 2353 6⁰:
1199 2310 1487 2366 «inspicimus
1521 2311 1559 2352 in
1593 2309 1782 2352 obscuris

153 2381 261 2438 quod
297 2387 357 2424 est
395 2381 674 2435 verisimilius,
711 2381 774 2424 vel
808 2382 916 2438 quod
954 2380 1198 2438 plerumque
1233 2382 1321 2424 lieri
1356 2383 1573 2424 consuevit
1596 2396 1634 2429 )),
1669 2379 1784 2422 addi—

156 2456 244 2495 tur:
280 2452 317 2510 c)
350 2458 424 2495 aut
457 2453 570 2495 cirea
602 2452 763 2510 factum
794 2452 1015 2510 propt-ima
1049 2465 1097 2495 eo
1131 2452 1239 2508 quod
1274 2464 1295 2495 a
1319 2454 1453 2508 seipso
1488 2453 1678 2507 positum,
1717 2450 1781 2494 vel

154 2523 262 2579 quod
299 2525 426 2578 ipsius
457 2523 694 2566 notabiliter
728 2525 910 2575 interest,
945 2522 989 2579 cl)
1019 2529 1092 2565 aut
1116 2522 1229 2565 eirea
1252 2521 1411 2578 factum
1435 2521 1632 2575 alienum,
1657 2523 1778 2564 etiam

155 2595 263 2652 quod
300 2599 483 2637 nostrum
520 2607 597 2636 non
635 2595 807 2647 intersit,
841 2593 910 2636 sed
949 2593 1175 2646 notoriumg
1215 2593 1324 2650 quod
1370 2606 1418 2636 ex
1465 2591 1552 2635 loco
1585 2591 1784 2648 parallelo

155 2678 244 2709 can.
281 2665 408 2717 2197,
444 2663 487 2707 2⁰
520 2669 556 2707 et
594 2664 637 2706 3⁰
673 2669 800 2720 potest
836 2677 923 2707 esse
971 2663 1032 2706 vel
1086 2666 1334 2706 «notorium
1381 2665 1624 2706 notorietate
1667 2664 1779 2716 iuris,

156 2740 243 2793 post
276 2738 520 2779 sententiam
558 2735 705 2778 iudicis
737 2738 1010 2790 competentis
1042 2747 1149 2792 quae
1183 2736 1220 2777 in
1247 2747 1332 2777 rem
1364 2733 1584 2777 iudicatam
1612 2735 1782 2776 transie-

156 2809 206 2849 rit
239 2812 307 2850 aut
342 2811 431 2863 post
463 2807 762 2849 confessionem
790 2807 826 2847 in
853 2805 1005 2848 iudicio
1030 2806 1178 2848 t'actam
1203 2805 1253 2848 ad
1281 2817 1467 2848 normam
1493 2816 1582 2847 can.
1610 2802 1720 2845 1750
1741 2818 1781 2853 »,

159 2876 220 2920 vel
261 2892 281 2917 «
306 2879 548 2919 notorietate
583 2878 691 2930 sacti,
725 2877 756 2918 si
793 2875 954 2931 publice
990 2880 1129 2918 notum
1165 2877 1215 2919 sit
1249 2880 1288 2918 et
1323 2878 1361 2917 in
1396 2874 1545 2917 talibus
1572 2873 1782 2916 adiunctis
