1950 3313
173 167 239 200 154
689 162 773 195 Lm.
799 162 829 194 Ι.
862 182 871 186 -
899 162 1069 195 Normae
1090 162 1288 205 ,qenerales

174 286 247 326 rita
283 286 320 325 in
355 296 441 338 cap.
485 283 532 324 15
572 297 590 321 «
616 282 667 324 de
693 282 901 336 rescriptis
927 296 945 320 »
986 293 1023 322 in
1060 281 1102 322 (50
1137 280 1182 335 (l,
1218 279 1260 337 3)
1296 285 1333 323 et
1367 282 1478 324 circa
1513 283 1710 337 rescripta
1734 283 1793 324 iu-

170 355 304 395 stitiae
349 354 483 395 futura
529 354 565 393 in
611 363 700 406 cap.
737 351 804 405 Q8,
840 349 872 392 X
914 366 933 390 «
957 350 1008 393 de
1043 352 1296 406 rescriptis»
1337 350 1383 407 (t,
1419 350 1462 408 3)
1495 353 1534 394 in
1574 352 1654 394 tine
1687 365 1796 395 nunc

173 428 365 465 revocato
401 437 472 478 per
515 434 604 465 can.
642 421 707 466 37.
745 420 785 476 b)
820 426 893 462 aa!
927 419 995 462 [ατ
1029 420 1238 476 praedicta
1285 420 1375 463 lata
1418 420 1474 463 sit
1507 435 1531 463 a
1565 420 1797 479 Saperiore

171 497 208 536 in
243 493 473 536 hierarchia
510 492 804 535 iurisdictionis
838 491 972 548 ipsias
1004 488 1217 535 Ordinarii
1242 490 1510 534 rescribentis
1543 492 1670 536 idest:
1705 505 1797 536 auc-

170 567 269 607 toris
304 566 503 620 rescripti,
538 563 608 606 sed
645 565 682 604 in
717 561 915 604 atterutro
949 574 1046 605 casu
1084 563 1263 616 praefata
1303 562 1367 606 lex
1408 578 1428 603 ((
1454 565 1537 605 vim
1577 575 1692 606 suam
1731 577 1798 606 ex-

170 638 310 678 serit»
348 636 558 690 supposita
594 632 939 690 promulgatione,
972 635 1003 675 si
1040 632 1148 676 illico
1183 633 1293 689 liget,
1333 633 1397 676 vet
1431 633 1593 690 expleta
1631 647 1797 691 quoque

171 706 355 749 eiusdem
394 707 619 748 racatione.

294 776 384 821 127.
423 778 494 821 De
527 778 875 832 rescriptorum
920 773 1273 832 peremptione.
1316 775 1429 819 Haec
1472 788 1494 819 a
1533 778 1798 819 revocatione

170 848 432 893 discernitur,
467 851 670 904 quatenus
691 848 900 889 revocatio
924 849 1087 903 attingit
1112 849 1326 902 rescripta,
1346 849 1418 889 etsi
1444 849 1576 902 gratia
1602 860 1673 902 per
1696 846 1797 889 haec

173 921 251 962 iam
286 920 336 961 sit
369 917 549 971 obtenta,
595 919 825 973 peremptio
867 922 1002 960 autem
1040 922 1082 960 ut
1117 917 1341 974 plurimum
1383 917 1450 960 illa
1485 917 1666 960 nondum
1706 930 1799 960 exe-

172 993 321 1046 quuta;
358 991 453 1032 item
481 990 690 1031 revocatio
724 990 916 1044 provenit
950 988 1190 1031 immediate
1223 1002 1271 1031 ex
1308 993 1402 1032 actu
1436 990 1670 1045 Superioris
1693 990 1798 1044 posi-

172 1063 258 1102 tivo
292 1062 329 1102 in
366 1059 474 1102 ittam
508 1061 678 1114 directo7
714 1061 941 1115 peremptio
980 1064 1118 1102 autem
1143 1061 1331 1117 sequitur
1364 1073 1413 1102 ex
1439 1064 1594 1102 eventu
1617 1059 1797 1116 quodam

173 1133 211 1173 in
245 1133 368 1173 certis
391 1132 726 1184 circumstantiis,
749 1135 787 1172 ut
810 1143 858 1173 ex
884 1144 977 1174 cau.
996 1133 1064 1173 61.
1086 1129 1163 1172 Per
1180 1129 1449 1188 Apostolicae
1471 1129 1597 1173 Sedis
1620 1143 1796 1185 nempe:

172 1201 343 1244 Romani
382 1201 587 1244 t'ontiticis
620 1200 733 1244 obitu
771 1200 832 1244 vet
870 1203 1194 1252 renunciatione,
1220 1206 1293 1243 am
1317 1200 1519 1244 dioecesis
1538 1203 1797 1244 uniuscuius-

172 1285 264 1329 que.
299 1286 379 1329 qno
419 1274 627 1314 «nomine
670 1273 779 1314 venit
822 1285 987 1329 quoque
1030 1271 1194 1315 abbatia
1231 1271 1294 1315 vel
1330 1271 1564 1328 praelatura
1599 1270 1750 1314 nultius
1773 1286 1794 1311 ))

170 1346 276 1395 (can.
313 1343 409 1397 ⁶213,
442 1342 469 1400 g
505 1342 561 1399 Ξ),
595 1348 633 1385 et
667 1342 719 1386 ob
754 1342 861 1386 hunc
895 1356 1095 1386 canonem
1131 1347 1335 1400 quatenus
1375 1358 1395 1383 ((
1419 1342 1470 1386 de
1503 1342 1579 1386 hac
1613 1356 1657 1385 re
1695 1342 1800 1385 desit

172 1427 413 1469 expressum
436 1415 733 1469 praescriptum
755 1412 857 1469 legis
875 1413 1078 1470 (quoque)
1100 1413 1362 1470 particularis
1386 1429 1405 1454 ))
1444 1413 1553 1470 (can.
1579 1412 1650 1470 90)
1676 1414 1798 1456 etiam

174 1483 404 1527 vicariatus
441 1484 501 1526 vel
540 1485 826 1527 l'raei'ecturae
859 1484 1107 1540 apostolicae
1140 1484 1400 1527 'vacationem
1436 1486 1799 1537 «renunciatione,

175 1557 417 1611 privatione,v
453 1558 673 1608 amotione,
709 1554 975 1598 translatione
1002 1571 1020 1596 ›>
1060 1555 1168 1612 (can.
1206 1555 1301 1603 183,
1334 1554 1424 1613 gl)
1459 1554 1659 1598 autobitu
1685 1554 1802 1597 Prae-

175 1626 255 1680 tati,
291 1625 452 1668 vallam
486 1629 573 1668 sive
609 1629 645 1668 in
682 1627 812 1668 forma
846 1629 1040 1683 gratiosa,
1073 1628 1162 1669 sive
1197 1627 1393 1669 informa
1417 1627 1701 1669 commissoria
1726 1627 1800 1668 etsi

174 1696 354 1738 nondum
382 1701 633 1753 exequutum
669 1695 852 1739 eiusdem
888 1695 1008 1739 Sedis
1041 1695 1307 1754 Apostolicae
1340 1696 1390 1739 ad
1425 1708 1612 1738 normam
1648 1707 1738 1738 can.
1775 1695 1798 1738 7

174 1780 244 1809 seu
279 1765 425 1809 Curiae
459 1766 680 1813 Romanae,
716 1769 908 1824 quamvis
942 1767 1043 1810 haec
1077 1769 1243 1810 nomine
1278 1766 1450 1810 Romani
1493 1766 1701 1809 Pontiticis
1739 1778 1799 1808 re-

175 1839 396 1892 scripserit„
432 1843 505 1879 aiat
547 1837 773 1880 ordinarii
811 1838 1034 1894 singularis
1067 1838 1248 1881 officinm
1289 1838 1518 1881 amittentis
1549 1835 1801 1894 rescriptum

174 1907 414 1963 perirm'lar,
448 1907 551 1950 idest
584 1914 715 1951 cessat
751 1911 837 1965 ipso
861 1911 950 1952 iure
983 1922 1053 1952 seu
1080 1910 1184 1952 sacto
1212 1911 1292 1951 vim
1319 1907 1485 1955 habere,
1509 1907 1549 1964 a)
1574 1907 1659 1949 arsi
1682 1905 1802 1949 aliud

176 1991 227 2019 εχ
259 1976 418 2019 ‹aldi‘li's
452 1980 488 2020 in
525 1979 668 2021 eodem
703 1978 908 2021 clausulis
942 1985 1165 2037 appareat,
1201 1982 1319 2023 cuius
1353 1978 1592 2034 exemplum
1627 1977 1803 2020 ostendi-

176 2052 243 2090 tur
275 2051 312 2090 in
346 2062 434 2104 cap.
472 2050 494 2091 53
534 2050 627 2092 «de
663 2053 915 2106 rescriptis»
956 2053 993 2093 in
1031 2052 1073 2093 6Ο
1108 2050 1154 2106 (1,
1191 2052 1246 2106 3).
1281 2051 1349 2093 Ait
1382 2051 1491 2092 enim
1528 2049 1653 2092 Bonis.
1693 2047 1799 2090 Vlll:

183 2134 202 2159 a
226 2120 264 2162 Si
300 2122 477 2175 gratiose
512 2120 581 2163 tibi
617 2133 636 2163 a
672 2121 857 2164 Romano
883 2122 1079 2165 Pontitice
1102 2121 1370 2172 concedatur,
1396 2125 1438 2163 ut
1462 2119 1801 2176 beneticia,quae

178 2194 362 2245 tempore
406 2195 498 2233 tuae
538 2182 805 2246 promotionis
838 2191 1068 2244 obtinebas,
1102 2205 1242 2248 posses
1276 2204 1406 2249 usque
1439 2191 1489 2234 ad
1523 2202 1621 2233 suae
1659 2189 1801 2232 voiun-

177 2262 271 2303 tatis
295 2259 596 2316 beneplacitum
623 2264 827 2305 retinere:
863 2262 1100 2306 huiusmodi
1125 2265 1300 2319 gratiam
1329 2276 1400 2318 per
1423 2264 1511 2305 eius
1534 2260 1705 2312 obitum,
1731 2273 1803 2317 per

176 2342 299 2386 quem
336 2333 461 2385 ipsius
495 2330 796 2387 beneplacitum
831 2335 998 2376 omnino
1033 2335 1304 2390 extinguitur,
1337 2346 1385 2375 eo
1419 2334 1506 2388 ipso
1538 2333 1712 2387 expirat.
1737 2330 1803 2374 Se-

176 2413 249 2443 cus
272 2406 407 2443 autem
433 2404 463 2443 si
500 2415 628 2459 usque
661 2403 709 2445 ait
744 2403 1006 2459 Apostolicae
1040 2404 1158 2447 Sedis
1199 2403 1506 2459 beneplacitum
1542 2403 1673 2458 gratia
1707 2413 1803 2444 con-

176 2471 347 2513 cedatur
382 2472 590 2527 praedicta
612 2490 619 2515 :
654 2478 751 2516 tuuc
774 2475 897 2529 enim,
932 2477 1027 2532 quia
1062 2474 1188 2517 Sedes
1213 2476 1298 2530 ipsa
1325 2486 1405 2516 non
1427 2475 1613 2524 moritur,
1637 2470 1802 2515 durabit

178 2546 388 2596 perpetuo,
434 2544 508 2584 nisi
543 2555 563 2585 a
597 2556 836 2586 successore
870 2546 1004 2587 Juerit
1049 2550 1306 2591 revocata».
1346 2569 1397 2574 -
1432 2543 1630 2600 idemque
1664 2541 1802 2585 valere

176 2611 227 2654 de
262 2614 470 2668 rescriptis
500 2615 536 2655 in
563 2614 690 2656 forma
715 2617 999 2657 comitiissoria
1023 2615 1252 2658 secundun]
1280 2617 1343 2657 ius
1366 2613 1660 2668 Decretalium‚
1685 2625 1800 2656 cons·

176 2687 322 2741 tatssex
369 2696 456 2739 cap.
492 2685 514 2725 9
555 2684 649 2726 «de
692 2685 825 2727 oliicio
864 2690 902 2727 et
948 2690 1148 2740 potestate
1193 2685 1342 2728 iudicis
1385 2684 1607 2740 delegati»
1647 2683 1692 2741 (1,
1730 2680 1799 2738 14)

177 2754 215 2794 in
251 2752 321 2795 60:
362 2769 381 2793 «
405 2755 443 2796 Si
478 2767 602 2810 super
635 2757 766 2810 gratia
800 2757 993 2812 cuiquam
1030 2755 1080 2799 ab
1114 2755 1348 2812 Apostolica
1382 2755 1487 2798 Sede
1531 2756 1636 2798 tacta
1668 2755 1800 2810 (iuxta

175 2836 374 2867 canonem
410 2826 532 2867 etiam
566 2824 616 2867 ab
650 2822 898 2878 Ordinariis)
932 2831 1197 2869 exsecutores
1222 2827 1373 2869 fuerint
1399 2825 1597 2881 deputati,
1622 2835 1799 2881 aequum

174 2906 262 2936 esse
295 2907 523 2944 censemus,
561 2900 601 2937 ut
635 2897 741 2938 sicut
774 2898 858 2951 ipsa
894 2898 1025 2952 gratia
1061 2896 1174 2953 (ticet
1210 2896 1394 2939 nondum
1427 2897 1478 2938 sit
1511 2898 1550 2937 in
1586 2897 1674 2938 eius
1706 2905 1801 2936 exe-
