1950 3313
162 151 230 186 148
665 146 750 179 LIB.
778 145 809 179 Ι.
839 165 851 169 -
879 145 1049 179 Normcze
1081 143 1277 187 qenerales

160 269 354 312 videatur
378 266 575 323 inclt'qnus
600 265 708 308 illius
731 265 1026 317 concessionis,
1049 267 1094 304 nt
1117 261 1299 305 aliorum
1336 261 1558 318 offensioni
1589 262 1703 319 (quin
1733 261 1784 305 de

159 338 353 383 scandalo
388 339 552 394 proprie
584 336 693 379 dicto
725 334 936 391 sequendo
962 333 1029 376 bic
1052 336 1217 389 agatur)
1250 333 1400 389 sutura
1424 332 1479 374 si!
1499 331 1670 389 glo-ariae
1692 345 1782 375 con-

160 410 314 459 cessi0;
347 422 419 465 pro
453 421 534 465 quo
568 406 712 450 ultimo
736 417 833 448 casu
859 408 997 447 manet
1036 407 1278 447 revocatum
1318 403 1453 459 quoad
1493 405 1785 459 propositionis

159 482 434 524 disiunctivae
468 476 715 531 membrum,
749 475 856 532 quod
883 474 1001 517 Alex.
1025 473 1077 516 lll
1111 473 1336 517 Ravennae
1369 472 1515 517 ΑΓΟΙ).ο
1549 473 1784 517 faciendum

159 551 425 606 praescripsit
459 550 497 590 in
530 549 615 590 suis
647 546 824 599 Litteris,
859 557 966 602 quae
989 544 1039 587 ad
1064 547 1312 600 perpetuum
1338 545 1525 600 vigorem
1560 545 1600 586 in
1633 542 1783 587 Decre-

157 621 300 664 talium
332 618 525 664 Codicem
562 617 714 660 relatae
737 620 831 659 sunt
856 617 884 666 ¹,
920 615 987 659 ubi
1012 617 1071 658 sic
1094 614 1267 671 legitur:
1299 630 1318 656 «
1342 612 1592 667 Qualitatem
1617 617 1785 671 negotii,

158 705 229 748 pro
261 704 342 748 quo
390 689 477 732 Tibi
511 687 722 741 scribitur,
756 686 979 742 diligenter
1022 685 1303 739 considerans,
1337 690 1407 728 aut
1441 685 1682 729 mandatum
1717 699 1784 728 no-

155 766 285 804 strum
320 763 561 803 reverenter
584 757 825 813 adimpleas,
852 761 921 800 aut
950 769 1023 813 per
1047 755 1203 799 litteras
1241 760 1344 809 tuas,
1384 768 1514 813 quare
1551 755 1781 812 adimplere

155 845 234 875 non
260 833 400 888 possis,
428 828 714 873 rationabilem
740 839 908 871 causam
937 826 1195 883 praetendas.
1231 826 1337 880 Quia
1373 828 1575 882 patienter
1606 828 1780 870 sustine—

156 902 290 945 bimus
321 904 353 944 si
388 913 466 944 non
500 901 646 943 teceris
679 898 788 955 quod
823 910 952 954 prava
986 897 1104 941 nobis
1147 898 1270 940 fuerit
1313 898 1587 940 insinuatione
1629 910 1780 954 sugge-

154 978 324 1016 stum».
357 998 413 1003 —-
445 969 564 1024 Quod
600 972 662 1013 ius
688 974 806 1012 vetus
845 972 882 1012 in
909 968 1126 1026 hypothesi
1165 967 1242 1011 sub
1276 968 1408 1027 littera
1445 968 1491 1023 a)
1527 980 1605 1010 non
1646 972 1777 1025 urget,

153 1046 231 1087 nisi
264 1043 428 1100 quando
466 1043 610 1084 vitium
648 1040 859 1095 nullitatis,
895 1042 970 1083 etsi
1005 1038 1287 1096 probabiliter,
1323 1052 1400 1082 non
1432 1039 1686 1082 «manifeste
1712 1052 1780 1095 pa-

155 1119 291 1163 teat»,
326 1113 402 1157 sub
436 1112 569 1155 littera
601 1111 639 1168 h)
674 1124 754 1154 non
788 1116 909 1167 urget
941 1115 1061 1167 caput
1095 1109 1374 1153 Decretalium
1399 1109 1480 1152 ullo
1506 1109 1641 1164 modo,
1666 1121 1713 1153 ac
1738 1111 1776 1152 in

153 1184 371 1241 hypothesi
403 1182 479 1226 sub
514 1182 648 1225 littera
682 1181 719 1238 c)
755 1195 834 1224 non
868 1181 1119 1224 disiunctive
1153 1186 1195 1223 ut
1229 1182 1266 1222 in
1305 1179 1520 1231 Decretali,
1553 1179 1623 1223 sed
1655 1180 1776 1224 modo

153 1257 192 1298 in
226 1267 382 1298 canone
415 1254 689 1297 determinato
723 1257 782 1295 est
821 1254 941 1295 unice
980 1251 1304 1308 procedendum.

269 1326 475 1382 Scriptum
510 1329 570 1367 est
604 1326 642 1366 in
677 1323 841 1366 Normis
875 1321 1154 1379 peculiaribus
1178 1322 1215 1366 ²:
1256 1320 1558 1379 «Quandoque
1601 1321 1775 1378 supplex

151 1398 326 1439 oratoris
359 1395 519 1439 libellus
551 1395 600 1438 ad
635 1392 922 1448 Ordinarium,
960 1393 1022 1437 vel
1066 1394 1116 1436 ad
1151 1393 1276 1436 alium
1321 1395 1410 1436 eius
1449 1392 1537 1436 loco
1582 1392 1775 1436 ecclesia-

150 1469 299 1511 sticum
336 1469 484 1521 virum,
518 1480 592 1523 per
625 1478 821 1522 personas
869 1470 906 1508 et
955 1462 1102 1509 Officia
1153 1468 1380 1508 memorata
1429 1463 1621 1521 (Sanctae
1659 1463 1776 1507 Sedis

151 1539 239 1581 iure
275 1540 501 1594 recognita)
535 1539 772 1591 remittitur,
808 1549 901 1579 cum
946 1534 1210 1579 facultatibus
1260 1537 1427 1591 petitam
1478 1536 1653 1591 gratiam
1698 1533 1776 1577 lar-

150 1608 302 1664 giendi,
337 1610 426 1651 sive
471 1612 596 1650 totam
631 1609 719 1650 sive
763 1608 889 1650 certis
922 1605 1122 1649 limitibus
1155 1607 1576 1662 circumscriptam».
1612 1603 1671 1647 De
1714 1603 1777 1647 bis

151 1678 344 1736 loquitur,
380 1683 498 1735 prout
534 1678 688 1722 ibidem
723 1680 761 1720 in
795 1677 974 1731 Normis,
1006 1690 1184 1734 sequens
1216 1678 1301 1729 §a
1339 1675 1516 1729 Quodsi
1543 1675 1586 1718 in
1622 1674 1773 1717 rescri-

146 1755 218 1807 pto
242 1752 482 1806 praesertim
517 1750 554 1793 S.
590 1748 719 1798 Sedis,
753 1748 960 1791 concessio
996 1747 1167 1805 yi‘zzlt'ae
1210 1749 1360 1804 petitae
1404 1746 1639 1789 exsecutori
1672 1759 1774 1788 com-

147 1819 357 1875 mittatur,
389 1833 460 1862 sen
500 1835 519 1860 <t
544 1832 670 1876 quum
705 1832 849 1876 preces
881 1819 931 1862 ad
966 1815 1237 1862 Ordinarium
1271 1817 1360 1874 (seu
1395 1817 1536 1866 alium,
1562 1821 1604 1860 ut
1627 1815 1771 1873 supra)

148 1904 241 1933 cum
277 1890 538 1934 facultatibus
573 1892 897 1945 remittuntur»,
933 1903 1006 1946 per
1040 1901 1143 1946 quas
1166 1889 1211 1932 fit
1235 1888 1451 1945 delegatus
1474 1888 1523 1931 ad
1549 1900 1689 1931 casum
1716 1900 1773 1930 re-

147 1963 301 2017 scripti,
342 1976 361 2001 «
385 1964 472 2004 eius
506 1974 636 2018 aequo
670 1961 823 2004 iudicio
858 1965 1078 2018 rectaeque
1111 1961 1389 2003 conscientiae
1418 1959 1660 2015 imploratae
1684 1970 1775 2014 gra-

147 2034 227 2075 tiae
261 2031 422 2088 largitio
457 2034 770 2087 permittitur»,
807 2032 929 2085 idest,
965 2035 1008 2075 ut
1041 2033 1097 2074 ait
1130 2043 1283 2074 canon:
1319 2030 1454 2088 ipsius
1493 2033 1555 2072 ius
1597 2034 1636 2072 et
1668 2028 1770 2072 obli—

147 2105 257 2158 gatio
290 2107 363 2155 est,
397 2116 475 2145 non
513 2116 584 2158 pro
618 2102 748 2156 libitu,
783 2103 854 2145 sed
893 2107 934 2145 ut
974 2102 1130 2146 dictum
1171 2106 1231 2144 est
1271 2100 1362 2144 aliis
1407 2099 1544 2144 verbis
1584 2113 1662 2157 pro
1696 2113 1770 2143 suo

144 2171 345 2229 prudenti
382 2172 561 2215 arbitrio
585 2178 623 2215 et
662 2172 931 2221 conscientia,
976 2185 1046 2215 seu
1095 2171 1295 2215 voluntati
1340 2170 1471 2214 bonae
1509 2170 1769 2228 relinquitur,

143 2243 331 2299 qratiam
355 2243 577 2286 concedere
599 2243 661 2286 ‘cel
683 2243 903 2301 denegare.
929 2243 971 2287 In
1005 2257 1086 2302 quo
1120 2242 1374 2300 perficiendo
1398 2255 1586 2285 normam
1609 2242 1772 2285 directi-

149 2326 242 2356 vam
277 2313 419 2357 babet:
461 2314 642 2358 «habita
669 2317 826 2357 ratione
861 2315 1017 2358 sormae
1051 2316 1253 2371 rescripti,
1288 2326 1427 2356 rerum
1460 2312 1634 2356 Sanctae
1672 2312 1766 2356 Sedi

145 2386 442 2439 expositarum,
486 2389 522 2426 et
571 2386 890 2440 opportunitatis
923 2386 1080 2441 gratiae
1113 2383 1445 2428 concedendae»
1484 2382 1581 2440 (loc.
1614 2384 1679 2426 cit.
1716 2395 1766 2425 ex

145 2452 336 2506 Normis).

267 2524 360 2568 1⁶20.
396 2526 618 2570 Mandati
653 2539 824 2571 norma
862 2530 1095 2582 quantum
1134 2527 1198 2571 sit
1236 2525 1300 2570 ad
1337 2524 1641 2570 validitatem
1665 2537 1765 2569 ser-

145 2597 322 2639 vanda.
357 2594 617 2651 Rescriptum
643 2594 772 2637 torma
796 2598 1079 2639 commissoria
1104 2594 1264 2649 datum,
1297 2594 1348 2637 de
1371 2607 1451 2651 qua
1474 2594 1628 2651 duplici
1655 2605 1770 2650 prae·

142 2666 305 2720 scripsit
339 2670 570 2720 postremus
603 2677 748 2720 canon,
785 2668 949 2722 respicit
984 2681 1074 2709 can.
1107 2668 1181 2709 55.
1207 2663 1443 2708 Eoesecutor
1474 2666 1563 2708 sive
1596 2664 1646 2708 ad
1682 2677 1769 2707 me-

144 2747 234 2777 rum
270 2737 542 2778 ministerium
577 2741 620 2778 ut
654 2738 692 2778 in
725 2735 753 2794 ἓ
787 2736 843 2791 1³,
883 2739 971 2779 sive
1018 2737 1232 2793 delegatus
1280 2735 1329 2778 ad
1382 2747 1568 2778 normam
1617 2737 1642 2789 g
1690 2734 1764 2785 ⁶2³⁶,

260 2842 269 2862 ¹
298 2840 386 2884 Cap.
419 2856 432 2870 ‹<
449 2841 489 2875 Si
516 2841 669 2885 quando
689 2857 702 2871 2>
735 2843 756 2876 5
783 2842 828 2875 de
855 2843 1056 2886 rescriptis
1084 2843 1147 2877 tit.
1173 2843 1244 2883 111,
1271 2843 1356 2877 Lib.
1378 2842 1409 2876 I.
1431 2842 1481 2875 X.
1504 2861 1547 2866 —-—
1567 2841 1689 2874 2Pars
1713 2841 1770 2874 al-

143 2892 237 2921 tera.
267 2887 355 2932 Cap.
386 2887 457 2928 ΠΙ,
487 2900 524 2921 n.
555 2889 607 2932 30,
639 2888 714 2923 CO.
744 2889 774 2930 Ι,
804 2889 861 2923 63.
