1950 3313
123 147 194 181 264
499 144 579 177 [ΑΒ.
603 143 649 176 V.
670 163 682 168 -
703 143 813 177 PARS
831 142 902 178 III.
923 164 932 168 -
949 143 1005 177 De
1016 145 1155 188 poenis
1174 146 1217 177 in
1234 143 1375 177 delicta
1535 141 1627 177 san.
1654 142 1746 177 2357

121 266 149 324 ξ
183 265 259 322 1⁰),
293 269 332 308 et
365 265 518 320 pariter
551 264 583 306 si
619 263 846 319 praefatum
880 262 1076 306 delictum
1114 264 1317 306 notorium
1343 261 1640 317 commiserint,
1662 276 1750 305 ver-

125 335 219 380 bum
255 335 506 378 confirmans
544 332 826 377 «adulterii»
865 335 1246 389 interpretationem
1280 335 1505 390 propriam,
1536 331 1600 375 vel
1633 331 1675 390 b)
1705 332 1749 375 in

124 405 399 449 concubinatu
434 404 471 447 id
506 409 567 447 est
604 420 625 445 «
648 417 741 447 0001
776 406 869 461 quis
900 406 989 447 sive
1022 404 1134 447 domi
1171 406 1261 447 sive
1283 409 1400 447 extra
1426 402 1611 447 illicitum
1637 417 1748 446 com-

126 478 325 520 mercium
359 474 526 519 carnale
558 475 723 518 assidue
756 479 993 518 exerceat»
1033 474 1059 526 ¹,
1094 474 1320 518 dummodo
1362 476 1421 518 sic
1464 473 1750 532 delinquentes

120 546 298 605 publice,
336 550 378 590 ut
409 559 531 603 supra
569 547 645 589 fuit
676 545 932 589 declaratum
970 545 1124 598 vivant,
1158 545 1339 589 scilicet:
1375 545 1496 588 talem
1531 550 1749 589 consuetu-

123 618 261 662 dinem
297 631 375 661 000
410 617 724 674 dereliquerunt
757 617 973 660 ‹tetiniuve
1005 616 1152 660 saltem
1184 617 1235 660 de
1269 618 1388 671 facto,
1423 615 1486 659 rel
1517 615 1557 673 c)
1584 615 1630 660 ob
1659 616 1749 660 alia

124 702 295 746 nempe:
328 688 404 732 sub
437 690 479 743 §⁰
516 687 559 731 1⁰
594 701 671 731 non
707 690 890 732 taxative
913 687 1227 744 comprehensa,
1250 686 1405 730 delicta
1428 686 1480 731 ob
1507 692 1748 745 sequentem

122 762 376 803 sanctionem
411 764 450 803 et
483 761 595 803 iuxta
645 759 929 802 definitionem
965 761 1003 801 iu
1039 771 1128 803 can.
1166 759 1278 801 2195
1310 758 1338 815 ἓ
1375 759 1387 800 l
1429 758 1566 802 datam
1601 764 1750 802 contra

124 836 287 874 sextum
320 830 511 888 decaloqi
541 835 825 888 praeceptum,
860 834 982 886 prout
1013 843 1034 873 a
1071 829 1274 886 theologis
1307 829 1538 886 explicatur
1580 842 1627 873 ac
1671 843 1749 873 nou

124 902 208 946 sola
244 903 459 945 fornicatio
491 903 633 944 stricte
666 901 790 953 dicta,
823 901 892 943 sed
919 903 1040 943 etiam
1065 904 1206 944 contra
1232 904 1437 954 naturam,
1460 899 1645 958 teqtttme
1662 899 1750 952 fue-

125 973 213 1015 rint
244 971 452 1025 dantnati,
484 973 591 1016 sicut
624 971 727 1015 haec
761 971 944 1015 clausula
980 973 1017 1013 in
1062 970 1108 1028 ἑο
1143 971 1189 1013 1ο
1221 971 1295 1013 fuit
1337 970 1570 1025 declarata,
1616 971 1670 1022 111,
1704 984 1751 1014 eo

124 1043 235 1102 quod
269 1043 321 1086 de
354 1044 460 1087 sacto
503 1043 781 1086 damnationis
823 1042 1059 1086 huiusmodi
1094 1046 1266 1095 constat,
1301 1040 1596 1097 eoecludarttur,
1642 1041 1752 1085 nulla

124 1116 326 1158 sententia
360 1113 640 1158 ecclesiastica
676 1117 906 1170 expectata,
940 1112 989 1156 ab
1022 1112 1183 1156 actibus
1216 1112 1418 1170 leyt'timis
1442 1112 1751 1168 ecelesiasticis,

125 1199 301 1244 quorum
342 1200 363 1227 ((
386 1188 553 1228 nomine
585 1185 874 1241 significantur
898 1200 917 1225 »
955 1184 1006 1227 ad
1040 1197 1130 1228 can.
1167 1184 1295 1238 2256,
1330 1183 1373 1227 20
1397 1183 1610 1239 declarati,
1629 1184 1753 1227 modo

125 1261 263 1300 tamen
298 1269 370 1313 pro
401 1256 575 1313 singulis
607 1255 746 1299 debito
779 1260 819 1298 et
851 1268 872 1298 a
909 1268 1082 1312 persona
1116 1257 1180 1298 cui
1216 1260 1435 1311 competat,
1469 1254 1599 1298 donec
1630 1254 1754 1312 siqua

125 1340 247 1370 verae
277 1326 598 1385 resipiscentiae
631 1325 834 1379 dederint,
863 1340 899 1367 v.
923 1339 985 1383 gr.
1009 1339 1082 1383 per
1104 1326 1346 1369 diuturnum
1371 1326 1599 1370 discessum
1623 1338 1644 1369 a
1665 1325 1754 1369 loco

126 1398 196 1442 ubi
229 1398 460 1442 concubina
495 1399 570 1441 fuit
602 1397 759 1449 relicta,
794 1411 866 1454 per
899 1399 989 1442 eius
1030 1397 1266 1440 evidentem
1311 1397 1638 1452 derelictionem,
1683 1410 1755 1453 per

127 1471 428 1513 confessionem
464 1483 558 1513 cum
603 1468 892 1513 emendatione
937 1473 1162 1525 peractam,
1205 1473 1282 1511 etc.
1329 1467 1443 1512 Unde
1485 1481 1565 1511 non
1604 1468 1756 1511 sufficit

127 1540 335 1598 quaelibet
367 1540 668 1585 concubinatus
702 1542 962 1594 interruptio,
996 1542 1069 1583 etsi
1106 1542 1270 1596 proprie
1302 1539 1383 1583 dici
1418 1543 1555 1596 posset
1581 1538 1688 1597 quod
1716 1542 1753 1581 tn

127 1625 174 1655 eo
209 1625 287 1655 non
326 1614 478 1656 vivant.
1162 1654 1188 1673 ἢ

245 1682 368 1728 Conc.
402 1682 513 1728 Trid.
546 1685 668 1727 etiam
714 1682 780 1726 illa
824 1683 906 1726 duo
953 1684 1126 1726 crimina
1158 1682 1200 1740 §¹
1233 1681 1272 1722 2ί
1307 1684 1482 1739 percutit
1523 1683 1560 1725 in
1601 1694 1690 1737 cap.
1730 1681 1754 1725 8

127 1768 223 1798 sess.
259 1753 392 1798 XXlV
431 1770 451 1795 «
475 1754 526 1798 de
558 1754 866 1798 Reforma'tione
902 1755 1153 1797 matrimonii
1177 1769 1199 1794 »
1236 1755 1295 1797 sic
1320 1755 1542 1809 incipiens:
1565 1751 1603 1793 “«
1625 1764 1755 1809 grave

129 1829 343 1882 peccatum
377 1830 436 1868 est
460 1824 648 1869 homiues
669 1824 824 1868 solutos
847 1823 1101 1868 concubinas
1124 1822 1301 1877 habere3
1326 1825 1620 1879 gravissimum
1644 1835 1755 1877 vero,

128 1900 168 1939 et
200 1898 238 1939 in
271 1895 394 1939 huius
428 1898 566 1952 magni
600 1897 849 1939 sacramenti
888 1894 1141 1951 singularem
1187 1898 1469 1950 contemptum
1514 1893 1756 1946 admissum,

129 1971 325 2010 uxoratos
357 1980 544 2024 quosque
579 1969 615 2009 in
651 1966 729 2010 hoc
761 1966 1038 2009 damnationis
1070 1970 1176 2008 statu
1214 1967 1371 2018 vivere,
1405 1977 1453 2008 ac
1490 1964 1645 2008 audere
1688 1976 1757 2006 eas

129 2037 377 2094 quandoque
411 2037 537 2092 domi,
571 2040 693 2080 etiam
729 2050 822 2080 cum
860 2036 1059 2080 uxoribus
1092 2035 1204 2079 alere
1237 2040 1276 2078 et
1309 2037 1502 2078 retinere.
1537 2035 1689 2089 Quare,
1715 2038 1757 2076 ut

129 2107 226 2151 huic
259 2112 370 2151 tanto
406 2108 512 2151 malo
545 2112 686 2152 sancta
719 2107 911 2165 Synodus
943 2108 1186 2164 opportunis
1210 2105 1406 2149 remediis
1431 2105 1660 2161 provideat,
1681 2110 1758 2148 sta-

130 2180 207 2222 tuit
239 2178 473 2222 huiusmodi
507 2177 885 2222 concubinarios...
921 2179 1351 2222 excommunicatione
1376 2177 1582 2219 feriendos
1605 2189 1693 2219 esse
1717 2191 1754 2219 2).

132 2249 274 2293 Postea
306 2249 481 2293 dicitur:
522 2264 542 2290 <c
568 2248 775 2300 mulieres,
808 2251 897 2292 sive
931 2250 1191 2304 coniugatae,
1215 2249 1304 2290 sive
1327 2246 1499 2300 solutae,
1523 2259 1643 2304 quae,
1661 2259 1755 2290 cum

129 2319 328 2364 adulteris
360 2333 433 2363 seu
467 2319 772 2363 concubinariis
809 2318 971 2370 publice
1015 2320 1174 2372 vivunt,
1180 2350 1248 2362 .....
1292 2319 1477 2373 graviter
1521 2330 1592 2373 pro
1638 2316 1758 2359 modo

131 2390 276 2447 culpae
311 2392 596 2446 puniantur»,
628 2394 667 2433 et
699 2389 777 2432 alia
811 2389 1058 2432 subduntur.
1093 2386 1193 2432 Cum
1234 2401 1330 2431 vero
1356 2387 1500 2431 11310111
1533 2399 1756 2444 poenarum

135 2477 158 2502 α
182 2463 219 2504 111
253 2459 405 2505 Codice
438 2460 548 2504 nulla
584 2462 653 2504 1131
679 2462 846 2514 mentio,
870 2461 1062 2516 quamvis
1084 2460 1163 2501 3101
1188 2458 1384 2501 ferendae
1407 2460 1648 2512 sententiae,
1672 2462 1757 2501 tan-

131 2544 255 2589 quam
289 2531 512 2588 abrogatae
545 2530 820 2574 habeantur»
858 2530 966 2588 (can.
1004 2531 1042 2582 6,
1078 2529 1153 2586 50).

251 2602 348 2646 ⁶200.
385 2604 456 2648 De
489 2603 680 2648 clericis
713 2605 886 2647 contra
918 2604 1112 2646 sextum
1135 2603 1453 2657 praeceptum
1477 2601 1757 2657 delinquen-

132 2676 264 2720 tibus
296 2673 497 2730 speciales
529 2672 683 2716 conditi
717 2676 812 2714 suut
845 2684 1036 2714 canones.
1072 2669 1121 2713 Et
1153 2672 1301 2727 primo,
1338 2672 1432 2727 quia
1472 2672 1647 2726 «prima
1672 2675 1757 2713 100-

132 2757 227 2787 sura
261 2748 301 2787 et
333 2743 500 2787 ordines
533 2742 611 2786 illis
645 2747 802 2786 tautum
835 2740 1074 2785 conferendi
1098 2745 1234 2784 sunt...
1259 2753 1363 2798 quos
1386 2743 1530 2783 merito
1554 2742 1760 2784 0011110010

254 2898 265 2919 1
294 2896 417 2931 Santi.
445 2896 738 2930 Praelectiones
765 2894 865 2928 iuris
891 2892 1084 2927 canonici.
1111 2892 1196 2926 Lib.
1226 2892 1312 2934 XV,
1342 2893 1404 2926 tit.
1430 2892 1537 2934 XVI,
1566 2904 1604 2928 n.
1637 2894 1692 2927 11.
