1950 3313
173 140 272 176 Can.
299 140 504 176 2367-2368
554 141 639 175 Trr.
669 141 774 176 XVI.
802 163 813 168 -
842 144 897 177 De
915 145 1066 178 delictis
1087 147 1127 179 in
1146 146 1298 180 acl-inin.
1321 146 1426 180 Sace.
1736 147 1806 180 *283

178 261 307 316 ipsius
338 262 700 311 commentarium,
744 260 958 304 absolvens
1003 262 1063 305 rel
1107 264 1265 320 fingens
1308 264 1520 307 alisolrere
1552 264 1803 322 complicem,

180 333 313 388 prouti
338 330 523 375 clausula
557 329 709 374 ibidem
747 333 818 374 l'uit
836 333 1074 398 xdeclarata,
1099 335 1170 391 qni
1203 334 1243 391 a)
1275 341 1490 392 peccatam
1514 335 1677 393 quidem
1703 350 1804 378 com-

175 401 399 459 pli'citati's,
438 403 520 444 «in
555 401 700 445 ordine
734 403 782 445 ad
818 404 924 460 quod
963 411 1175 460 peccatum
1212 411 1344 462 turpe,
1379 412 1437 449 cst
1473 409 1649 462 privatio
1684 409 1801 449 iuris-

174 473 369 516 dictionis
401 477 440 515 ot
471 472 632 516 adnexa
667 477 1085 517 excommunicatio»
1113 489 1161 519 ex
1190 490 1294 532 resp.
1320 479 1504 519 ciusdem
1530 479 1567 521 S.
1595 477 1803 520 Poeniten·

176 546 320 587 tiariae
346 544 372 598 ¹,
409 542 451 600 b)
485 557 511 586 a
543 556 621 601 quo
647 549 816 600 peccato
844 545 1025 588 nondum
1060 551 1120 588 est
1153 547 1367 589 absolutas
1400 548 1570 601 directe,
1594 553 1635 591 at
1657 548 1697 605 c)
1722 562 1799 590 non

174 614 397 671 confitetur
413 614 607 672 equidem
627 619 769 658 contra
790 617 1068 672 integritatem
1097 618 1350 661 materialem
1371 620 1652 673 consessionis,
1670 619 1712 673 d)
1730 618 1802 661 secl

174 684 268 728 ideo
302 685 362 728 ila
395 699 439 728 se
467 685 594 742 ρει-ἠ,
638 698 716 728 non
761 691 921 742 sponte,
964 688 1034 730 sed
1070 688 1169 744 quia
1203 688 1258 731 ad
1292 688 1349 741 id,
1383 702 1551 745 nempe:
1592 689 1640 731 ad
1681 692 1799 732 omit-

174 756 344 800 tendum
381 756 477 799 illud
515 761 730 812 peccatum
766 771 791 799 a
825 757 1023 814 complice
1055 757 1329 815 confessario,
1356 774 1432 802 non
1467 763 1497 801 si
1533 760 1582 803 ab
1606 759 1682 803 alia
1710 774 1800 816 pcr-

172 840 270 871 sona
309 828 369 870 vel
405 827 457 870 ab
489 826 569 870 alio
603 828 868 883 confessario,
901 828 987 871 sire
1019 828 1177 871 directe
1211 843 1282 886 per
1314 843 1356 873 se
1391 844 1436 872 ac
1480 830 1616 873 xci-bis
1651 833 1687 873 in
1724 830 1798 874 lioc

173 898 354 953 directis,
388 898 474 941 sive
505 897 712 941 indirecte
748 912 782 944 r.
819 913 879 955 gr.
918 913 988 956 per
1021 899 1161 955 alium,
1201 900 1259 943 vel
1302 903 1626 957 interrumpente
1662 904 1798 957 poeni-

172 974 323 1013 tentem
361 971 399 1012 in
434 971 706 1023 confessione,
745 969 807 1013 vel
842 969 922 1013 alio
954 971 1179 1014 adinvento
1216 971 1350 1025 modo,
1385 971 1579 1014 inductas
1611 978 1669 1014 est
1704 985 1795 1028 poe-

172 1043 306 1084 nitens
338 1040 543 1097 complex.

290 1112 387 1155 ⁶210.
425 1114 608 1158 Contra
630 1114 810 1159 delicta
833 1127 962 1170 quae
984 1115 1200 1170 aliquam
1225 1117 1410 1159 habent
1443 1116 1795 1160 connexionem

169 1197 276 1229 cum
310 1185 624 1229 confessione
656 1186 1020 1230 sacramentali.
1054 1210 1111 1215 —
1155 1184 1275 1227 Aliud
1312 1184 1507 1228 delictum
1543 1189 1603 1228 est
1637 1187 1674 1227 in
1709 1188 1797 1227 cit.a

169 1258 297 1297 const.
338 1269 360 1295 α
382 1254 697 1298 Sacramentum
734 1257 1010 1311 poenitentiae
1035 1271 1054 1296 ))
1084 1255 1391 1298 consideratum
1416 1268 1463 1298 ac
1488 1260 1795 1312 pei-sequutum,

173 1338 269 1368 «ne
302 1325 410 1382 quod
462 1330 552 1382 post
598 1328 793 1369 amissam
838 1326 1031 1383 Baptismi
1077 1328 1353 1370 innocentiam
1389 1326 1529 1369 datum
1565 1331 1622 1369 est
1655 1326 1794 1369 divina

170 1395 424 1453 benignitate
458 1397 709 1453 perfugium,
745 1410 816 1453 per
863 1397 1113 1440 daemonum
1163 1397 1364 1453 fraudem,
1398 1402 1438 1441 et
1476 1396 1686 1440 hominum
1727 1400 1795 1440 Dei

168 1466 382 1511 beneficiis
416 1481 614 1524 perverse
648 1471 849 1511 utentium
887 1468 1098 1521 malitiam,
1134 1470 1344 1525 naufragis
1376 1481 1424 1512 ac
1458 1470 1619 1511 miseris
1654 1481 1795 1524 pccca-

168 1537 327 1581 toribus
360 1538 593 1582 luctuosum
629 1539 780 1582 evadat
812 1541 1010 1591 exitium,
1045 1544 1083 1582 et
1117 1539 1225 1596 quod
1261 1542 1299 1581 in
1333 1539 1507 1582 salutem
1546 1543 1584 1582 et
1617 1541 1793 1581 curatio-

168 1622 260 1651 nem
295 1611 545 1664 animarum,
578 1622 598 1652 a
634 1609 731 1665 Deo,
776 1612 845 1666 qui
884 1610 1003 1653 dixes
1045 1614 1105 1653 est
1150 1612 1186 1652 in
1233 1609 1530 1663 misericordia,
1565 1611 1791 1651 institutum

166 1684 239 1735 est,
275 1679 521 1723 exsecrabili
555 1680 824 1724 scelestorum
860 1681 1135 1737 quorumdam
1160 1681 1423 1723 sacerdotum
1455 1679 1730 1736 improbitate,
1755 1682 1791 1722 in

166 1763 310 1793 earum
346 1753 572 1807 perniciem
607 1755 730 1808 atque
765 1754 974 1794 interitum
1015 1756 1261 1795 vertatur».

284 1820 343 1864 De
375 1820 611 1865 huiusmodi
646 1822 797 1866 delicto
834 1822 1077 1878 praescribit
1110 1836 1199 1864 can.
1235 1823 1374 1865 2368.
1403 1820 1497 1874 Oai,
1524 1834 1695 1877 nempe:
1729 1834 1789 1863 sa-

164 1892 314 1936 cerdos
347 1895 420 1936 etsi
457 1893 742 1946 iurisdictione
776 1894 1010 1948 destitutus,
1043 1892 1363 1936 sollicitationis
1396 1892 1566 1941 crimen,
1600 1894 1792 1949 quamvis

165 1963 242 2007 hoc
293 1963 526 2019 religiosam
577 1966 816 2008 societatem
865 1977 944 2007 non
996 1963 1271 2020 perturbaret,
1306 1963 1355 2006 tle
1388 1977 1465 2020 qno
1500 1963 1540 2004 in
1576 1977 1666 2006 can.
1699 1965 1791 2005 904

166 2036 320 2077 mentio
353 2035 458 2078 facta
491 2040 563 2089 est,
601 2034 841 2092 ibidemque
877 2034 974 2077 illud
1010 2040 1070 2078 est
1104 2035 1190 2077 susc
1234 2033 1490 2077 declaratum
1526 2046 1575 2076 ex
1612 2033 1789 2088 praefata

163 2103 432 2148 Benedictina
466 2107 773 2160 constitutione,
806 2104 1074 2155 commiserit,
1109 2104 1321 2162 (concessa
1349 2117 1420 2160 per
1446 2102 1595 2146 Bencd.
1620 2101 1708 2145 XlV
1735 2104 1788 2145 t'a-

163 2174 330 2230 cultate,
371 2189 466 2218 «ne
499 2175 697 2219 delictum
747 2180 829 2218 tam
877 2188 1060 2229 enorme,
1110 2180 1147 2218 et
1195 2174 1405 2218 Ecclesiae
1439 2173 1510 2216 nei
1547 2175 1788 2216 iniuriosum

163 2250 390 2298 remaneat,
424 2245 476 2289 οἱ]
511 2245 799 2303 probationum
844 2245 1051 2289 defectum
1097 2247 1359 2302 impunitum,
1401 2243 1650 2301 procedendi
1695 2256 1788 2285 cmn

163 2315 335 2360 testibus
383 2319 506 2360 etiam
557 2317 851 2374 singularibus,
887 2316 1113 2360 dummodo
1147 2318 1517 2372 praesumptiones,
1553 2314 1716 2359 indicia,
1751 2318 1787 2355 et

162 2386 241 2430 alia
274 2387 526 2431 adminicula
561 2392 813 2431 concurrant
835 2387 894 2445 ›>),
932 2403 952 2427 «
976 2387 1169 2430 serendae
1202 2388 1429 2430 sententiae
1465 2397 1593 2441 poena
1620 2400 1637 2424 ))
1677 2386 1787 2426 iuxta

162 2458 307 2517 instr.¹¹¹
340 2457 506 2515 Congi·.³
537 2458 577 2502 S.
611 2456 747 2503 Oliicii
773 2458 788 2480 ²
820 2458 860 2515 a)
894 2457 1180 2515 suspendatur
1213 2472 1237 2499 a
1271 2455 1549 2499 celebratione
1572 2454 1728 2498 Missae
1750 2459 1786 2495 et

161 2527 211 2570 ab
243 2527 469 2572 (tucliena'is
501 2529 882 2573 sacramentalibus
904 2528 1249 2587 confessionibus,
1285 2527 1327 2584 b)
1364 2527 1423 2570 rel
1456 2527 1581 2569 eliam.
1614 2539 1691 2583 pro
1724 2524 1788 2567 (le-

106 2619 117 2631 ÷
160 2597 253 2642 licta·
282 2599 510 2656 yravitate,
543 2600 725 2644 scilicet:
762 2600 973 2657 peculiari,
1009 2600 1050 2655 a)
1084 2598 1286 2641 ¹inhabilis
1312 2597 1367 2641 ad
1392 2598 1505 2654 ipsas
1541 2601 1695 2638 tantum
1729 2607 1788 2636 sa-

160 2670 437 2714 cramentales
459 2672 738 2714 consessiones
761 2669 1032 2729 excipiendas
1055 2668 1310 2719 declaretur,
1336 2673 1504 2725 propter
1527 2679 1647 2723 quam
1685 2667 1785 2707 rcci-

161 2754 258 2797 pere
281 2740 461 2798 amplius
494 2755 572 2785 non
607 2747 742 2799 posset
777 2742 1103 2785 iurisdictionem
1139 2740 1188 2783 ad
1225 2753 1294 2784 eas
1327 2738 1607 2794 excipiendas,
1634 2736 1675 2792 b)
1696 2738 1784 2792 pri-

280 2895 291 2917 1
321 2894 364 2928 16
391 2894 486 2929 Maii
515 2895 620 2930 1877.
652 2916 694 2920 —-
721 2895 734 2917 '2
760 2895 806 2928 20
831 2894 944 2928 Febr.
976 2893 1079 2935 1586,
1108 2904 1147 2926 n.
1179 2892 1234 2925 12.
