<?xml version="1.0" encoding="UTF-8"?>
<!DOCTYPE html PUBLIC "-//W3C//DTD XHTML 1.0 Transitional//EN"
    "http://www.w3.org/TR/xhtml1/DTD/xhtml1-transitional.dtd">
<html xmlns="http://www.w3.org/1999/xhtml" xml:lang="en" lang="en">
 <head>
  <title>
</title>
<meta http-equiv="Content-Type" content="text/html;charset=utf-8" />
  <meta name='ocr-system' content='tesseract 3.04.00' />
  <meta name='ocr-capabilities' content='ocr_page ocr_carea ocr_par ocr_line ocrx_word'/>
</head>
<body>
  <div class='ocr_page' id='page_1' title='image "./commentariumtext01blatuoft_0065.png"; bbox 0 0 1950 3313; ppageno 0'>
   <div class='ocr_carea' id='block_1_1' title="bbox 76 169 1706 216">
    <p class='ocr_par' dir='ltr' id='par_1_1' title="bbox 76 169 1706 216">
     <span class='ocr_line' id='line_1_1' title="bbox 76 169 1706 216; baseline 0.004 -10"><span class='ocrx_word' id='word_1_1' title='bbox 76 170 171 206; x_wconf 75' lang='lat' dir='ltr'>Gan.</span> <span class='ocrx_word' id='word_1_2' title='bbox 197 169 291 204; x_wconf 75' lang='lat'>2218</span> <span class='ocrx_word' id='word_1_3' title='bbox 483 170 568 206; x_wconf 82' lang='lat' dir='ltr'>Tl&#39;r..</span> <span class='ocrx_word' id='word_1_4' title='bbox 592 171 656 205; x_wconf 89' lang='lat' dir='ltr'>IV.</span> <span class='ocrx_word' id='word_1_5' title='bbox 685 192 696 196; x_wconf 97' lang='lat'>—</span> <span class='ocrx_word' id='word_1_6' title='bbox 725 172 780 206; x_wconf 78' lang='lat' dir='ltr'>De</span> <span class='ocrx_word' id='word_1_7' title='bbox 804 185 1019 216; x_wconf 74' lang='lat' dir='ltr'>poenarum</span> <span class='ocrx_word' id='word_1_8' title='bbox 1052 179 1205 211; x_wconf 69' lang='lat' dir='ltr'>notione</span> <span class='ocrx_word' id='word_1_9' title='bbox 1232 180 1298 212; x_wconf 75' lang='lat' dir='ltr'>ele.</span> <span class='ocrx_word' id='word_1_10' title='bbox 1661 183 1706 214; x_wconf 68' lang='lat'>525</span> 
     </span>
    </p>
   </div>
   <div class='ocr_carea' id='block_1_2' title="bbox 6 289 1706 2965">
    <p class='ocr_par' dir='ltr' id='par_1_2' title="bbox 74 289 1706 1336">
     <span class='ocr_line' id='line_1_2' title="bbox 78 289 1703 355; baseline 0.006 -22"><span class='ocrx_word' id='word_1_11' title='bbox 78 292 227 333; x_wconf 89' lang='lat' dir='ltr'>intuitu</span> <span class='ocrx_word' id='word_1_12' title='bbox 261 289 519 345; x_wconf 87' lang='lat' dir='ltr'>discipliuae,</span> <span class='ocrx_word' id='word_1_13' title='bbox 558 290 617 332; x_wconf 76' lang='lat' dir='ltr'>vel</span> <span class='ocrx_word' id='word_1_14' title='bbox 654 294 925 335; x_wconf 65' lang='lat' dir='ltr'>correctionis</span> <span class='ocrx_word' id='word_1_15' title='bbox 962 299 1224 349; x_wconf 76' lang='lat' dir='ltr'>percusserit,</span> <span class='ocrx_word' id='word_1_16' title='bbox 1258 300 1352 353; x_wconf 91' lang='lat' dir='ltr'>quia</span> <span class='ocrx_word' id='word_1_17' title='bbox 1388 311 1464 340; x_wconf 92' lang='lat' dir='ltr'>non</span> <span class='ocrx_word' id='word_1_18' title='bbox 1501 304 1630 355; x_wconf 81' lang='lat' dir='ltr'>potest</span> <span class='ocrx_word' id='word_1_19' title='bbox 1667 303 1703 342; x_wconf 92' lang='lat' dir='ltr'>in</span> 
     </span>
     <span class='ocr_line' id='line_1_3' title="bbox 80 361 1703 417; baseline 0.006 -14"><span class='ocrx_word' id='word_1_20' title='bbox 80 363 177 417; x_wconf 91' lang='lat' dir='ltr'>ipsis</span> <span class='ocrx_word' id='word_1_21' title='bbox 210 362 375 403; x_wconf 92' lang='lat' dir='ltr'>iniectio</span> <span class='ocrx_word' id='word_1_22' title='bbox 410 373 606 404; x_wconf 87' lang='lat' dir='ltr'>manuum</span> <span class='ocrx_word' id='word_1_23' title='bbox 647 361 822 404; x_wconf 63' lang='lat' dir='ltr'>violenta</span> <span class='ocrx_word' id='word_1_24' title='bbox 859 369 1011 407; x_wconf 86' lang='lat' dir='ltr'>notari:</span> <span class='ocrx_word' id='word_1_25' title='bbox 1047 367 1262 409; x_wconf 71' lang='lat' dir='ltr'>(Lacternni</span> <span class='ocrx_word' id='word_1_26' title='bbox 1305 371 1336 410; x_wconf 83' lang='lat' dir='ltr'>si</span> <span class='ocrx_word' id='word_1_27' title='bbox 1370 383 1417 411; x_wconf 76' lang='lat' dir='ltr'>ex</span> <span class='ocrx_word' id='word_1_28' title='bbox 1454 370 1547 411; x_wconf 88' lang='lat' dir='ltr'>odio</span> <span class='ocrx_word' id='word_1_29' title='bbox 1583 371 1703 412; x_wconf 68' lang='lat' dir='ltr'>iidem</span> 
     </span>
     <span class='ocr_line' id='line_1_4' title="bbox 76 430 1705 494; baseline 0.005 -19"><span class='ocrx_word' id='word_1_30' title='bbox 76 431 299 484; x_wconf 76' lang='lat' dir='ltr'>scholares,</span> <span class='ocrx_word' id='word_1_31' title='bbox 336 430 397 474; x_wconf 66' lang='lat' dir='ltr'>tel</span> <span class='ocrx_word' id='word_1_32' title='bbox 432 431 668 473; x_wconf 73' lang='lat' dir='ltr'>saeculares</span> <span class='ocrx_word' id='word_1_33' title='bbox 701 432 841 474; x_wconf 83' lang='lat' dir='ltr'>clerici</span> <span class='ocrx_word' id='word_1_34' title='bbox 876 448 964 476; x_wconf 73' lang='lat' dir='ltr'>seso</span> <span class='ocrx_word' id='word_1_35' title='bbox 1001 440 1292 490; x_wconf 69' lang='lat' dir='ltr'>percusserint,</span> <span class='ocrx_word' id='word_1_36' title='bbox 1329 453 1400 494; x_wconf 91' lang='lat' dir='ltr'>pro</span> <span class='ocrx_word' id='word_1_37' title='bbox 1438 453 1509 482; x_wconf 86' lang='lat' dir='ltr'>sua</span> <span class='ocrx_word' id='word_1_38' title='bbox 1544 440 1705 483; x_wconf 88' lang='lat' dir='ltr'>absolu-</span> 
     </span>
     <span class='ocr_line' id='line_1_5' title="bbox 77 501 1706 557; baseline 0.005 -12"><span class='ocrx_word' id='word_1_39' title='bbox 77 505 187 545; x_wconf 88' lang='lat' dir='ltr'>tione</span> <span class='ocrx_word' id='word_1_40' title='bbox 220 501 371 546; x_wconf 88' lang='lat' dir='ltr'>debent</span> <span class='ocrx_word' id='word_1_41' title='bbox 405 501 454 544; x_wconf 91' lang='lat' dir='ltr'>ad</span> <span class='ocrx_word' id='word_1_42' title='bbox 490 501 769 557; x_wconf 81' lang='lat' dir='ltr'>Apostolicani</span> <span class='ocrx_word' id='word_1_43' title='bbox 815 505 955 547; x_wconf 75' lang='lat' dir='ltr'>sedem</span> <span class='ocrx_word' id='word_1_44' title='bbox 1000 510 1139 548; x_wconf 70' lang='lat' dir='ltr'>xcniri·</span> <span class='ocrx_word' id='word_1_45' title='bbox 1164 524 1200 548; x_wconf 69' lang='lat' dir='ltr'>o.</span> <span class='ocrx_word' id='word_1_46' title='bbox 1236 511 1424 551; x_wconf 62' lang='lat' dir='ltr'>Sci-undo</span> <span class='ocrx_word' id='word_1_47' title='bbox 1459 511 1572 553; x_wconf 79' lang='lat' dir='ltr'>adest</span> <span class='ocrx_word' id='word_1_48' title='bbox 1613 528 1628 549; x_wconf 89' lang='lat'>«</span> <span class='ocrx_word' id='word_1_49' title='bbox 1657 512 1706 553; x_wconf 76' lang='lat' dir='ltr'>ile</span> 
     </span>
     <span class='ocr_line' id='line_1_6' title="bbox 78 574 1703 635; baseline 0.006 -20"><span class='ocrx_word' id='word_1_50' title='bbox 78 575 340 630; x_wconf 85' lang='lat' dir='ltr'>poenitentiis</span> <span class='ocrx_word' id='word_1_51' title='bbox 373 577 412 616; x_wconf 89' lang='lat' dir='ltr'>et</span> <span class='ocrx_word' id='word_1_52' title='bbox 446 574 760 616; x_wconf 74' lang='lat' dir='ltr'>remissionibus</span> <span class='ocrx_word' id='word_1_53' title='bbox 784 590 802 613; x_wconf 86' lang='lat'>»</span> <span class='ocrx_word' id='word_1_54' title='bbox 843 589 931 630; x_wconf 91' lang='lat' dir='ltr'>cap.</span> <span class='ocrx_word' id='word_1_55' title='bbox 973 578 996 617; x_wconf 74' lang='lat'>8</span> <span class='ocrx_word' id='word_1_56' title='bbox 1021 576 1085 631; x_wconf 64' lang='lat' dir='ltr'>(Y,</span> <span class='ocrx_word' id='word_1_57' title='bbox 1112 578 1183 633; x_wconf 66' lang='lat'>238)</span> <span class='ocrx_word' id='word_1_58' title='bbox 1211 581 1245 620; x_wconf 92' lang='lat' dir='ltr'>in</span> <span class='ocrx_word' id='word_1_59' title='bbox 1283 594 1363 635; x_wconf 91' lang='lat' dir='ltr'>quo</span> <span class='ocrx_word' id='word_1_60' title='bbox 1399 580 1534 622; x_wconf 90' lang='lat' dir='ltr'>lnnoc.</span> <span class='ocrx_word' id='word_1_61' title='bbox 1564 582 1608 624; x_wconf 97' lang='grc' dir='ltr'>ΙΙΙ</span> <span class='ocrx_word' id='word_1_62' title='bbox 1635 583 1703 625; x_wconf 86' lang='lat' dir='ltr'>‹lc-</span> 
     </span>
     <span class='ocr_line' id='line_1_7' title="bbox 76 642 1700 707; baseline 0.004 -19"><span class='ocrx_word' id='word_1_63' title='bbox 76 646 231 688; x_wconf 90' lang='lat' dir='ltr'>cernit:</span> <span class='ocrx_word' id='word_1_64' title='bbox 271 642 533 688; x_wconf 88' lang='lat' dir='ltr'>«Caeterum</span> <span class='ocrx_word' id='word_1_65' title='bbox 559 657 653 686; x_wconf 89' lang='lat' dir='ltr'>cum</span> <span class='ocrx_word' id='word_1_66' title='bbox 681 647 928 699; x_wconf 87' lang='lat' dir='ltr'>poenitentia</span> <span class='ocrx_word' id='word_1_67' title='bbox 957 660 1033 689; x_wconf 92' lang='lat' dir='ltr'>non</span> <span class='ocrx_word' id='word_1_68' title='bbox 1062 653 1140 689; x_wconf 81' lang='lat' dir='ltr'>tani</span> <span class='ocrx_word' id='word_1_69' title='bbox 1171 651 1395 692; x_wconf 73' lang='lat' dir='ltr'>secundani</span> <span class='ocrx_word' id='word_1_70' title='bbox 1432 655 1700 707; x_wconf 79' lang='lat' dir='ltr'>quantitatem</span> 
     </span>
     <span class='ocr_line' id='line_1_8' title="bbox 76 716 1705 773; baseline 0.004 -15"><span class='ocrx_word' id='word_1_71' title='bbox 76 728 283 766; x_wconf 88' lang='lat' dir='ltr'>excessus,</span> <span class='ocrx_word' id='word_1_72' title='bbox 320 726 445 771; x_wconf 85' lang='lat' dir='ltr'>quam</span> <span class='ocrx_word' id='word_1_73' title='bbox 483 716 729 770; x_wconf 88' lang='lat' dir='ltr'>poenitentis</span> <span class='ocrx_word' id='word_1_74' title='bbox 763 719 1067 764; x_wconf 75' lang='lat' dir='ltr'>contritionem,</span> <span class='ocrx_word' id='word_1_75' title='bbox 1104 732 1173 773; x_wconf 81' lang='lat' dir='ltr'>per</span> <span class='ocrx_word' id='word_1_76' title='bbox 1207 719 1370 762; x_wconf 73' lang='lat' dir='ltr'>‹lis-croti</span> <span class='ocrx_word' id='word_1_77' title='bbox 1396 723 1622 764; x_wconf 75' lang='lat' dir='ltr'>sai-crilotis</span> <span class='ocrx_word' id='word_1_78' title='bbox 1645 737 1705 765; x_wconf 91' lang='lat' dir='ltr'>ar-</span> 
     </span>
     <span class='ocr_line' id='line_1_9' title="bbox 77 784 1702 845; baseline 0.005 -17"><span class='ocrx_word' id='word_1_79' title='bbox 77 784 245 829; x_wconf 89' lang='lat' dir='ltr'>bitrium</span> <span class='ocrx_word' id='word_1_80' title='bbox 269 786 320 828; x_wconf 90' lang='lat' dir='ltr'>sit</span> <span class='ocrx_word' id='word_1_81' title='bbox 344 784 613 837; x_wconf 88' lang='lat' dir='ltr'>moderanda,</span> <span class='ocrx_word' id='word_1_82' title='bbox 635 789 804 840; x_wconf 88' lang='lat' dir='ltr'>pensata</span> <span class='ocrx_word' id='word_1_83' title='bbox 823 786 1020 842; x_wconf 76' lang='lat' dir='ltr'>qualitate</span> <span class='ocrx_word' id='word_1_84' title='bbox 1048 801 1259 843; x_wconf 73' lang='lat' dir='ltr'>personae,</span> <span class='ocrx_word' id='word_1_85' title='bbox 1279 804 1402 845; x_wconf 76' lang='lat' dir='ltr'>super</span> <span class='ocrx_word' id='word_1_86' title='bbox 1423 794 1702 842; x_wconf 65' lang='lat' dir='ltr'>fornicatione,</span> 
     </span>
     <span class='ocr_line' id='line_1_10' title="bbox 75 854 1700 910; baseline 0.004 -11"><span class='ocrx_word' id='word_1_87' title='bbox 75 855 294 910; x_wconf 88' lang='lat' dir='ltr'>adulterio,</span> <span class='ocrx_word' id='word_1_88' title='bbox 329 854 567 909; x_wconf 88' lang='lat' dir='ltr'>homicidio,</span> <span class='ocrx_word' id='word_1_89' title='bbox 604 856 801 910; x_wconf 85' lang='lat' dir='ltr'>periurio,</span> <span class='ocrx_word' id='word_1_90' title='bbox 836 860 874 898; x_wconf 93' lang='lat' dir='ltr'>et</span> <span class='ocrx_word' id='word_1_91' title='bbox 908 856 998 899; x_wconf 91' lang='lat' dir='ltr'>aliis</span> <span class='ocrx_word' id='word_1_92' title='bbox 1032 858 1289 909; x_wconf 86' lang='lat' dir='ltr'>criminibus,</span> <span class='ocrx_word' id='word_1_93' title='bbox 1321 862 1590 904; x_wconf 79' lang='lat' dir='ltr'>‹·onsi‹l‹n·atis</span> <span class='ocrx_word' id='word_1_94' title='bbox 1624 866 1700 906; x_wconf 87' lang='lat' dir='ltr'>cir-</span> 
     </span>
     <span class='ocr_line' id='line_1_11' title="bbox 75 924 1702 981; baseline 0.004 -12"><span class='ocrx_word' id='word_1_95' title='bbox 75 927 336 970; x_wconf 89' lang='lat' dir='ltr'>cumstantiis</span> <span class='ocrx_word' id='word_1_96' title='bbox 369 924 575 979; x_wconf 88' lang='lat' dir='ltr'>omnibus,</span> <span class='ocrx_word' id='word_1_97' title='bbox 614 930 653 968; x_wconf 89' lang='lat' dir='ltr'>et</span> <span class='ocrx_word' id='word_1_98' title='bbox 702 929 943 981; x_wconf 87' lang='lat' dir='ltr'>praesertim</span> <span class='ocrx_word' id='word_1_99' title='bbox 995 931 1177 971; x_wconf 72' lang='lat' dir='ltr'>novitate</span> <span class='ocrx_word' id='word_1_100' title='bbox 1227 929 1435 973; x_wconf 70' lang='lat' dir='ltr'>Lnonien.</span> <span class='ocrx_word' id='word_1_101' title='bbox 1482 931 1702 980; x_wconf 75' lang='lat' dir='ltr'>Ecclesiae,</span> 
     </span>
     <span class='ocr_line' id='line_1_12' title="bbox 75 996 1699 1057; baseline 0.003 -16"><span class='ocrx_word' id='word_1_102' title='bbox 75 1001 380 1054; x_wconf 77' lang='lat' dir='ltr'>competentem</span> <span class='ocrx_word' id='word_1_103' title='bbox 431 998 724 1052; x_wconf 88' lang='lat' dir='ltr'>poenitentiam</span> <span class='ocrx_word' id='word_1_104' title='bbox 776 996 1112 1054; x_wconf 78' lang='lat' dir='ltr'>delinquentibus</span> <span class='ocrx_word' id='word_1_105' title='bbox 1157 1002 1389 1055; x_wconf 76' lang='lat' dir='ltr'>imponatis,</span> <span class='ocrx_word' id='word_1_106' title='bbox 1423 1008 1538 1057; x_wconf 82' lang='lat' dir='ltr'>prout</span> <span class='ocrx_word' id='word_1_107' title='bbox 1582 1004 1699 1046; x_wconf 73' lang='lat' dir='ltr'>saluti</span> 
     </span>
     <span class='ocr_line' id='line_1_13' title="bbox 74 1066 1703 1130; baseline 0.002 -19"><span class='ocrx_word' id='word_1_108' title='bbox 74 1081 218 1111; x_wconf 86' lang='lat' dir='ltr'>eorum</span> <span class='ocrx_word' id='word_1_109' title='bbox 256 1067 443 1110; x_wconf 88' lang='lat' dir='ltr'>videritis</span> <span class='ocrx_word' id='word_1_110' title='bbox 475 1066 736 1123; x_wconf 80' lang='lat' dir='ltr'>expedire».</span> <span class='ocrx_word' id='word_1_111' title='bbox 772 1066 831 1109; x_wconf 88' lang='lat' dir='ltr'>Ac</span> <span class='ocrx_word' id='word_1_112' title='bbox 864 1067 1032 1111; x_wconf 88' lang='lat' dir='ltr'>demum</span> <span class='ocrx_word' id='word_1_113' title='bbox 1069 1071 1106 1111; x_wconf 82' lang='lat' dir='ltr'>in</span> <span class='ocrx_word' id='word_1_114' title='bbox 1141 1083 1228 1125; x_wconf 89' lang='lat' dir='ltr'>cap.</span> <span class='ocrx_word' id='word_1_115' title='bbox 1257 1072 1278 1111; x_wconf 81' lang='grc'>3</span> <span class='ocrx_word' id='word_1_116' title='bbox 1315 1071 1402 1113; x_wconf 80' lang='lat' dir='ltr'>«de</span> <span class='ocrx_word' id='word_1_117' title='bbox 1437 1073 1553 1114; x_wconf 86' lang='lat' dir='ltr'>l&#39;urtis</span> <span class='ocrx_word' id='word_1_118' title='bbox 1577 1090 1596 1111; x_wconf 85' lang='lat'>»</span> <span class='ocrx_word' id='word_1_119' title='bbox 1636 1073 1703 1130; x_wconf 62' lang='lat' dir='ltr'>(Y,</span> 
     </span>
     <span class='ocr_line' id='line_1_14' title="bbox 78 1138 1701 1197; baseline 0.002 -15"><span class='ocrx_word' id='word_1_120' title='bbox 78 1138 149 1196; x_wconf 90' lang='lat'>18)</span> <span class='ocrx_word' id='word_1_121' title='bbox 184 1141 383 1195; x_wconf 87' lang='lat' dir='ltr'>scriptum</span> <span class='ocrx_word' id='word_1_122' title='bbox 419 1142 501 1181; x_wconf 88' lang='lat' dir='ltr'>est:</span> <span class='ocrx_word' id='word_1_123' title='bbox 541 1138 625 1182; x_wconf 85' lang='lat' dir='ltr'>«Si</span> <span class='ocrx_word' id='word_1_124' title='bbox 661 1140 753 1195; x_wconf 87' lang='lat' dir='ltr'>quis</span> <span class='ocrx_word' id='word_1_125' title='bbox 788 1143 954 1194; x_wconf 90' lang='lat' dir='ltr'>propter</span> <span class='ocrx_word' id='word_1_126' title='bbox 997 1143 1281 1183; x_wconf 82' lang='lat' dir='ltr'>necessitatem</span> <span class='ocrx_word' id='word_1_127' title='bbox 1318 1143 1448 1197; x_wconf 81' lang='lat' dir='ltr'>samis,</span> <span class='ocrx_word' id='word_1_128' title='bbox 1483 1150 1548 1186; x_wconf 87' lang='lat' dir='ltr'>aut</span> <span class='ocrx_word' id='word_1_129' title='bbox 1587 1146 1701 1186; x_wconf 77' lang='lat' dir='ltr'>nuili-</span> 
     </span>
     <span class='ocr_line' id='line_1_15' title="bbox 76 1208 1701 1267; baseline 0.003 -15"><span class='ocrx_word' id='word_1_130' title='bbox 76 1212 183 1264; x_wconf 87' lang='lat' dir='ltr'>tatis,</span> <span class='ocrx_word' id='word_1_131' title='bbox 216 1210 374 1252; x_wconf 88' lang='lat' dir='ltr'>furatus</span> <span class='ocrx_word' id='word_1_132' title='bbox 407 1209 529 1252; x_wconf 86' lang='lat' dir='ltr'>tuerit</span> <span class='ocrx_word' id='word_1_133' title='bbox 561 1208 732 1256; x_wconf 88' lang='lat' dir='ltr'>cibaria,</span> <span class='ocrx_word' id='word_1_134' title='bbox 771 1213 941 1261; x_wconf 71' lang='lat' dir='ltr'>restem,</span> <span class='ocrx_word' id='word_1_135' title='bbox 980 1210 1040 1253; x_wconf 76' lang='lat' dir='ltr'>vel</span> <span class='ocrx_word' id='word_1_136' title='bbox 1078 1224 1216 1267; x_wconf 84' lang='lat' dir='ltr'>pecus,</span> <span class='ocrx_word' id='word_1_137' title='bbox 1242 1215 1443 1267; x_wconf 86' lang='lat' dir='ltr'>poeniteat</span> <span class='ocrx_word' id='word_1_138' title='bbox 1480 1213 1701 1257; x_wconf 73' lang='lat' dir='ltr'>liebiloina—</span> 
     </span>
     <span class='ocr_line' id='line_1_16' title="bbox 76 1280 1308 1336; baseline 0.002 -12"><span class='ocrx_word' id='word_1_139' title='bbox 76 1281 149 1324; x_wconf 83' lang='lat' dir='ltr'>das</span> <span class='ocrx_word' id='word_1_140' title='bbox 182 1285 287 1323; x_wconf 89' lang='lat' dir='ltr'>tres:</span> <span class='ocrx_word' id='word_1_141' title='bbox 323 1285 361 1323; x_wconf 88' lang='lat' dir='ltr'>et</span> <span class='ocrx_word' id='word_1_142' title='bbox 394 1282 426 1323; x_wconf 88' lang='lat' dir='ltr'>si</span> <span class='ocrx_word' id='word_1_143' title='bbox 462 1280 705 1335; x_wconf 79' lang='lat' dir='ltr'>reddiderit,</span> <span class='ocrx_word' id='word_1_144' title='bbox 742 1293 819 1322; x_wconf 92' lang='lat' dir='ltr'>non</span> <span class='ocrx_word' id='word_1_145' title='bbox 855 1286 1029 1336; x_wconf 77' lang='lat' dir='ltr'>cogatur</span> <span class='ocrx_word' id='word_1_146' title='bbox 1063 1284 1308 1326; x_wconf 84' lang='lat' dir='ltr'>ieiunare».</span> 
     </span>
    </p>

    <p class='ocr_par' dir='ltr' id='par_1_3' title="bbox 6 1350 1704 2401">
     <span class='ocr_line' id='line_1_17' title="bbox 193 1350 1702 1408; baseline 0.002 -14"><span class='ocrx_word' id='word_1_147' title='bbox 193 1354 218 1405; x_wconf 58' lang='grc' dir='ltr'>ἓ</span> <span class='ocrx_word' id='word_1_148' title='bbox 248 1354 280 1394; x_wconf 69' lang='grc'>’3</span> <span class='ocrx_word' id='word_1_149' title='bbox 310 1353 494 1394; x_wconf 89' lang='lat' dir='ltr'>continet</span> <span class='ocrx_word' id='word_1_150' title='bbox 526 1350 751 1394; x_wconf 86' lang='lat' dir='ltr'>notabilem</span> <span class='ocrx_word' id='word_1_151' title='bbox 787 1351 837 1394; x_wconf 90' lang='lat' dir='ltr'>de</span> <span class='ocrx_word' id='word_1_152' title='bbox 873 1354 961 1394; x_wconf 93' lang='lat' dir='ltr'>iure</span> <span class='ocrx_word' id='word_1_153' title='bbox 996 1352 1154 1408; x_wconf 81' lang='lat' dir='ltr'>poenali</span> <span class='ocrx_word' id='word_1_154' title='bbox 1190 1353 1466 1396; x_wconf 71' lang='lat' dir='ltr'>authenticam</span> <span class='ocrx_word' id='word_1_155' title='bbox 1503 1368 1702 1397; x_wconf 87' lang='lat' dir='ltr'>normam.</span> 
     </span>
     <span class='ocr_line' id='line_1_18' title="bbox 73 1421 1702 1479; baseline 0.001 -14"><span class='ocrx_word' id='word_1_156' title='bbox 73 1421 166 1467; x_wconf 77' lang='lat' dir='ltr'>Non</span> <span class='ocrx_word' id='word_1_157' title='bbox 200 1421 335 1465; x_wconf 80' lang='lat' dir='ltr'>solum</span> <span class='ocrx_word' id='word_1_158' title='bbox 368 1423 706 1465; x_wconf 82' lang='lat' dir='ltr'>circumstantiae</span> <span class='ocrx_word' id='word_1_159' title='bbox 742 1422 994 1478; x_wconf 73' lang='lat' dir='ltr'>praedictae,</span> <span class='ocrx_word' id='word_1_160' title='bbox 1028 1436 1134 1479; x_wconf 76' lang='lat' dir='ltr'>quae</span> <span class='ocrx_word' id='word_1_161' title='bbox 1169 1423 1268 1466; x_wconf 85' lang='lat' dir='ltr'>tales</span> <span class='ocrx_word' id='word_1_162' title='bbox 1301 1430 1563 1470; x_wconf 77' lang='lat' dir='ltr'>‹:‹›11‹·iii·i·aiit.</span> <span class='ocrx_word' id='word_1_163' title='bbox 1590 1431 1629 1468; x_wconf 93' lang='lat' dir='ltr'>ut</span> <span class='ocrx_word' id='word_1_164' title='bbox 1655 1427 1702 1468; x_wconf 73' lang='lat' dir='ltr'>ab</span> 
     </span>
     <span class='ocr_line' id='line_1_19' title="bbox 73 1492 1699 1551; baseline 0.002 -16"><span class='ocrx_word' id='word_1_165' title='bbox 73 1493 187 1536; x_wconf 80' lang='lat' dir='ltr'>omni</span> <span class='ocrx_word' id='word_1_166' title='bbox 218 1492 553 1551; x_wconf 77' lang='lat' dir='ltr'>imputabilitate</span> <span class='ocrx_word' id='word_1_167' title='bbox 584 1499 795 1547; x_wconf 61' lang='lat' dir='ltr'>eJ&#39;cvsem,</span> <span class='ocrx_word' id='word_1_168' title='bbox 821 1495 931 1549; x_wconf 83' lang='lat' dir='ltr'>quia,</span> <span class='ocrx_word' id='word_1_169' title='bbox 955 1498 998 1536; x_wconf 89' lang='lat' dir='ltr'>ut</span> <span class='ocrx_word' id='word_1_170' title='bbox 1028 1498 1148 1549; x_wconf 89' lang='lat' dir='ltr'>patet,</span> <span class='ocrx_word' id='word_1_171' title='bbox 1176 1499 1271 1538; x_wconf 90' lang='lat' dir='ltr'>tunc</span> <span class='ocrx_word' id='word_1_172' title='bbox 1305 1495 1418 1538; x_wconf 88' lang='lat' dir='ltr'>abest</span> <span class='ocrx_word' id='word_1_173' title='bbox 1452 1495 1699 1539; x_wconf 85' lang='lat' dir='ltr'>elementum</span> 
     </span>
     <span class='ocr_line' id='line_1_20' title="bbox 6 1563 1701 1625; baseline 0.001 -18"><span class='ocrx_word' id='word_1_174' title='bbox 6 1623 8 1625; x_wconf 21' lang='grc' dir='ltr'>Ι</span> <span class='ocrx_word' id='word_1_175' title='bbox 73 1563 291 1607; x_wconf 86' lang='lat' dir='ltr'>essentiale</span> <span class='ocrx_word' id='word_1_176' title='bbox 324 1563 479 1618; x_wconf 89' lang='lat' dir='ltr'>delicti,</span> <span class='ocrx_word' id='word_1_177' title='bbox 513 1568 552 1606; x_wconf 88' lang='lat' dir='ltr'>et</span> <span class='ocrx_word' id='word_1_178' title='bbox 594 1563 825 1607; x_wconf 90' lang='lat' dir='ltr'>secundum</span> <span class='ocrx_word' id='word_1_179' title='bbox 872 1578 958 1620; x_wconf 84' lang='lat' dir='ltr'>reg.</span> <span class='ocrx_word' id='word_1_180' title='bbox 995 1565 1046 1607; x_wconf 79' lang='grc'>23</span> <span class='ocrx_word' id='word_1_181' title='bbox 1084 1567 1183 1608; x_wconf 88' lang='lat' dir='ltr'>iuris</span> <span class='ocrx_word' id='word_1_182' title='bbox 1217 1567 1255 1608; x_wconf 88' lang='lat' dir='ltr'>in</span> <span class='ocrx_word' id='word_1_183' title='bbox 1291 1566 1359 1609; x_wconf 80' lang='lat'>60:</span> <span class='ocrx_word' id='word_1_184' title='bbox 1399 1582 1420 1606; x_wconf 88' lang='lat'>«</span> <span class='ocrx_word' id='word_1_185' title='bbox 1443 1568 1536 1609; x_wconf 59' lang='lat' dir='ltr'>§inc</span> <span class='ocrx_word' id='word_1_186' title='bbox 1569 1567 1701 1622; x_wconf 87' lang='lat' dir='ltr'>culpa.</span> 
     </span>
     <span class='ocr_line' id='line_1_21' title="bbox 73 1634 1701 1694; baseline 0.001 -16"><span class='ocrx_word' id='word_1_187' title='bbox 73 1637 148 1678; x_wconf 90' lang='lat' dir='ltr'>nisi</span> <span class='ocrx_word' id='word_1_188' title='bbox 182 1634 314 1678; x_wconf 87' lang='lat' dir='ltr'>subsit</span> <span class='ocrx_word' id='word_1_189' title='bbox 355 1647 493 1689; x_wconf 87' lang='lat' dir='ltr'>causa,</span> <span class='ocrx_word' id='word_1_190' title='bbox 528 1648 608 1678; x_wconf 89' lang='lat' dir='ltr'>non</span> <span class='ocrx_word' id='word_1_191' title='bbox 652 1640 713 1679; x_wconf 90' lang='lat' dir='ltr'>est</span> <span class='ocrx_word' id='word_1_192' title='bbox 754 1635 904 1693; x_wconf 88' lang='lat' dir='ltr'>aliquis</span> <span class='ocrx_word' id='word_1_193' title='bbox 950 1636 1243 1692; x_wconf 77' lang='lat' dir='ltr'>puniendus»,</span> <span class='ocrx_word' id='word_1_194' title='bbox 1278 1636 1350 1679; x_wconf 70' lang='lat' dir='ltr'>sed</span> <span class='ocrx_word' id='word_1_195' title='bbox 1381 1637 1506 1679; x_wconf 79' lang='lat' dir='ltr'>eliam</span> <span class='ocrx_word' id='word_1_196' title='bbox 1541 1652 1646 1694; x_wconf 73' lang='lat' dir='ltr'>qaue</span> <span class='ocrx_word' id='word_1_197' title='bbox 1679 1653 1701 1679; x_wconf 79' lang='lat' dir='ltr'>a</span> 
     </span>
     <span class='ocr_line' id='line_1_22' title="bbox 70 1705 1704 1764; baseline 0.001 -16"><span class='ocrx_word' id='word_1_198' title='bbox 70 1706 195 1764; x_wconf 75' lang='lat' dir='ltr'>qram&#39;</span> <span class='ocrx_word' id='word_1_199' title='bbox 226 1706 372 1762; x_wconf 91' lang='lat' dir='ltr'>supple</span> <span class='ocrx_word' id='word_1_200' title='bbox 411 1721 431 1747; x_wconf 75' lang='lat' dir='ltr'>(c</span> <span class='ocrx_word' id='word_1_201' title='bbox 456 1705 779 1762; x_wconf 85' lang='lat' dir='ltr'>imputabilitate</span> <span class='ocrx_word' id='word_1_202' title='bbox 802 1722 842 1755; x_wconf 81' lang='lat'>»‚</span> <span class='ocrx_word' id='word_1_203' title='bbox 878 1720 998 1764; x_wconf 84' lang='lat' dir='ltr'>quae,</span> <span class='ocrx_word' id='word_1_204' title='bbox 1022 1720 1116 1750; x_wconf 92' lang='lat' dir='ltr'>cum</span> <span class='ocrx_word' id='word_1_205' title='bbox 1145 1710 1196 1750; x_wconf 89' lang='lat' dir='ltr'>sit</span> <span class='ocrx_word' id='word_1_206' title='bbox 1235 1723 1254 1747; x_wconf 86' lang='grc'>((</span> <span class='ocrx_word' id='word_1_207' title='bbox 1280 1708 1535 1750; x_wconf 82' lang='lat' dir='ltr'>moraliter»</span> <span class='ocrx_word' id='word_1_208' title='bbox 1573 1711 1704 1751; x_wconf 84' lang='lat' dir='ltr'>consi-</span> 
     </span>
     <span class='ocr_line' id='line_1_23' title="bbox 73 1777 1701 1835; baseline 0 -15"><span class='ocrx_word' id='word_1_209' title='bbox 73 1777 259 1820; x_wconf 85' lang='lat' dir='ltr'>deranda</span> <span class='ocrx_word' id='word_1_210' title='bbox 291 1781 399 1833; x_wconf 77' lang='lat' dir='ltr'>(can.</span> <span class='ocrx_word' id='word_1_211' title='bbox 434 1777 562 1829; x_wconf 75' lang='lat'>2195,</span> <span class='ocrx_word' id='word_1_212' title='bbox 593 1777 622 1835; x_wconf 63' lang='grc' dir='ltr'><strong>ἓ</strong></span> <span class='ocrx_word' id='word_1_213' title='bbox 661 1778 711 1833; x_wconf 71' lang='grc'>1),</span> <span class='ocrx_word' id='word_1_214' title='bbox 746 1779 878 1821; x_wconf 82' lang='lat' dir='ltr'>forum</span> <span class='ocrx_word' id='word_1_215' title='bbox 916 1781 1122 1821; x_wconf 91' lang='lat' dir='ltr'>internum</span> <span class='ocrx_word' id='word_1_216' title='bbox 1168 1778 1324 1821; x_wconf 88' lang='lat' dir='ltr'>directe</span> <span class='ocrx_word' id='word_1_217' title='bbox 1369 1781 1546 1835; x_wconf 79' lang='lat' dir='ltr'>respicit,</span> <span class='ocrx_word' id='word_1_218' title='bbox 1582 1792 1701 1821; x_wconf 49' lang='grc' dir='ltr'>(ειτη-</span> 
     </span>
     <span class='ocr_line' id='line_1_24' title="bbox 28 1847 1704 1905; baseline 0.001 -15"><span class='ocrx_word' id='word_1_219' title='bbox 28 1858 32 1861; x_wconf 90' lang='grc'><em>·</em></span> <span class='ocrx_word' id='word_1_220' title='bbox 72 1852 169 1890; x_wconf 79' lang='lat' dir='ltr'>sant</span> <span class='ocrx_word' id='word_1_221' title='bbox 197 1847 366 1905; x_wconf 77' lang='lat' dir='ltr'>pariter</span> <span class='ocrx_word' id='word_1_222' title='bbox 399 1847 492 1891; x_wconf 89' lang='lat' dir='ltr'>illae</span> <span class='ocrx_word' id='word_1_223' title='bbox 523 1850 874 1904; x_wconf 88' lang='lat' dir='ltr'>circumstantiae,</span> <span class='ocrx_word' id='word_1_224' title='bbox 909 1852 982 1892; x_wconf 89' lang='lat' dir='ltr'>etsi</span> <span class='ocrx_word' id='word_1_225' title='bbox 1019 1863 1095 1892; x_wconf 90' lang='lat' dir='ltr'>non</span> <span class='ocrx_word' id='word_1_226' title='bbox 1130 1862 1151 1892; x_wconf 91' lang='lat' dir='ltr'>a</span> <span class='ocrx_word' id='word_1_227' title='bbox 1185 1849 1334 1892; x_wconf 87' lang='lat' dir='ltr'>delicto</span> <span class='ocrx_word' id='word_1_228' title='bbox 1369 1852 1480 1892; x_wconf 81' lang='lat' dir='ltr'>iuxta</span> <span class='ocrx_word' id='word_1_229' title='bbox 1514 1853 1603 1892; x_wconf 83' lang='lat' dir='ltr'>eius</span> <span class='ocrx_word' id='word_1_230' title='bbox 1638 1850 1704 1892; x_wconf 77' lang='lat' dir='ltr'>ilc-</span> 
     </span>
     <span class='ocr_line' id='line_1_25' title="bbox 73 1919 1703 1976; baseline -0.001 -15"><span class='ocrx_word' id='word_1_231' title='bbox 73 1920 314 1973; x_wconf 88' lang='lat' dir='ltr'>tinitionem,</span> <span class='ocrx_word' id='word_1_232' title='bbox 351 1921 427 1962; x_wconf 89' lang='lat' dir='ltr'>nisi</span> <span class='ocrx_word' id='word_1_233' title='bbox 471 1919 577 1963; x_wconf 89' lang='lat' dir='ltr'>hanc</span> <span class='ocrx_word' id='word_1_234' title='bbox 620 1922 920 1976; x_wconf 82' lang='lat' dir='ltr'>restringamus</span> <span class='ocrx_word' id='word_1_235' title='bbox 964 1921 1013 1963; x_wconf 91' lang='lat' dir='ltr'>ad</span> <span class='ocrx_word' id='word_1_236' title='bbox 1052 1934 1224 1976; x_wconf 65' lang='lat' dir='ltr'>gravem</span> <span class='ocrx_word' id='word_1_237' title='bbox 1261 1920 1645 1976; x_wconf 88' lang='lat' dir='ltr'>imputabilitatem,</span> <span class='ocrx_word' id='word_1_238' title='bbox 1681 1936 1703 1961; x_wconf 78' lang='lat' dir='ltr'>o</span> 
     </span>
     <span class='ocr_line' id='line_1_26' title="bbox 72 1988 1702 2048; baseline 0.001 -16"><span class='ocrx_word' id='word_1_239' title='bbox 72 1988 257 2047; x_wconf 75' lang='lat' dir='ltr'>qualibet</span> <span class='ocrx_word' id='word_1_240' title='bbox 273 2003 421 2048; x_wconf 77' lang='lat' dir='ltr'>poena,</span> <span class='ocrx_word' id='word_1_241' title='bbox 441 2003 522 2048; x_wconf 86' lang='lat' dir='ltr'>qua</span> <span class='ocrx_word' id='word_1_242' title='bbox 546 2006 569 2032; x_wconf 82' lang='lat'>«</span> <span class='ocrx_word' id='word_1_243' title='bbox 587 1993 626 2034; x_wconf 91' lang='lat' dir='ltr'>in</span> <span class='ocrx_word' id='word_1_244' title='bbox 645 1990 830 2035; x_wconf 89' lang='lat' dir='ltr'>Ecclesia</span> <span class='ocrx_word' id='word_1_245' title='bbox 846 1992 1133 2048; x_wconf 81' lang='lat' dir='ltr'>delinquentes</span> <span class='ocrx_word' id='word_1_246' title='bbox 1154 1991 1421 2047; x_wconf 83' lang='lat' dir='ltr'>plectuntur»</span> <span class='ocrx_word' id='word_1_247' title='bbox 1440 1995 1542 2045; x_wconf 91' lang='lat' dir='ltr'>(can.</span> <span class='ocrx_word' id='word_1_248' title='bbox 1562 1992 1702 2044; x_wconf 72' lang='lat'>2216),</span> 
     </span>
     <span class='ocr_line' id='line_1_27' title="bbox 71 2059 1701 2119; baseline 0.001 -16"><span class='ocrx_word' id='word_1_249' title='bbox 71 2065 158 2103; x_wconf 78' lang='lat' dir='ltr'>tum</span> <span class='ocrx_word' id='word_1_250' title='bbox 191 2059 306 2103; x_wconf 82' lang='lat' dir='ltr'>latae</span> <span class='ocrx_word' id='word_1_251' title='bbox 340 2066 425 2104; x_wconf 78' lang='lat' dir='ltr'>tum</span> <span class='ocrx_word' id='word_1_252' title='bbox 456 2060 661 2119; x_wconf 79' lang='lat' dir='ltr'>ferendae</span> <span class='ocrx_word' id='word_1_253' title='bbox 693 2062 942 2113; x_wconf 71' lang='lat' dir='ltr'>sententiae,</span> <span class='ocrx_word' id='word_1_254' title='bbox 981 2075 1085 2119; x_wconf 91' lang='lat' dir='ltr'>quae</span> <span class='ocrx_word' id='word_1_255' title='bbox 1128 2064 1339 2105; x_wconf 83' lang='lat' dir='ltr'>excusatio</span> <span class='ocrx_word' id='word_1_256' title='bbox 1382 2075 1546 2117; x_wconf 89' lang='lat' dir='ltr'>semper</span> <span class='ocrx_word' id='word_1_257' title='bbox 1593 2065 1701 2118; x_wconf 74' lang='lat' dir='ltr'>viget</span> 
     </span>
     <span class='ocr_line' id='line_1_28' title="bbox 72 2132 1700 2191; baseline 0 -17"><span class='ocrx_word' id='word_1_258' title='bbox 72 2145 145 2188; x_wconf 90' lang='lat' dir='ltr'>pro</span> <span class='ocrx_word' id='word_1_259' title='bbox 180 2133 268 2175; x_wconf 85' lang='lat' dir='ltr'>foro</span> <span class='ocrx_word' id='word_1_260' title='bbox 302 2134 478 2185; x_wconf 88' lang='lat' dir='ltr'>interno,</span> <span class='ocrx_word' id='word_1_261' title='bbox 510 2133 582 2176; x_wconf 88' lang='lat' dir='ltr'>sed</span> <span class='ocrx_word' id='word_1_262' title='bbox 617 2133 746 2176; x_wconf 77' lang='lat' dir='ltr'>etiam</span> <span class='ocrx_word' id='word_1_263' title='bbox 779 2133 824 2176; x_wconf 75' lang='lat' dir='ltr'>in</span> <span class='ocrx_word' id='word_1_264' title='bbox 855 2133 950 2191; x_wconf 82' lang='lat' dir='ltr'>foro</span> <span class='ocrx_word' id='word_1_265' title='bbox 985 2138 1157 2176; x_wconf 70' lang='lat' dir='ltr'>eoelerno</span> <span class='ocrx_word' id='word_1_266' title='bbox 1191 2133 1430 2187; x_wconf 87' lang='lat' dir='ltr'>attenditur,</span> <span class='ocrx_word' id='word_1_267' title='bbox 1449 2132 1487 2174; x_wconf 78' lang='lat' dir='ltr'>si</span> <span class='ocrx_word' id='word_1_268' title='bbox 1504 2147 1584 2190; x_wconf 71' lang='lat' dir='ltr'>pro</span> <span class='ocrx_word' id='word_1_269' title='bbox 1607 2134 1700 2189; x_wconf 72' lang='lat' dir='ltr'>soro</span> 
     </span>
     <span class='ocr_line' id='line_1_29' title="bbox 71 2203 1701 2261; baseline -0.001 -15"><span class='ocrx_word' id='word_1_270' title='bbox 71 2207 244 2246; x_wconf 74' lang='lat' dir='ltr'>eoeleruo</span> <span class='ocrx_word' id='word_1_271' title='bbox 279 2203 461 2247; x_wconf 90' lang='lat' dir='ltr'>iudiciali</span> <span class='ocrx_word' id='word_1_272' title='bbox 499 2203 563 2247; x_wconf 91' lang='lat' dir='ltr'>vel</span> <span class='ocrx_word' id='word_1_273' title='bbox 598 2205 925 2248; x_wconf 86' lang='lat' dir='ltr'>extra-iudiciali</span> <span class='ocrx_word' id='word_1_274' title='bbox 960 2205 1066 2261; x_wconf 90' lang='lat' dir='ltr'>apud</span> <span class='ocrx_word' id='word_1_275' title='bbox 1101 2218 1222 2261; x_wconf 91' lang='lat' dir='ltr'>quem</span> <span class='ocrx_word' id='word_1_276' title='bbox 1260 2208 1458 2247; x_wconf 87' lang='lat' dir='ltr'>tractetur</span> <span class='ocrx_word' id='word_1_277' title='bbox 1491 2204 1701 2251; x_wconf 76' lang='lat' dir='ltr'>delictum,</span> 
     </span>
     <span class='ocr_line' id='line_1_30' title="bbox 71 2273 1698 2332; baseline 0 -15"><span class='ocrx_word' id='word_1_278' title='bbox 71 2274 288 2317; x_wconf 66' lang='lat' dir='ltr'>excusatio</span> <span class='ocrx_word' id='word_1_279' title='bbox 327 2289 347 2315; x_wconf 80' lang='lat' dir='ltr'>(c</span> <span class='ocrx_word' id='word_1_280' title='bbox 370 2273 422 2318; x_wconf 88' lang='lat' dir='ltr'>ab</span> <span class='ocrx_word' id='word_1_281' title='bbox 455 2275 775 2332; x_wconf 87' lang='lat' dir='ltr'>imputabilitate</span> <span class='ocrx_word' id='word_1_282' title='bbox 810 2278 973 2332; x_wconf 84' lang='lat' dir='ltr'>gravi»</span> <span class='ocrx_word' id='word_1_283' title='bbox 1012 2275 1231 2317; x_wconf 71' lang='lat' dir='ltr'>evincatur</span> <span class='ocrx_word' id='word_1_284' title='bbox 1264 2274 1449 2317; x_wconf 71' lang='lat' dir='ltr'>relativis</span> <span class='ocrx_word' id='word_1_285' title='bbox 1483 2274 1532 2317; x_wconf 90' lang='lat' dir='ltr'>ad</span> <span class='ocrx_word' id='word_1_286' title='bbox 1569 2276 1698 2317; x_wconf 82' lang='lat' dir='ltr'>torum</span> 
     </span>
     <span class='ocr_line' id='line_1_31' title="bbox 74 2344 400 2401; baseline 0.006 -14"><span class='ocrx_word' id='word_1_287' title='bbox 74 2344 400 2401; x_wconf 87' lang='lat' dir='ltr'>probationibus.</span> 
     </span>
    </p>

    <p class='ocr_par' dir='ltr' id='par_1_4' title="bbox 37 2415 1702 2965">
     <span class='ocr_line' id='line_1_32' title="bbox 191 2415 1701 2474; baseline -0.001 -15"><span class='ocrx_word' id='word_1_288' title='bbox 191 2415 311 2470; x_wconf 85' lang='lat' dir='ltr'>Quod</span> <span class='ocrx_word' id='word_1_289' title='bbox 331 2416 451 2460; x_wconf 84' lang='lat' dir='ltr'>Alex.</span> <span class='ocrx_word' id='word_1_290' title='bbox 474 2416 525 2459; x_wconf 85' lang='grc' dir='ltr'>ΙΙΙ</span> <span class='ocrx_word' id='word_1_291' title='bbox 551 2419 589 2460; x_wconf 88' lang='lat' dir='ltr'>in</span> <span class='ocrx_word' id='word_1_292' title='bbox 614 2430 704 2474; x_wconf 92' lang='lat' dir='ltr'>cap.</span> <span class='ocrx_word' id='word_1_293' title='bbox 727 2421 749 2461; x_wconf 77' lang='lat'><strong>4</strong></span> <span class='ocrx_word' id='word_1_294' title='bbox 792 2434 811 2458; x_wconf 83' lang='lat'>«</span> <span class='ocrx_word' id='word_1_295' title='bbox 835 2418 886 2461; x_wconf 90' lang='lat' dir='ltr'>de</span> <span class='ocrx_word' id='word_1_296' title='bbox 910 2418 1102 2460; x_wconf 72' lang='lat' dir='ltr'>divortiis</span> <span class='ocrx_word' id='word_1_297' title='bbox 1126 2433 1145 2457; x_wconf 84' lang='grc'>&gt;)</span> <span class='ocrx_word' id='word_1_298' title='bbox 1176 2416 1259 2474; x_wconf 67' lang='lat' dir='ltr'>(lv,</span> <span class='ocrx_word' id='word_1_299' title='bbox 1288 2416 1357 2467; x_wconf 70' lang='lat'>19)</span> <span class='ocrx_word' id='word_1_300' title='bbox 1382 2419 1460 2459; x_wconf 88' lang='lat' dir='ltr'>ait:</span> <span class='ocrx_word' id='word_1_301' title='bbox 1490 2433 1510 2457; x_wconf 85' lang='lat'>«</span> <span class='ocrx_word' id='word_1_302' title='bbox 1535 2416 1701 2458; x_wconf 71' lang='lat' dir='ltr'>(lonsul-</span> 
     </span>
     <span class='ocr_line' id='line_1_33' title="bbox 72 2487 1698 2546; baseline -0.001 -18"><span class='ocrx_word' id='word_1_303' title='bbox 72 2488 213 2529; x_wconf 90' lang='lat' dir='ltr'>tationi</span> <span class='ocrx_word' id='word_1_304' title='bbox 235 2491 327 2530; x_wconf 90' lang='lat' dir='ltr'>tuae</span> <span class='ocrx_word' id='word_1_305' title='bbox 347 2487 483 2531; x_wconf 89' lang='lat' dir='ltr'>taliter</span> <span class='ocrx_word' id='word_1_306' title='bbox 503 2489 815 2545; x_wconf 87' lang='lat' dir='ltr'>respondemus,</span> <span class='ocrx_word' id='word_1_307' title='bbox 831 2489 939 2546; x_wconf 88' lang='lat' dir='ltr'>quod</span> <span class='ocrx_word' id='word_1_308' title='bbox 965 2491 996 2531; x_wconf 87' lang='lat' dir='ltr'>si</span> <span class='ocrx_word' id='word_1_309' title='bbox 1018 2490 1221 2530; x_wconf 85' lang='lat' dir='ltr'>notorium</span> <span class='ocrx_word' id='word_1_310' title='bbox 1243 2491 1314 2530; x_wconf 83' lang='lat' dir='ltr'>est.</span> <span class='ocrx_word' id='word_1_311' title='bbox 1337 2487 1550 2530; x_wconf 92' lang='lat' dir='ltr'>mulierem</span> <span class='ocrx_word' id='word_1_312' title='bbox 1574 2490 1698 2541; x_wconf 85' lang='lat' dir='ltr'>ipsam</span> 
     </span>
     <span class='ocr_line' id='line_1_34' title="bbox 37 2552 1702 2615; baseline 0 -16"><span class='ocrx_word' id='word_1_313' title='bbox 37 2552 42 2558; x_wconf 78' lang='lat'>&#39;</span> <span class='ocrx_word' id='word_1_314' title='bbox 71 2556 324 2601; x_wconf 85' lang='lat' dir='ltr'>adulterium</span> <span class='ocrx_word' id='word_1_315' title='bbox 343 2560 676 2613; x_wconf 77' lang='lat' dir='ltr'>cominisisse,ad</span> <span class='ocrx_word' id='word_1_316' title='bbox 698 2572 788 2603; x_wconf 86' lang='lat' dir='ltr'>eam</span> <span class='ocrx_word' id='word_1_317' title='bbox 817 2559 1096 2615; x_wconf 85' lang='lat' dir='ltr'>recipiendam</span> <span class='ocrx_word' id='word_1_318' title='bbox 1119 2561 1326 2614; x_wconf 81' lang='lat' dir='ltr'>praelatus</span> <span class='ocrx_word' id='word_1_319' title='bbox 1349 2560 1410 2600; x_wconf 68' lang='lat' dir='ltr'>vir</span> <span class='ocrx_word' id='word_1_320' title='bbox 1428 2560 1517 2613; x_wconf 81' lang='lat' dir='ltr'>cogi</span> <span class='ocrx_word' id='word_1_321' title='bbox 1540 2571 1615 2599; x_wconf 89' lang='lat' dir='ltr'>uon</span> <span class='ocrx_word' id='word_1_322' title='bbox 1637 2557 1702 2599; x_wconf 80' lang='lat' dir='ltr'>‹le-</span> 
     </span>
     <span class='ocr_line' id='line_1_35' title="bbox 72 2627 1698 2686; baseline -0.002 -15"><span class='ocrx_word' id='word_1_323' title='bbox 72 2627 161 2671; x_wconf 89' lang='lat' dir='ltr'>bet:</span> <span class='ocrx_word' id='word_1_324' title='bbox 182 2630 258 2672; x_wconf 89' lang='lat' dir='ltr'>nisi</span> <span class='ocrx_word' id='word_1_325' title='bbox 278 2634 485 2673; x_wconf 79' lang='lat' dir='ltr'>constaret</span> <span class='ocrx_word' id='word_1_326' title='bbox 503 2632 638 2686; x_wconf 90' lang='lat' dir='ltr'>ipsum</span> <span class='ocrx_word' id='word_1_327' title='bbox 658 2644 751 2674; x_wconf 89' lang='lat' dir='ltr'>cum</span> <span class='ocrx_word' id='word_1_328' title='bbox 773 2630 849 2673; x_wconf 92' lang='lat' dir='ltr'>alia</span> <span class='ocrx_word' id='word_1_329' title='bbox 872 2630 1120 2673; x_wconf 91' lang='lat' dir='ltr'>adulterium</span> <span class='ocrx_word' id='word_1_330' title='bbox 1146 2631 1401 2672; x_wconf 73' lang='lat' dir='ltr'>commisisse</span> <span class='ocrx_word' id='word_1_331' title='bbox 1422 2631 1572 2682; x_wconf 78' lang='lat' dir='ltr'>»,sicut</span> <span class='ocrx_word' id='word_1_332' title='bbox 1596 2630 1698 2683; x_wconf 93' lang='lat' dir='ltr'>prin-</span> 
     </span>
     <span class='ocr_line' id='line_1_36' title="bbox 71 2699 1698 2756; baseline -0.004 -14"><span class='ocrx_word' id='word_1_333' title='bbox 71 2701 227 2755; x_wconf 88' lang='lat' dir='ltr'>cipium</span> <span class='ocrx_word' id='word_1_334' title='bbox 262 2700 456 2755; x_wconf 86' lang='lat' dir='ltr'>generale</span> <span class='ocrx_word' id='word_1_335' title='bbox 479 2703 621 2744; x_wconf 85' lang='lat' dir='ltr'>statuit</span> <span class='ocrx_word' id='word_1_336' title='bbox 644 2703 668 2755; x_wconf 65' lang='grc' dir='ltr'><strong>ἓ</strong></span> <span class='ocrx_word' id='word_1_337' title='bbox 690 2703 733 2745; x_wconf 81' lang='grc'>3.</span> <span class='ocrx_word' id='word_1_338' title='bbox 760 2700 910 2744; x_wconf 73' lang='lat' dir='ltr'>Mutua</span> <span class='ocrx_word' id='word_1_339' title='bbox 934 2700 1111 2751; x_wconf 74' lang='lat' dir='ltr'>iniuria,</span> <span class='ocrx_word' id='word_1_340' title='bbox 1135 2713 1214 2756; x_wconf 89' lang='lat' dir='ltr'>qua</span> <span class='ocrx_word' id='word_1_341' title='bbox 1241 2699 1331 2741; x_wconf 89' lang='lat' dir='ltr'>talis</span> <span class='ocrx_word' id='word_1_342' title='bbox 1353 2701 1440 2741; x_wconf 72' lang='lat' dir='ltr'>sive</span> <span class='ocrx_word' id='word_1_343' title='bbox 1464 2700 1698 2740; x_wconf 61' lang='lat' dir='ltr'>successim·</span> 
     </span>
     <span class='ocr_line' id='line_1_37' title="bbox 71 2768 1694 2829; baseline -0.003 -18"><span class='ocrx_word' id='word_1_344' title='bbox 71 2768 197 2822; x_wconf 87' lang='lat' dir='ltr'>illata,</span> <span class='ocrx_word' id='word_1_345' title='bbox 230 2772 320 2813; x_wconf 79' lang='lat' dir='ltr'>sive</span> <span class='ocrx_word' id='word_1_346' title='bbox 353 2770 499 2814; x_wconf 85' lang='lat' dir='ltr'>eodem</span> <span class='ocrx_word' id='word_1_347' title='bbox 533 2775 736 2828; x_wconf 83' lang='lat' dir='ltr'>tempore,</span> <span class='ocrx_word' id='word_1_348' title='bbox 757 2776 1064 2829; x_wconf 77' lang='lat' dir='ltr'>compensatur,</span> <span class='ocrx_word' id='word_1_349' title='bbox 1089 2775 1172 2812; x_wconf 89' lang='lat' dir='ltr'>tum</span> <span class='ocrx_word' id='word_1_350' title='bbox 1208 2770 1341 2826; x_wconf 87' lang='lat' dir='ltr'>quoad</span> <span class='ocrx_word' id='word_1_351' title='bbox 1376 2770 1694 2811; x_wconf 73' lang='lat' dir='ltr'>satisfactionem</span> 
     </span>
     <span class='ocr_line' id='line_1_38' title="bbox 70 2838 1695 2898; baseline -0.003 -16"><span class='ocrx_word' id='word_1_352' title='bbox 70 2839 340 2891; x_wconf 87' lang='lat' dir='ltr'>reddendam,</span> <span class='ocrx_word' id='word_1_353' title='bbox 361 2845 447 2883; x_wconf 89' lang='lat' dir='ltr'>tum</span> <span class='ocrx_word' id='word_1_354' title='bbox 472 2842 608 2898; x_wconf 89' lang='lat' dir='ltr'>quoad</span> <span class='ocrx_word' id='word_1_355' title='bbox 636 2854 809 2898; x_wconf 90' lang='lat' dir='ltr'>poenam</span> <span class='ocrx_word' id='word_1_356' title='bbox 839 2841 912 2884; x_wconf 80' lang='lat' dir='ltr'>liae</span> <span class='ocrx_word' id='word_1_357' title='bbox 936 2840 1066 2883; x_wconf 88' lang='lat' dir='ltr'>solum</span> <span class='ocrx_word' id='word_1_358' title='bbox 1093 2840 1143 2882; x_wconf 88' lang='lat' dir='ltr'>‹le</span> <span class='ocrx_word' id='word_1_359' title='bbox 1162 2852 1283 2882; x_wconf 85' lang='lat' dir='ltr'>causa</span> <span class='ocrx_word' id='word_1_360' title='bbox 1311 2839 1407 2881; x_wconf 84' lang='lat' dir='ltr'>illati</span> <span class='ocrx_word' id='word_1_361' title='bbox 1434 2839 1570 2880; x_wconf 82' lang='lat' dir='ltr'>damni</span> <span class='ocrx_word' id='word_1_362' title='bbox 1599 2838 1695 2878; x_wconf 82' lang='lat' dir='ltr'>int&#39;c-</span> 
     </span>
     <span class='ocr_line' id='line_1_39' title="bbox 71 2908 1693 2965; baseline -0.003 -13"><span class='ocrx_word' id='word_1_363' title='bbox 71 2910 257 2963; x_wconf 83' lang='lat' dir='ltr'>rendam,</span> <span class='ocrx_word' id='word_1_364' title='bbox 278 2924 354 2954; x_wconf 90' lang='lat' dir='ltr'>non</span> <span class='ocrx_word' id='word_1_365' title='bbox 378 2924 477 2954; x_wconf 87' lang='lat' dir='ltr'>vero</span> <span class='ocrx_word' id='word_1_366' title='bbox 503 2914 661 2955; x_wconf 89' lang='lat' dir='ltr'>ratione</span> <span class='ocrx_word' id='word_1_367' title='bbox 684 2911 867 2955; x_wconf 86' lang='lat' dir='ltr'>scandali</span> <span class='ocrx_word' id='word_1_368' title='bbox 896 2910 1135 2954; x_wconf 68' lang='lat' dir='ltr'>removendi</span> <span class='ocrx_word' id='word_1_369' title='bbox 1160 2909 1418 2965; x_wconf 82' lang='lat' dir='ltr'>aliorumque</span> <span class='ocrx_word' id='word_1_370' title='bbox 1451 2908 1693 2950; x_wconf 87' lang='lat' dir='ltr'>damnorum</span> 
     </span>
    </p>
   </div>
  </div>
 </body>
</html>
