<?xml version="1.0" encoding="UTF-8"?>
<!DOCTYPE html PUBLIC "-//W3C//DTD XHTML 1.0 Transitional//EN"
    "http://www.w3.org/TR/xhtml1/DTD/xhtml1-transitional.dtd">
<html xmlns="http://www.w3.org/1999/xhtml" xml:lang="en" lang="en">
 <head>
  <title>
</title>
<meta http-equiv="Content-Type" content="text/html;charset=utf-8" />
  <meta name='ocr-system' content='tesseract 3.04.00' />
  <meta name='ocr-capabilities' content='ocr_page ocr_carea ocr_par ocr_line ocrx_word'/>
</head>
<body>
  <div class='ocr_page' id='page_1' title='image "./commentariumtext01blatuoft_0490.png"; bbox 0 0 1950 3313; ppageno 0'>
   <div class='ocr_carea' id='block_1_1' title="bbox 164 154 1276 198">
    <p class='ocr_par' dir='ltr' id='par_1_1' title="bbox 164 154 1276 198">
     <span class='ocr_line' id='line_1_1' title="bbox 164 154 1276 198; baseline -0.004 -6"><span class='ocrx_word' id='word_1_1' title='bbox 164 159 232 192; x_wconf 81' lang='lat'>130</span> <span class='ocrx_word' id='word_1_2' title='bbox 679 155 763 189; x_wconf 83' lang='lat' dir='ltr'><strong>LIB.</strong></span> <span class='ocrx_word' id='word_1_3' title='bbox 790 155 820 189; x_wconf 90' lang='lat' dir='ltr'>I.</span> <span class='ocrx_word' id='word_1_4' title='bbox 846 175 858 179; x_wconf 98' lang='lat'>-</span> <span class='ocrx_word' id='word_1_5' title='bbox 886 155 1057 188; x_wconf 81' lang='lat' dir='ltr'>Normae</span> <span class='ocrx_word' id='word_1_6' title='bbox 1077 154 1276 198; x_wconf 60' lang='grc' dir='ltr'>ρεπεν-αἶρε</span> 
     </span>
    </p>
   </div>
   <div class='ocr_carea' id='block_1_2' title="bbox 166 214 1766 221">
    <p class='ocr_par' dir='ltr' id='par_1_2' title="bbox 166 214 1766 221">
     <span class='ocr_line' id='line_1_2' title="bbox 166 214 1766 221; baseline 0 0"><span class='ocrx_word' id='word_1_7' title='bbox 166 214 1766 221; x_wconf 95' lang='lat' dir='ltr'> </span> 
     </span>
    </p>
   </div>
   <div class='ocr_carea' id='block_1_3' title="bbox 124 272 1796 2455">
    <p class='ocr_par' dir='ltr' id='par_1_3' title="bbox 164 272 1789 399">
     <span class='ocr_line' id='line_1_3' title="bbox 165 272 1789 334; baseline -0.002 -14"><span class='ocrx_word' id='word_1_8' title='bbox 165 281 273 334; x_wconf 89' lang='lat' dir='ltr'>patet</span> <span class='ocrx_word' id='word_1_9' title='bbox 305 276 440 319; x_wconf 85' lang='lat' dir='ltr'>aditus</span> <span class='ocrx_word' id='word_1_10' title='bbox 472 275 521 318; x_wconf 87' lang='lat' dir='ltr'>ad</span> <span class='ocrx_word' id='word_1_11' title='bbox 557 275 594 318; x_wconf 83' lang='lat' dir='ltr'>S.</span> <span class='ocrx_word' id='word_1_12' title='bbox 630 274 746 318; x_wconf 87' lang='lat' dir='ltr'>Sedis</span> <span class='ocrx_word' id='word_1_13' title='bbox 779 273 928 327; x_wconf 85' lang='lat' dir='ltr'>officia,</span> <span class='ocrx_word' id='word_1_14' title='bbox 960 276 1126 315; x_wconf 79' lang='lat' dir='ltr'>servata</span> <span class='ocrx_word' id='word_1_15' title='bbox 1165 274 1241 316; x_wconf 90' lang='lat' dir='ltr'>rite</span> <span class='ocrx_word' id='word_1_16' title='bbox 1271 272 1404 316; x_wconf 86' lang='lat' dir='ltr'>forma</span> <span class='ocrx_word' id='word_1_17' title='bbox 1436 285 1543 331; x_wconf 88' lang='lat' dir='ltr'>quae</span> <span class='ocrx_word' id='word_1_18' title='bbox 1582 272 1715 329; x_wconf 85' lang='lat' dir='ltr'>decet,</span> <span class='ocrx_word' id='word_1_19' title='bbox 1748 277 1789 316; x_wconf 86' lang='lat' dir='ltr'>et</span> 
     </span>
     <span class='ocr_line' id='line_1_4' title="bbox 164 342 1626 399; baseline -0.003 -10"><span class='ocrx_word' id='word_1_20' title='bbox 164 346 333 390; x_wconf 76' lang='lat' dir='ltr'>facultas</span> <span class='ocrx_word' id='word_1_21' title='bbox 365 351 423 389; x_wconf 88' lang='lat' dir='ltr'>est</span> <span class='ocrx_word' id='word_1_22' title='bbox 457 359 551 388; x_wconf 87' lang='lat' dir='ltr'>cum</span> <span class='ocrx_word' id='word_1_23' title='bbox 586 344 733 388; x_wconf 88' lang='lat' dir='ltr'>iisdem</span> <span class='ocrx_word' id='word_1_24' title='bbox 766 345 919 399; x_wconf 83' lang='lat' dir='ltr'>agendi</span> <span class='ocrx_word' id='word_1_25' title='bbox 954 356 1026 399; x_wconf 84' lang='lat' dir='ltr'>per</span> <span class='ocrx_word' id='word_1_26' title='bbox 1058 355 1102 386; x_wconf 94' lang='lat' dir='ltr'>se</span> <span class='ocrx_word' id='word_1_27' title='bbox 1135 342 1186 386; x_wconf 89' lang='lat' dir='ltr'>de</span> <span class='ocrx_word' id='word_1_28' title='bbox 1223 345 1309 386; x_wconf 88' lang='lat' dir='ltr'>suis</span> <span class='ocrx_word' id='word_1_29' title='bbox 1340 345 1562 399; x_wconf 76' lang='lat' dir='ltr'>negotiis„</span> <span class='ocrx_word' id='word_1_30' title='bbox 1587 359 1626 384; x_wconf 83' lang='grc'>)).</span> 
     </span>
    </p>

    <p class='ocr_par' dir='ltr' id='par_1_4' title="bbox 162 413 1791 614">
     <span class='ocr_line' id='line_1_5' title="bbox 285 413 1789 471; baseline -0.001 -14"><span class='ocrx_word' id='word_1_31' title='bbox 285 432 305 457; x_wconf 80' lang='grc'>((</span> <span class='ocrx_word' id='word_1_32' title='bbox 329 416 371 459; x_wconf 79' lang='lat'>30</span> <span class='ocrx_word' id='word_1_33' title='bbox 405 417 445 458; x_wconf 78' lang='lat' dir='ltr'>Si</span> <span class='ocrx_word' id='word_1_34' title='bbox 482 428 580 458; x_wconf 85' lang='lat' dir='ltr'>vero</span> <span class='ocrx_word' id='word_1_35' title='bbox 613 415 895 471; x_wconf 76' lang='lat' dir='ltr'>procuratoris</span> <span class='ocrx_word' id='word_1_36' title='bbox 927 413 1135 456; x_wconf 81' lang='lat' dir='ltr'>desideret</span> <span class='ocrx_word' id='word_1_37' title='bbox 1167 425 1351 470; x_wconf 79' lang='lat' dir='ltr'>operam,</span> <span class='ocrx_word' id='word_1_38' title='bbox 1389 415 1478 457; x_wconf 87' lang='lat' dir='ltr'>eius</span> <span class='ocrx_word' id='word_1_39' title='bbox 1510 413 1692 470; x_wconf 85' lang='lat' dir='ltr'>eligendi</span> <span class='ocrx_word' id='word_1_40' title='bbox 1724 426 1789 457; x_wconf 87' lang='lat' dir='ltr'>ar-</span> 
     </span>
     <span class='ocr_line' id='line_1_6' title="bbox 165 483 1791 543; baseline -0.002 -12"><span class='ocrx_word' id='word_1_41' title='bbox 165 487 329 531; x_wconf 86' lang='lat' dir='ltr'>bitrium</span> <span class='ocrx_word' id='word_1_42' title='bbox 362 486 439 530; x_wconf 85' lang='lat' dir='ltr'><strong>sibi</strong></span> <span class='ocrx_word' id='word_1_43' title='bbox 474 485 735 543; x_wconf 76' lang='lat' dir='ltr'>relinquitur,</span> <span class='ocrx_word' id='word_1_44' title='bbox 766 486 945 527; x_wconf 84' lang='lat' dir='ltr'>servatis</span> <span class='ocrx_word' id='word_1_45' title='bbox 987 488 1124 527; x_wconf 92' lang='lat' dir='ltr'>tamen</span> <span class='ocrx_word' id='word_1_46' title='bbox 1159 486 1316 528; x_wconf 89' lang='lat' dir='ltr'>normis</span> <span class='ocrx_word' id='word_1_47' title='bbox 1351 483 1392 528; x_wconf 90' lang='lat' dir='ltr'>C.</span> <span class='ocrx_word' id='word_1_48' title='bbox 1428 483 1483 527; x_wconf 83' lang='lat' dir='ltr'>lX</span> <span class='ocrx_word' id='word_1_49' title='bbox 1515 489 1614 528; x_wconf 87' lang='lat' dir='ltr'>sect.</span> <span class='ocrx_word' id='word_1_50' title='bbox 1650 484 1663 527; x_wconf 93' lang='lat'><em>1</em></span> <span class='ocrx_word' id='word_1_51' title='bbox 1696 497 1791 528; x_wconf 88' lang='lat' dir='ltr'>con-</span> 
     </span>
     <span class='ocr_line' id='line_1_7' title="bbox 162 557 628 614; baseline -0.004 -12"><span class='ocrx_word' id='word_1_52' title='bbox 162 560 314 602; x_wconf 81' lang='lat' dir='ltr'>stitutis</span> <span class='ocrx_word' id='word_1_53' title='bbox 336 574 356 599; x_wconf 83' lang='grc'>))</span> <span class='ocrx_word' id='word_1_54' title='bbox 396 557 458 613; x_wconf 90' lang='lat' dir='ltr'>(ut</span> <span class='ocrx_word' id='word_1_55' title='bbox 492 557 628 614; x_wconf 79' lang='lat' dir='ltr'>infra).</span> 
     </span>
    </p>

    <p class='ocr_par' dir='ltr' id='par_1_5' title="bbox 164 624 1790 897">
     <span class='ocr_line' id='line_1_8' title="bbox 283 624 1790 685; baseline -0.001 -14"><span class='ocrx_word' id='word_1_56' title='bbox 283 627 362 672; x_wconf 88' lang='lat' dir='ltr'>Pro</span> <span class='ocrx_word' id='word_1_57' title='bbox 400 627 659 672; x_wconf 74' lang='lat' dir='ltr'>Ordinariis.</span> <span class='ocrx_word' id='word_1_58' title='bbox 696 627 739 670; x_wconf 78' lang='lat'>40</span> <span class='ocrx_word' id='word_1_59' title='bbox 773 624 1022 671; x_wconf 88' lang='lat' dir='ltr'>Ordinarius</span> <span class='ocrx_word' id='word_1_60' title='bbox 1057 629 1340 685; x_wconf 79' lang='lat' dir='ltr'>unusquisque</span> <span class='ocrx_word' id='word_1_61' title='bbox 1374 631 1508 684; x_wconf 91' lang='lat' dir='ltr'>potest</span> <span class='ocrx_word' id='word_1_62' title='bbox 1540 629 1628 684; x_wconf 90' lang='lat' dir='ltr'>ipse</span> <span class='ocrx_word' id='word_1_63' title='bbox 1651 640 1724 683; x_wconf 91' lang='lat' dir='ltr'>per</span> <span class='ocrx_word' id='word_1_64' title='bbox 1745 640 1790 671; x_wconf 89' lang='lat' dir='ltr'>se</span> 
     </span>
     <span class='ocr_line' id='line_1_9' title="bbox 164 695 1788 756; baseline -0.001 -14"><span class='ocrx_word' id='word_1_65' title='bbox 164 702 201 743; x_wconf 93' lang='lat' dir='ltr'>in</span> <span class='ocrx_word' id='word_1_66' title='bbox 238 700 366 743; x_wconf 80' lang='lat' dir='ltr'>variis</span> <span class='ocrx_word' id='word_1_67' title='bbox 399 698 566 756; x_wconf 79' lang='lat' dir='ltr'>Aplcae.</span> <span class='ocrx_word' id='word_1_68' title='bbox 601 699 718 742; x_wconf 87' lang='lat' dir='ltr'>Sedis</span> <span class='ocrx_word' id='word_1_69' title='bbox 750 695 910 742; x_wconf 84' lang='lat' dir='ltr'>Officiis</span> <span class='ocrx_word' id='word_1_70' title='bbox 943 699 1109 754; x_wconf 86' lang='lat' dir='ltr'>negotia</span> <span class='ocrx_word' id='word_1_71' title='bbox 1143 698 1272 742; x_wconf 86' lang='lat' dir='ltr'>libere</span> <span class='ocrx_word' id='word_1_72' title='bbox 1306 703 1501 755; x_wconf 83' lang='lat' dir='ltr'>tractare,</span> <span class='ocrx_word' id='word_1_73' title='bbox 1534 711 1614 741; x_wconf 91' lang='lat' dir='ltr'>non</span> <span class='ocrx_word' id='word_1_74' title='bbox 1653 697 1788 742; x_wconf 89' lang='lat' dir='ltr'>solum</span> 
     </span>
     <span class='ocr_line' id='line_1_10' title="bbox 164 768 1790 829; baseline -0.001 -15"><span class='ocrx_word' id='word_1_75' title='bbox 164 783 269 829; x_wconf 86' lang='lat' dir='ltr'>quae</span> <span class='ocrx_word' id='word_1_76' title='bbox 301 773 480 827; x_wconf 88' lang='lat' dir='ltr'>seipsum</span> <span class='ocrx_word' id='word_1_77' title='bbox 515 774 714 826; x_wconf 89' lang='lat' dir='ltr'>spectent,</span> <span class='ocrx_word' id='word_1_78' title='bbox 748 769 819 812; x_wconf 87' lang='lat' dir='ltr'>sed</span> <span class='ocrx_word' id='word_1_79' title='bbox 853 770 977 812; x_wconf 90' lang='lat' dir='ltr'>etiam</span> <span class='ocrx_word' id='word_1_80' title='bbox 1012 781 1119 825; x_wconf 88' lang='lat' dir='ltr'>quae</span> <span class='ocrx_word' id='word_1_81' title='bbox 1152 769 1375 813; x_wconf 89' lang='lat' dir='ltr'>dioecesim</span> <span class='ocrx_word' id='word_1_82' title='bbox 1411 781 1460 812; x_wconf 88' lang='lat' dir='ltr'>ac</span> <span class='ocrx_word' id='word_1_83' title='bbox 1491 768 1569 812; x_wconf 88' lang='lat' dir='ltr'>sibi</span> <span class='ocrx_word' id='word_1_84' title='bbox 1602 768 1790 813; x_wconf 87' lang='lat' dir='ltr'>subditos</span> 
     </span>
     <span class='ocr_line' id='line_1_11' title="bbox 166 841 891 897; baseline -0.004 -12"><span class='ocrx_word' id='word_1_85' title='bbox 166 841 308 885; x_wconf 82' lang='lat' dir='ltr'>fideles</span> <span class='ocrx_word' id='word_1_86' title='bbox 339 842 389 885; x_wconf 91' lang='lat' dir='ltr'>ad</span> <span class='ocrx_word' id='word_1_87' title='bbox 424 843 557 897; x_wconf 91' lang='lat' dir='ltr'>ipsum</span> <span class='ocrx_word' id='word_1_88' title='bbox 592 842 891 896; x_wconf 82' lang='lat' dir='ltr'>contugientes.</span> 
     </span>
    </p>

    <p class='ocr_par' dir='ltr' id='par_1_6' title="bbox 164 909 1793 1252">
     <span class='ocr_line' id='line_1_12' title="bbox 284 909 1791 967; baseline -0.002 -12"><span class='ocrx_word' id='word_1_89' title='bbox 284 913 326 955; x_wconf 75' lang='lat'>30</span> <span class='ocrx_word' id='word_1_90' title='bbox 360 912 530 967; x_wconf 84' lang='lat' dir='ltr'>Quoties</span> <span class='ocrx_word' id='word_1_91' title='bbox 552 909 800 956; x_wconf 90' lang='lat' dir='ltr'>Ordinarius</span> <span class='ocrx_word' id='word_1_92' title='bbox 825 911 924 954; x_wconf 70' lang='lat' dir='ltr'>velit</span> <span class='ocrx_word' id='word_1_93' title='bbox 946 913 1032 966; x_wconf 91' lang='lat' dir='ltr'>ipse</span> <span class='ocrx_word' id='word_1_94' title='bbox 1057 923 1129 966; x_wconf 93' lang='lat' dir='ltr'>per</span> <span class='ocrx_word' id='word_1_95' title='bbox 1151 923 1194 953; x_wconf 87' lang='lat' dir='ltr'>se</span> <span class='ocrx_word' id='word_1_96' title='bbox 1218 910 1268 953; x_wconf 90' lang='lat' dir='ltr'>de</span> <span class='ocrx_word' id='word_1_97' title='bbox 1293 911 1459 966; x_wconf 85' lang='lat' dir='ltr'>negotio</span> <span class='ocrx_word' id='word_1_98' title='bbox 1487 909 1626 967; x_wconf 88' lang='lat' dir='ltr'>aliquo</span> <span class='ocrx_word' id='word_1_99' title='bbox 1648 922 1791 966; x_wconf 83' lang='lat' dir='ltr'>agere,</span> 
     </span>
     <span class='ocr_line' id='line_1_13' title="bbox 164 975 1790 1039; baseline -0.003 -13"><span class='ocrx_word' id='word_1_100' title='bbox 164 986 252 1026; x_wconf 79' lang='lat' dir='ltr'>sive</span> <span class='ocrx_word' id='word_1_101' title='bbox 287 995 481 1039; x_wconf 88' lang='lat' dir='ltr'>praesens</span> <span class='ocrx_word' id='word_1_102' title='bbox 514 984 552 1024; x_wconf 92' lang='lat' dir='ltr'>in</span> <span class='ocrx_word' id='word_1_103' title='bbox 585 980 722 1036; x_wconf 87' lang='lat' dir='ltr'>Curia,</span> <span class='ocrx_word' id='word_1_104' title='bbox 755 983 845 1024; x_wconf 75' lang='lat' dir='ltr'>sive</span> <span class='ocrx_word' id='word_1_105' title='bbox 879 994 951 1037; x_wconf 89' lang='lat' dir='ltr'>per</span> <span class='ocrx_word' id='word_1_106' title='bbox 985 980 1143 1023; x_wconf 81' lang='lat' dir='ltr'>litteras</span> <span class='ocrx_word' id='word_1_107' title='bbox 1175 992 1196 1023; x_wconf 91' lang='lat' dir='ltr'>a</span> <span class='ocrx_word' id='word_1_108' title='bbox 1229 992 1302 1023; x_wconf 90' lang='lat' dir='ltr'>sua</span> <span class='ocrx_word' id='word_1_109' title='bbox 1336 979 1435 1023; x_wconf 89' lang='lat' dir='ltr'>sede</span> <span class='ocrx_word' id='word_1_110' title='bbox 1459 979 1692 1027; x_wconf 87' lang='lat' dir='ltr'>mittendas,</span> <span class='ocrx_word' id='word_1_111' title='bbox 1717 975 1790 1023; x_wconf 79' lang='lat' dir='ltr'>Of-</span> 
     </span>
     <span class='ocr_line' id='line_1_14' title="bbox 166 1050 1790 1110; baseline -0.002 -14"><span class='ocrx_word' id='word_1_112' title='bbox 166 1054 305 1097; x_wconf 82' lang='lat' dir='ltr'>ficium</span> <span class='ocrx_word' id='word_1_113' title='bbox 339 1052 623 1110; x_wconf 86' lang='lat' dir='ltr'>praemonebit</span> <span class='ocrx_word' id='word_1_114' title='bbox 657 1066 837 1110; x_wconf 84' lang='lat' dir='ltr'>quocum</span> <span class='ocrx_word' id='word_1_115' title='bbox 877 1054 914 1095; x_wconf 92' lang='lat' dir='ltr'>ei</span> <span class='ocrx_word' id='word_1_116' title='bbox 957 1053 1035 1095; x_wconf 90' lang='lat' dir='ltr'>erit</span> <span class='ocrx_word' id='word_1_117' title='bbox 1068 1051 1291 1107; x_wconf 82' lang='lat' dir='ltr'>agendum.</span> <span class='ocrx_word' id='word_1_118' title='bbox 1327 1050 1441 1094; x_wconf 90' lang='lat' dir='ltr'>Tunc</span> <span class='ocrx_word' id='word_1_119' title='bbox 1477 1063 1576 1094; x_wconf 74' lang='lat' dir='ltr'>vero</span> <span class='ocrx_word' id='word_1_120' title='bbox 1609 1052 1648 1093; x_wconf 92' lang='lat' dir='ltr'>in</span> <span class='ocrx_word' id='word_1_121' title='bbox 1683 1052 1790 1107; x_wconf 89' lang='lat' dir='ltr'>posi·</span> 
     </span>
     <span class='ocr_line' id='line_1_15' title="bbox 165 1120 1793 1181; baseline -0.002 -14"><span class='ocrx_word' id='word_1_122' title='bbox 165 1127 273 1168; x_wconf 91' lang='lat' dir='ltr'>tione</span> <span class='ocrx_word' id='word_1_123' title='bbox 321 1124 607 1168; x_wconf 87' lang='lat' dir='ltr'>adnotabitur:</span> <span class='ocrx_word' id='word_1_124' title='bbox 639 1122 881 1181; x_wconf 72' lang='lat' dir='ltr'>personalis</span> <span class='ocrx_word' id='word_1_125' title='bbox 911 1136 989 1180; x_wconf 77' lang='lat' dir='ltr'>pro</span> <span class='ocrx_word' id='word_1_126' title='bbox 1027 1121 1284 1171; x_wconf 77' lang='lat' dir='ltr'>Ordinario;</span> <span class='ocrx_word' id='word_1_127' title='bbox 1318 1134 1466 1178; x_wconf 84' lang='lat' dir='ltr'>resque</span> <span class='ocrx_word' id='word_1_128' title='bbox 1510 1120 1634 1164; x_wconf 89' lang='lat' dir='ltr'>nullis</span> <span class='ocrx_word' id='word_1_129' title='bbox 1671 1123 1793 1164; x_wconf 91' lang='lat' dir='ltr'>inter-</span> 
     </span>
     <span class='ocr_line' id='line_1_16' title="bbox 166 1194 866 1252; baseline -0.004 -14"><span class='ocrx_word' id='word_1_130' title='bbox 166 1197 306 1251; x_wconf 85' lang='lat' dir='ltr'>positis</span> <span class='ocrx_word' id='word_1_131' title='bbox 338 1194 676 1252; x_wconf 81' lang='lat' dir='ltr'>procuratoribus</span> <span class='ocrx_word' id='word_1_132' title='bbox 704 1199 866 1250; x_wconf 82' lang='lat' dir='ltr'>agetur.</span> 
     </span>
    </p>

    <p class='ocr_par' dir='ltr' id='par_1_7' title="bbox 165 1261 1793 1534">
     <span class='ocr_line' id='line_1_17' title="bbox 284 1261 1790 1322; baseline -0.001 -15"><span class='ocrx_word' id='word_1_133' title='bbox 284 1267 326 1314; x_wconf 73' lang='lat'>60</span> <span class='ocrx_word' id='word_1_134' title='bbox 360 1264 619 1321; x_wconf 90' lang='lat' dir='ltr'>Ordinarius,</span> <span class='ocrx_word' id='word_1_135' title='bbox 653 1267 722 1322; x_wconf 85' lang='lat' dir='ltr'>qui</span> <span class='ocrx_word' id='word_1_136' title='bbox 758 1269 857 1321; x_wconf 87' lang='lat' dir='ltr'>petit</span> <span class='ocrx_word' id='word_1_137' title='bbox 890 1265 1047 1309; x_wconf 88' lang='lat' dir='ltr'>directo</span> <span class='ocrx_word' id='word_1_138' title='bbox 1079 1278 1203 1321; x_wconf 85' lang='lat' dir='ltr'>agere</span> <span class='ocrx_word' id='word_1_139' title='bbox 1238 1278 1334 1308; x_wconf 90' lang='lat' dir='ltr'>cum</span> <span class='ocrx_word' id='word_1_140' title='bbox 1367 1261 1516 1308; x_wconf 85' lang='lat' dir='ltr'>Officio</span> <span class='ocrx_word' id='word_1_141' title='bbox 1539 1263 1693 1321; x_wconf 85' lang='lat' dir='ltr'>aliquo,</span> <span class='ocrx_word' id='word_1_142' title='bbox 1711 1263 1790 1307; x_wconf 88' lang='lat' dir='ltr'>sibi</span> 
     </span>
     <span class='ocr_line' id='line_1_18' title="bbox 165 1333 1792 1392; baseline -0.002 -12"><span class='ocrx_word' id='word_1_143' title='bbox 165 1339 335 1380; x_wconf 84' lang='lat' dir='ltr'>assumit</span> <span class='ocrx_word' id='word_1_144' title='bbox 367 1336 588 1379; x_wconf 71' lang='lat' dir='ltr'>solvendas</span> <span class='ocrx_word' id='word_1_145' title='bbox 622 1339 843 1392; x_wconf 85' lang='lat' dir='ltr'>impensas,</span> <span class='ocrx_word' id='word_1_146' title='bbox 867 1349 946 1379; x_wconf 93' lang='lat' dir='ltr'>non</span> <span class='ocrx_word' id='word_1_147' title='bbox 982 1336 1104 1379; x_wconf 78' lang='lat' dir='ltr'>niodo</span> <span class='ocrx_word' id='word_1_148' title='bbox 1140 1349 1211 1391; x_wconf 94' lang='lat' dir='ltr'>pro</span> <span class='ocrx_word' id='word_1_149' title='bbox 1244 1337 1427 1391; x_wconf 89' lang='lat' dir='ltr'>acceptis</span> <span class='ocrx_word' id='word_1_150' title='bbox 1453 1334 1708 1391; x_wconf 75' lang='lat' dir='ltr'>redditisque</span> <span class='ocrx_word' id='word_1_151' title='bbox 1731 1333 1792 1376; x_wconf 91' lang='lat' dir='ltr'>lit-</span> 
     </span>
     <span class='ocr_line' id='line_1_19' title="bbox 167 1405 1793 1463; baseline -0.002 -12"><span class='ocrx_word' id='word_1_152' title='bbox 167 1411 262 1451; x_wconf 90' lang='lat' dir='ltr'>teris</span> <span class='ocrx_word' id='word_1_153' title='bbox 296 1413 333 1450; x_wconf 84' lang='lat' dir='ltr'>et</span> <span class='ocrx_word' id='word_1_154' title='bbox 366 1409 542 1463; x_wconf 84' lang='lat' dir='ltr'>scriptis,</span> <span class='ocrx_word' id='word_1_155' title='bbox 577 1412 645 1450; x_wconf 90' lang='lat' dir='ltr'>aut</span> <span class='ocrx_word' id='word_1_156' title='bbox 681 1420 752 1462; x_wconf 91' lang='lat' dir='ltr'>pro</span> <span class='ocrx_word' id='word_1_157' title='bbox 786 1406 876 1450; x_wconf 87' lang='lat' dir='ltr'>aliis</span> <span class='ocrx_word' id='word_1_158' title='bbox 910 1406 1033 1450; x_wconf 88' lang='lat' dir='ltr'>rebus</span> <span class='ocrx_word' id='word_1_159' title='bbox 1056 1408 1315 1454; x_wconf 88' lang='lat' dir='ltr'>necessariis,</span> <span class='ocrx_word' id='word_1_160' title='bbox 1339 1405 1410 1448; x_wconf 89' lang='lat' dir='ltr'>sed</span> <span class='ocrx_word' id='word_1_161' title='bbox 1435 1407 1558 1448; x_wconf 91' lang='lat' dir='ltr'>etiam</span> <span class='ocrx_word' id='word_1_162' title='bbox 1586 1417 1658 1461; x_wconf 90' lang='lat' dir='ltr'>pro</span> <span class='ocrx_word' id='word_1_163' title='bbox 1682 1409 1793 1448; x_wconf 84' lang='lat' dir='ltr'>taxa-</span> 
     </span>
     <span class='ocr_line' id='line_1_20' title="bbox 168 1478 1070 1534; baseline -0.002 -12"><span class='ocrx_word' id='word_1_164' title='bbox 168 1478 346 1522; x_wconf 86' lang='lat' dir='ltr'>tionibus</span> <span class='ocrx_word' id='word_1_165' title='bbox 380 1480 642 1534; x_wconf 81' lang='lat' dir='ltr'>praescriptis</span> <span class='ocrx_word' id='word_1_166' title='bbox 676 1480 714 1520; x_wconf 93' lang='lat' dir='ltr'>in</span> <span class='ocrx_word' id='word_1_167' title='bbox 748 1478 922 1534; x_wconf 83' lang='lat' dir='ltr'>singulis</span> <span class='ocrx_word' id='word_1_168' title='bbox 954 1480 1070 1521; x_wconf 90' lang='lat' dir='ltr'>actis.</span> 
     </span>
    </p>

    <p class='ocr_par' dir='ltr' id='par_1_8' title="bbox 167 1545 1791 1664">
     <span class='ocr_line' id='line_1_21' title="bbox 285 1545 1791 1605; baseline -0.003 -13"><span class='ocrx_word' id='word_1_169' title='bbox 285 1550 327 1592; x_wconf 87' lang='lat'>80</span> <span class='ocrx_word' id='word_1_170' title='bbox 362 1550 401 1592; x_wconf 72' lang='lat' dir='ltr'>si</span> <span class='ocrx_word' id='word_1_171' title='bbox 436 1553 701 1605; x_wconf 87' lang='lat' dir='ltr'>procuratore</span> <span class='ocrx_word' id='word_1_172' title='bbox 736 1551 792 1591; x_wconf 86' lang='lat' dir='ltr'>uti</span> <span class='ocrx_word' id='word_1_173' title='bbox 830 1548 969 1603; x_wconf 73' lang='lat' dir='ltr'>velint,</span> <span class='ocrx_word' id='word_1_174' title='bbox 1003 1550 1158 1591; x_wconf 90' lang='lat' dir='ltr'>normis</span> <span class='ocrx_word' id='word_1_175' title='bbox 1191 1546 1465 1590; x_wconf 86' lang='lat' dir='ltr'>inhaerebunt</span> <span class='ocrx_word' id='word_1_176' title='bbox 1489 1560 1524 1590; x_wconf 84' lang='lat' dir='ltr'>c.</span> <span class='ocrx_word' id='word_1_177' title='bbox 1550 1545 1621 1600; x_wconf 83' lang='lat' dir='ltr'>IX,</span> <span class='ocrx_word' id='word_1_178' title='bbox 1642 1550 1740 1589; x_wconf 87' lang='lat' dir='ltr'>sect.</span> <span class='ocrx_word' id='word_1_179' title='bbox 1769 1546 1791 1588; x_wconf 73' lang='lat'><em>2</em></span> 
     </span>
     <span class='ocr_line' id='line_1_22' title="bbox 167 1620 398 1664; baseline -0.013 0"><span class='ocrx_word' id='word_1_180' title='bbox 167 1620 398 1664; x_wconf 85' lang='lat' dir='ltr'>declaratis.</span> 
     </span>
    </p>

    <p class='ocr_par' dir='ltr' id='par_1_9' title="bbox 168 1688 1793 1959">
     <span class='ocr_line' id='line_1_23' title="bbox 286 1688 1793 1748; baseline 0 -17"><span class='ocrx_word' id='word_1_181' title='bbox 286 1691 328 1731; x_wconf 72' lang='lat'>9⁰</span> <span class='ocrx_word' id='word_1_182' title='bbox 368 1689 619 1744; x_wconf 82' lang='lat' dir='ltr'>Mandatum,</span> <span class='ocrx_word' id='word_1_183' title='bbox 659 1704 739 1748; x_wconf 81' lang='lat' dir='ltr'>quo</span> <span class='ocrx_word' id='word_1_184' title='bbox 783 1691 834 1734; x_wconf 84' lang='lat' dir='ltr'>ab</span> <span class='ocrx_word' id='word_1_185' title='bbox 876 1688 1101 1735; x_wconf 82' lang='lat' dir='ltr'>Ordinario</span> <span class='ocrx_word' id='word_1_186' title='bbox 1146 1694 1391 1746; x_wconf 87' lang='lat' dir='ltr'>procurator</span> <span class='ocrx_word' id='word_1_187' title='bbox 1433 1688 1614 1745; x_wconf 84' lang='lat' dir='ltr'>eligitur,</span> <span class='ocrx_word' id='word_1_188' title='bbox 1660 1693 1793 1744; x_wconf 84' lang='lat' dir='ltr'>potest</span> 
     </span>
     <span class='ocr_line' id='line_1_24' title="bbox 168 1760 1790 1818; baseline -0.002 -14"><span class='ocrx_word' id='word_1_189' title='bbox 168 1774 296 1818; x_wconf 85' lang='lat' dir='ltr'>usque</span> <span class='ocrx_word' id='word_1_190' title='bbox 321 1761 497 1804; x_wconf 85' lang='lat' dir='ltr'>rescindi</span> <span class='ocrx_word' id='word_1_191' title='bbox 521 1762 571 1804; x_wconf 89' lang='lat' dir='ltr'>ad</span> <span class='ocrx_word' id='word_1_192' title='bbox 597 1762 772 1805; x_wconf 79' lang='lat' dir='ltr'>forman]</span> <span class='ocrx_word' id='word_1_193' title='bbox 798 1763 898 1804; x_wconf 89' lang='lat' dir='ltr'>iuris</span> <span class='ocrx_word' id='word_1_194' title='bbox 921 1763 1177 1815; x_wconf 69' lang='lat' dir='ltr'>communis,</span> <span class='ocrx_word' id='word_1_195' title='bbox 1211 1763 1249 1803; x_wconf 94' lang='lat' dir='ltr'>in</span> <span class='ocrx_word' id='word_1_196' title='bbox 1284 1772 1461 1816; x_wconf 83' lang='lat' dir='ltr'>eamque</span> <span class='ocrx_word' id='word_1_197' title='bbox 1489 1760 1790 1806; x_wconf 86' lang='lat' dir='ltr'>rescissionem,</span> 
     </span>
     <span class='ocr_line' id='line_1_25' title="bbox 168 1829 1793 1889; baseline -0.002 -14"><span class='ocrx_word' id='word_1_198' title='bbox 168 1837 307 1889; x_wconf 90' lang='lat' dir='ltr'>utpote</span> <span class='ocrx_word' id='word_1_199' title='bbox 348 1846 433 1874; x_wconf 88' lang='lat' dir='ltr'>rem</span> <span class='ocrx_word' id='word_1_200' title='bbox 473 1833 522 1875; x_wconf 90' lang='lat' dir='ltr'>ad</span> <span class='ocrx_word' id='word_1_201' title='bbox 568 1832 762 1876; x_wconf 81' lang='lat' dir='ltr'>fiduciam</span> <span class='ocrx_word' id='word_1_202' title='bbox 808 1835 1098 1889; x_wconf 64' lang='lat' dir='ltr'>pertinentem,</span> <span class='ocrx_word' id='word_1_203' title='bbox 1132 1831 1243 1875; x_wconf 90' lang='lat' dir='ltr'>nulla</span> <span class='ocrx_word' id='word_1_204' title='bbox 1285 1831 1406 1874; x_wconf 90' lang='lat' dir='ltr'>datur</span> <span class='ocrx_word' id='word_1_205' title='bbox 1449 1829 1683 1888; x_wconf 84' lang='lat' dir='ltr'>inquirendi</span> <span class='ocrx_word' id='word_1_206' title='bbox 1723 1835 1793 1873; x_wconf 89' lang='lat' dir='ltr'>aut</span> 
     </span>
     <span class='ocr_line' id='line_1_26' title="bbox 169 1903 672 1959; baseline 0 -13"><span class='ocrx_word' id='word_1_207' title='bbox 169 1903 455 1959; x_wconf 79' lang='lat' dir='ltr'>expostulandi</span> <span class='ocrx_word' id='word_1_208' title='bbox 489 1903 672 1947; x_wconf 81' lang='lat' dir='ltr'>facultas.</span> 
     </span>
    </p>

    <p class='ocr_par' dir='ltr' id='par_1_10' title="bbox 169 1972 1795 2172">
     <span class='ocr_line' id='line_1_27' title="bbox 292 1972 1792 2030; baseline -0.001 -15"><span class='ocrx_word' id='word_1_209' title='bbox 292 1973 360 2016; x_wconf 80' lang='lat'>10⁰</span> <span class='ocrx_word' id='word_1_210' title='bbox 398 1973 557 2017; x_wconf 75' lang='lat' dir='ltr'>Vicario</span> <span class='ocrx_word' id='word_1_211' title='bbox 591 1974 808 2030; x_wconf 86' lang='lat' dir='ltr'>capitulari</span> <span class='ocrx_word' id='word_1_212' title='bbox 843 1988 921 2018; x_wconf 91' lang='lat' dir='ltr'>non</span> <span class='ocrx_word' id='word_1_213' title='bbox 957 1975 1065 2026; x_wconf 88' lang='lat' dir='ltr'>licet,</span> <span class='ocrx_word' id='word_1_214' title='bbox 1098 1974 1276 2018; x_wconf 82' lang='lat' dir='ltr'>electum</span> <span class='ocrx_word' id='word_1_215' title='bbox 1317 1973 1368 2017; x_wconf 86' lang='lat' dir='ltr'>ab</span> <span class='ocrx_word' id='word_1_216' title='bbox 1405 1972 1610 2030; x_wconf 87' lang='lat' dir='ltr'>Episcopo</span> <span class='ocrx_word' id='word_1_217' title='bbox 1643 1984 1792 2028; x_wconf 89' lang='lat' dir='ltr'>procu-</span> 
     </span>
     <span class='ocr_line' id='line_1_28' title="bbox 170 2041 1795 2101; baseline -0.002 -14"><span class='ocrx_word' id='word_1_218' title='bbox 170 2050 348 2088; x_wconf 86' lang='lat' dir='ltr'>ratorem</span> <span class='ocrx_word' id='word_1_219' title='bbox 380 2058 475 2088; x_wconf 86' lang='lat' dir='ltr'>cum</span> <span class='ocrx_word' id='word_1_220' title='bbox 509 2045 588 2088; x_wconf 83' lang='lat' dir='ltr'>alio</span> <span class='ocrx_word' id='word_1_221' title='bbox 623 2050 804 2097; x_wconf 83' lang='lat' dir='ltr'>mutare;</span> <span class='ocrx_word' id='word_1_222' title='bbox 840 2051 879 2089; x_wconf 87' lang='lat' dir='ltr'>at</span> <span class='ocrx_word' id='word_1_223' title='bbox 913 2048 1062 2101; x_wconf 89' lang='lat' dir='ltr'>poterit</span> <span class='ocrx_word' id='word_1_224' title='bbox 1094 2059 1188 2089; x_wconf 79' lang='lat' dir='ltr'>cun]</span> <span class='ocrx_word' id='word_1_225' title='bbox 1221 2045 1259 2089; x_wconf 88' lang='lat' dir='ltr'>S.</span> <span class='ocrx_word' id='word_1_226' title='bbox 1294 2044 1411 2088; x_wconf 76' lang='lat' dir='ltr'>Sedis</span> <span class='ocrx_word' id='word_1_227' title='bbox 1442 2041 1602 2088; x_wconf 86' lang='lat' dir='ltr'>Officiis</span> <span class='ocrx_word' id='word_1_228' title='bbox 1635 2042 1795 2086; x_wconf 88' lang='lat' dir='ltr'>directo</span> 
     </span>
     <span class='ocr_line' id='line_1_29' title="bbox 169 2115 1480 2172; baseline -0.001 -14"><span class='ocrx_word' id='word_1_229' title='bbox 169 2128 306 2172; x_wconf 84' lang='lat' dir='ltr'>agere,</span> <span class='ocrx_word' id='word_1_230' title='bbox 340 2115 389 2158; x_wconf 91' lang='lat' dir='ltr'>ad</span> <span class='ocrx_word' id='word_1_231' title='bbox 425 2128 612 2158; x_wconf 88' lang='lat' dir='ltr'>normam</span> <span class='ocrx_word' id='word_1_232' title='bbox 645 2121 719 2160; x_wconf 81' lang='lat' dir='ltr'>art.</span> <span class='ocrx_word' id='word_1_233' title='bbox 759 2116 811 2163; x_wconf 67' lang='lat'>40,</span> <span class='ocrx_word' id='word_1_234' title='bbox 849 2116 891 2159; x_wconf 71' lang='lat'>:5⁰</span> <span class='ocrx_word' id='word_1_235' title='bbox 925 2122 963 2159; x_wconf 86' lang='lat' dir='ltr'>ct</span> <span class='ocrx_word' id='word_1_236' title='bbox 999 2115 1041 2158; x_wconf 70' lang='lat'>(3⁰</span> <span class='ocrx_word' id='word_1_237' title='bbox 1075 2115 1198 2159; x_wconf 87' lang='lat' dir='ltr'>huius</span> <span class='ocrx_word' id='word_1_238' title='bbox 1229 2117 1480 2158; x_wconf 80' lang='lat' dir='ltr'>sectionis».</span> 
     </span>
    </p>

    <p class='ocr_par' dir='ltr' id='par_1_11' title="bbox 124 2183 1796 2455">
     <span class='ocr_line' id='line_1_30' title="bbox 293 2183 1793 2244; baseline -0.001 -17"><span class='ocrx_word' id='word_1_239' title='bbox 293 2185 348 2228; x_wconf 84' lang='lat' dir='ltr'>De</span> <span class='ocrx_word' id='word_1_240' title='bbox 377 2185 724 2243; x_wconf 72' lang='lat' dir='ltr'>procuratoribus</span> <span class='ocrx_word' id='word_1_241' title='bbox 754 2187 937 2244; x_wconf 67' lang='lat' dir='ltr'>privatis</span> <span class='ocrx_word' id='word_1_242' title='bbox 963 2188 988 2227; x_wconf 88' lang='lat'>¹.</span> <span class='ocrx_word' id='word_1_243' title='bbox 1029 2202 1048 2227; x_wconf 86' lang='lat'>«</span> <span class='ocrx_word' id='word_1_244' title='bbox 1078 2187 1116 2228; x_wconf 85' lang='grc' dir='ltr'>1Ο</span> <span class='ocrx_word' id='word_1_245' title='bbox 1150 2183 1229 2238; x_wconf 86' lang='lat' dir='ltr'>Qui</span> <span class='ocrx_word' id='word_1_246' title='bbox 1264 2186 1314 2229; x_wconf 91' lang='lat' dir='ltr'>ad</span> <span class='ocrx_word' id='word_1_247' title='bbox 1339 2185 1377 2228; x_wconf 79' lang='lat' dir='ltr'>S.</span> <span class='ocrx_word' id='word_1_248' title='bbox 1400 2185 1551 2229; x_wconf 86' lang='lat' dir='ltr'>Sedem</span> <span class='ocrx_word' id='word_1_249' title='bbox 1570 2195 1793 2227; x_wconf 90' lang='lat' dir='ltr'>recurrens</span> 
     </span>
     <span class='ocr_line' id='line_1_31' title="bbox 170 2255 1793 2314; baseline -0.003 -14"><span class='ocrx_word' id='word_1_250' title='bbox 170 2259 231 2300; x_wconf 91' lang='lat' dir='ltr'>sui</span> <span class='ocrx_word' id='word_1_251' title='bbox 267 2256 526 2312; x_wconf 90' lang='lat' dir='ltr'>particularis</span> <span class='ocrx_word' id='word_1_252' title='bbox 557 2269 603 2300; x_wconf 87' lang='lat' dir='ltr'>ac</span> <span class='ocrx_word' id='word_1_253' title='bbox 639 2259 787 2313; x_wconf 78' lang='lat' dir='ltr'>privati</span> <span class='ocrx_word' id='word_1_254' title='bbox 812 2260 964 2314; x_wconf 84' lang='lat' dir='ltr'>negotii</span> <span class='ocrx_word' id='word_1_255' title='bbox 988 2256 1113 2301; x_wconf 74' lang='lat' dir='ltr'>causa</span> <span class='ocrx_word' id='word_1_256' title='bbox 1136 2258 1193 2300; x_wconf 93' lang='lat' dir='ltr'>uti</span> <span class='ocrx_word' id='word_1_257' title='bbox 1218 2268 1343 2313; x_wconf 89' lang='lat' dir='ltr'>opera</span> <span class='ocrx_word' id='word_1_258' title='bbox 1369 2255 1470 2299; x_wconf 80' lang='lat' dir='ltr'>velit</span> <span class='ocrx_word' id='word_1_259' title='bbox 1497 2255 1793 2311; x_wconf 88' lang='lat' dir='ltr'>procuratoris,</span> 
     </span>
     <span class='ocr_line' id='line_1_32' title="bbox 174 2324 1793 2386; baseline -0.002 -16"><span class='ocrx_word' id='word_1_260' title='bbox 174 2332 301 2384; x_wconf 86' lang='lat' dir='ltr'>potest</span> <span class='ocrx_word' id='word_1_261' title='bbox 334 2328 383 2370; x_wconf 89' lang='lat' dir='ltr'>ad</span> <span class='ocrx_word' id='word_1_262' title='bbox 419 2328 458 2370; x_wconf 93' lang='lat' dir='ltr'>id</span> <span class='ocrx_word' id='word_1_263' title='bbox 493 2341 641 2370; x_wconf 87' lang='lat' dir='ltr'>munus</span> <span class='ocrx_word' id='word_1_264' title='bbox 673 2328 872 2384; x_wconf 86' lang='lat' dir='ltr'>deputare</span> <span class='ocrx_word' id='word_1_265' title='bbox 904 2327 1129 2386; x_wconf 82' lang='lat' dir='ltr'>quemlibet</span> <span class='ocrx_word' id='word_1_266' title='bbox 1162 2340 1261 2371; x_wconf 88' lang='lat' dir='ltr'>suae</span> <span class='ocrx_word' id='word_1_267' title='bbox 1294 2326 1472 2370; x_wconf 88' lang='lat' dir='ltr'>fiduciae</span> <span class='ocrx_word' id='word_1_268' title='bbox 1498 2327 1647 2379; x_wconf 75' lang='lat' dir='ltr'>virum,</span> <span class='ocrx_word' id='word_1_269' title='bbox 1672 2324 1793 2368; x_wconf 88' lang='lat' dir='ltr'>dum-</span> 
     </span>
     <span class='ocr_line' id='line_1_33' title="bbox 124 2396 1796 2455; baseline -0.002 -14"><span class='ocrx_word' id='word_1_270' title='bbox 124 2417 127 2421; x_wconf 95' lang='lat'>·</span> <span class='ocrx_word' id='word_1_271' title='bbox 174 2398 294 2441; x_wconf 89' lang='lat' dir='ltr'>modo</span> <span class='ocrx_word' id='word_1_272' title='bbox 326 2398 590 2452; x_wconf 83' lang='lat' dir='ltr'>catholicum,</span> <span class='ocrx_word' id='word_1_273' title='bbox 624 2401 783 2455; x_wconf 83' lang='lat' dir='ltr'>integra</span> <span class='ocrx_word' id='word_1_274' title='bbox 816 2400 935 2448; x_wconf 80' lang='lat' dir='ltr'>sama,</span> <span class='ocrx_word' id='word_1_275' title='bbox 971 2403 1011 2442; x_wconf 87' lang='lat' dir='ltr'>et</span> <span class='ocrx_word' id='word_1_276' title='bbox 1042 2399 1092 2442; x_wconf 88' lang='lat' dir='ltr'>ad</span> <span class='ocrx_word' id='word_1_277' title='bbox 1125 2396 1336 2452; x_wconf 83' lang='lat' dir='ltr'>Officium,</span> <span class='ocrx_word' id='word_1_278' title='bbox 1370 2400 1408 2440; x_wconf 95' lang='lat' dir='ltr'>in</span> <span class='ocrx_word' id='word_1_279' title='bbox 1443 2410 1525 2454; x_wconf 86' lang='lat' dir='ltr'>quo</span> <span class='ocrx_word' id='word_1_280' title='bbox 1558 2396 1719 2452; x_wconf 83' lang='lat' dir='ltr'>agenda</span> <span class='ocrx_word' id='word_1_281' title='bbox 1741 2396 1796 2438; x_wconf 87' lang='lat' dir='ltr'>sit</span> 
     </span>
    </p>
   </div>
   <div class='ocr_carea' id='block_1_4' title="bbox 173 2453 1936 2526">
    <p class='ocr_par' dir='ltr' id='par_1_12' title="bbox 173 2453 1936 2526">
     <span class='ocr_line' id='line_1_34' title="bbox 173 2453 1936 2526; baseline -0.002 -14"><span class='ocrx_word' id='word_1_282' title='bbox 173 2482 250 2523; x_wconf 88' lang='lat' dir='ltr'>res,</span> <span class='ocrx_word' id='word_1_283' title='bbox 285 2471 453 2511; x_wconf 88' lang='lat' dir='ltr'>minime</span> <span class='ocrx_word' id='word_1_284' title='bbox 488 2471 773 2524; x_wconf 86' lang='lat' dir='ltr'>pertinentem.</span> <span class='ocrx_word' id='word_1_285' title='bbox 812 2470 1028 2514; x_wconf 83' lang='lat' dir='ltr'>Praeterea</span> <span class='ocrx_word' id='word_1_286' title='bbox 1061 2473 1221 2526; x_wconf 92' lang='lat' dir='ltr'>oportet</span> <span class='ocrx_word' id='word_1_287' title='bbox 1254 2468 1450 2512; x_wconf 88' lang='lat' dir='ltr'>eumdem</span> <span class='ocrx_word' id='word_1_288' title='bbox 1474 2467 1657 2523; x_wconf 83' lang='lat' dir='ltr'>legitimo</span> <span class='ocrx_word' id='word_1_289' title='bbox 1682 2477 1796 2508; x_wconf 87' lang='lat' dir='ltr'>man·</span> <span class='ocrx_word' id='word_1_290' title='bbox 1860 2480 1862 2482; x_wconf 91' lang='lat'>·</span> <span class='ocrx_word' id='word_1_291' title='bbox 1915 2453 1936 2519; x_wconf 57' lang='grc' dir='ltr'>ζ</span> 
     </span>
    </p>
   </div>
   <div class='ocr_carea' id='block_1_5' title="bbox 171 2535 1795 2738">
    <p class='ocr_par' dir='ltr' id='par_1_13' title="bbox 171 2535 1795 2738">
     <span class='ocr_line' id='line_1_35' title="bbox 172 2535 1791 2596; baseline -0.002 -14"><span class='ocrx_word' id='word_1_292' title='bbox 172 2539 266 2582; x_wconf 87' lang='lat' dir='ltr'>dato</span> <span class='ocrx_word' id='word_1_293' title='bbox 302 2541 473 2593; x_wconf 79' lang='lat' dir='ltr'>munire,</span> <span class='ocrx_word' id='word_1_294' title='bbox 509 2539 615 2596; x_wconf 81' lang='lat' dir='ltr'>quod</span> <span class='ocrx_word' id='word_1_295' title='bbox 652 2541 690 2582; x_wconf 90' lang='lat' dir='ltr'>in</span> <span class='ocrx_word' id='word_1_296' title='bbox 723 2540 851 2595; x_wconf 78' lang='lat' dir='ltr'>Actis,</span> <span class='ocrx_word' id='word_1_297' title='bbox 875 2540 924 2583; x_wconf 91' lang='lat' dir='ltr'>ad</span> <span class='ocrx_word' id='word_1_298' title='bbox 951 2542 1077 2596; x_wconf 92' lang='lat' dir='ltr'>ipsius</span> <span class='ocrx_word' id='word_1_299' title='bbox 1100 2537 1237 2584; x_wconf 87' lang='lat' dir='ltr'>Officii</span> <span class='ocrx_word' id='word_1_300' title='bbox 1261 2535 1791 2592; x_wconf 82' lang='lat' dir='ltr'>cautionem,servabitur;</span> 
     </span>
     <span class='ocr_line' id='line_1_36' title="bbox 171 2606 1795 2666; baseline -0.003 -13"><span class='ocrx_word' id='word_1_301' title='bbox 171 2614 239 2653; x_wconf 92' lang='lat' dir='ltr'>aut</span> <span class='ocrx_word' id='word_1_302' title='bbox 272 2611 333 2653; x_wconf 93' lang='lat' dir='ltr'>sin</span> <span class='ocrx_word' id='word_1_303' title='bbox 369 2612 502 2653; x_wconf 88' lang='lat' dir='ltr'>minus</span> <span class='ocrx_word' id='word_1_304' title='bbox 535 2610 643 2666; x_wconf 89' lang='lat' dir='ltr'>apud</span> <span class='ocrx_word' id='word_1_305' title='bbox 682 2609 962 2654; x_wconf 85' lang='lat' dir='ltr'>Moderatores</span> <span class='ocrx_word' id='word_1_306' title='bbox 1002 2611 1186 2654; x_wconf 89' lang='lat' dir='ltr'>eiusdem</span> <span class='ocrx_word' id='word_1_307' title='bbox 1233 2612 1272 2652; x_wconf 89' lang='lat' dir='ltr'>in</span> <span class='ocrx_word' id='word_1_308' title='bbox 1317 2613 1402 2652; x_wconf 93' lang='lat' dir='ltr'>tuto</span> <span class='ocrx_word' id='word_1_309' title='bbox 1447 2620 1599 2665; x_wconf 86' lang='lat' dir='ltr'>ponere</span> <span class='ocrx_word' id='word_1_310' title='bbox 1642 2606 1795 2650; x_wconf 75' lang='lat' dir='ltr'>delecti»</span> 
     </span>
     <span class='ocr_line' id='line_1_37' title="bbox 174 2680 1168 2738; baseline 0.002 -17"><span class='ocrx_word' id='word_1_311' title='bbox 174 2682 251 2722; x_wconf 80' lang='lat' dir='ltr'>viri</span> <span class='ocrx_word' id='word_1_312' title='bbox 285 2680 538 2723; x_wconf 87' lang='lat' dir='ltr'>honestatem</span> <span class='ocrx_word' id='word_1_313' title='bbox 574 2685 613 2723; x_wconf 88' lang='lat' dir='ltr'>et</span> <span class='ocrx_word' id='word_1_314' title='bbox 646 2683 864 2738; x_wconf 86' lang='lat' dir='ltr'>requisitas</span> <span class='ocrx_word' id='word_1_315' title='bbox 897 2683 1168 2725; x_wconf 87' lang='lat' dir='ltr'>conditiones.</span> 
     </span>
    </p>
   </div>
   <div class='ocr_carea' id='block_1_6' title="bbox 291 2832 663 2866">
    <p class='ocr_par' dir='ltr' id='par_1_14' title="bbox 291 2832 663 2866">
     <span class='ocr_line' id='line_1_38' title="bbox 291 2832 663 2866; baseline 0.003 -1"><span class='ocrx_word' id='word_1_316' title='bbox 291 2834 301 2854; x_wconf 81' lang='lat'><strong>¹</strong></span> <span class='ocrx_word' id='word_1_317' title='bbox 329 2832 490 2866; x_wconf 82' lang='lat' dir='ltr'>Ibidem.</span> <span class='ocrx_word' id='word_1_318' title='bbox 521 2832 561 2866; x_wconf 87' lang='lat' dir='ltr'>C.</span> <span class='ocrx_word' id='word_1_319' title='bbox 591 2832 663 2866; x_wconf 83' lang='lat' dir='ltr'>IX.</span> 
     </span>
    </p>
   </div>
   <div class='ocr_carea' id='block_1_7' title="bbox 1834 0 1950 3313">
    <p class='ocr_par' dir='ltr' id='par_1_15' title="bbox 1834 0 1950 3313">
     <span class='ocr_line' id='line_1_39' title="bbox 1834 0 1950 3313; baseline 0 0"><span class='ocrx_word' id='word_1_320' title='bbox 1834 0 1950 3313; x_wconf 95' lang='lat' dir='ltr'> </span> 
     </span>
    </p>
   </div>
  </div>
 </body>
</html>
