1950 3313
208 166 229 198 [Ο

233 166 254 198 Na

258 166 279 198 [Ο

580 163 664 196 LIB.
687 163 732 197 V.
754 183 766 188 -
788 164 890 198 PARS
908 164 981 198 ΠΙ.
1001 183 1016 189 -
1033 164 1090 199 De
1106 167 1241 209 poenis
1259 167 1302 199 in
1319 166 1460 199 delicta
1509 163 1602 199 Can.
1631 163 1834 198 2331-2332

330 281 423 324 172.
459 266 634 332 Quoad
657 282 1056 326 inobedientiam.
1075 306 1128 312 ——
1147 280 1354 324 Dii-ectam
1381 280 1701 324 inobedientiam
1724 293 1831 324 com-

210 354 335 408 pescit
370 364 460 393 eati.
492 351 626 393 2331.
658 350 686 408 ἓ
719 351 758 393 1.
797 349 879 404 Qui
911 345 1100 394 Bouiano
1137 350 1326 408 Pontifici
1358 351 1527 394 Summo
1571 351 1727 394 Pastori
1769 350 1836 393 vel

204 421 378 479 proprio
417 419 650 464 Ordinario
685 421 735 464 ad
771 434 958 464 normam
1003 433 1093 466 can.
1129 422 1181 464 94
1217 436 1288 478 pro
1322 421 1513 465 omnibus
1555 420 1760 476 fidelibus,
1793 425 1835 464 et

206 506 294 535 cau.
333 492 427 543 111,
464 492 544 534 127
582 505 654 547 pro
687 491 851 535 clericis
884 497 923 535 et
955 504 1044 535 can.
1071 492 1168 547 488,
1204 493 1247 536 8⁰
1281 506 1354 549 pro
1388 495 1591 549 exemptis
1625 491 1839 548 religionis

207 562 423 616 clericalis,
457 561 574 605 salva
608 561 853 605 limitatione
887 565 925 605 in
957 563 986 621 ξ
1018 563 1056 619 3,
1091 569 1198 606 can.s
1231 563 1307 606 ‘501
1347 575 1556 620 expressa,
1580 561 1745 620 aliquid
1777 561 1832 605 less

204 633 351 691 ‚qitime
382 646 455 676 seu
505 635 618 676 iuxta
651 646 703 676 ss.
736 646 918 677 canones
968 647 1039 689 pro
1087 636 1176 677 eius
1225 639 1422 690 potestate
1461 633 1745 692 praecipienti
1773 634 1832 676 ta-

206 705 399 748 ciendum
433 704 496 747 vel
525 703 767 762 prohibenti
799 705 1072 748 omittendum
1105 705 1384 762 pertinaciter
1426 705 1502 749 hoc
1536 710 1618 748 est:
1657 707 1839 748 scientes

206 788 253 818 ac
291 775 474 818 volentes
506 788 586 818 non
621 774 921 832 obtemperant,
944 788 987 818 se
1022 775 1130 818 illius
1166 776 1365 819 voluntati
1399 789 1477 819 non
1513 777 1831 829 conformantes,

207 851 243 898 a)
274 845 471 902 eonyruis
510 845 657 903 poenis
701 848 725 889 i.
770 859 803 888 e.
849 847 1169 902 proportionatis
1218 845 1536 901 inobedientiae,
1570 846 1610 901 b),
1645 845 1833 888 censuris

206 930 287 960 non
320 915 515 965 eoeelusis,
554 916 735 959 scilicet:
771 917 821 959 ad
856 915 930 959 has
973 929 1138 973 quoque
1169 930 1384 960 recurrere
1421 921 1551 973 potest
1593 919 1837 970 auctoritas„

207 991 243 1040 c)
273 1000 350 1045 pro
381 987 595 1044 yravitate
627 986 775 1044 eulpae
805 986 1055 1044 puniantur.
1093 986 1224 1030 Poena
1259 988 1576 1031 indeterminata
1599 988 1669 1031 sed
1697 987 1840 1031 verbis

208 1059 484 1115 praeceptivis
515 1060 724 1101 enuntiata
746 1058 773 1097 ².

324 1129 352 1185 ξ
385 1129 423 1171 ⁶2.
461 1127 761 1186 Conspirantes
797 1141 905 1178 vero,
940 1128 1120 1173 scilicet:
1155 1134 1452 1172 concurrentes
1494 1131 1703 1173 communi
1738 1141 1833 1172 con·

207 1199 297 1243 silio
330 1204 400 1242 aut
433 1201 700 1256 consequenti
735 1201 855 1253 l'actO,
891 1199 924 1241 l0
958 1204 1104 1242 eontra
1138 1200 1432 1242 nicetoritatein
1466 1200 1723 1257 spiritualem
1771 1199 1834 1242 vel

208 1271 246 1312 in
283 1282 347 1312 res
372 1269 581 1312 Ecclesiae
613 1269 862 1325 temporales
896 1269 936 1326 a)
962 1268 1142 1312 Romani
1167 1268 1380 1326 Pontifieis
1403 1283 1483 1328 qua
1521 1270 1611 1313 talis
1635 1269 1676 1326 b)
1700 1270 1844 1312 eiust-e

209 1339 357 1396 Leyoti
389 1340 609 1383 cuiuslibet
643 1340 692 1382 ad
728 1352 915 1383 normam
950 1338 1047 1397 Cap.
1086 1339 1128 1392 V,
1163 1339 1240 1383 Tit.
1264 1339 1347 1395 Vll,
1383 1340 1468 1384 Lib.
1495 1340 1539 1387 ΙΙ,
1574 1340 1614 1398 c)
1651 1340 1710 1383 rel
1739 1354 1837 1398 pro-

206 1410 295 1468 prii
331 1409 569 1463 Ordinorii,
603 1413 709 1454 sicut
732 1410 798 1454 hic
820 1410 1055 1454 declaratus
1087 1415 1146 1454 est
1181 1413 1218 1454 in
1251 1411 1278 1469 ἓ
1311 1424 1462 1468 praec,
1497 1417 1571 1454 out
1606 1411 1654 1454 ΙΙΟ
1689 1417 1835 1454 eontra

209 1495 351 1524 eorum
371 1481 560 1539 leyiliina
581 1483 694 1524 iuxta
712 1495 764 1526 ss.
779 1494 958 1525 canones
975 1480 1192 1534 mandata,
1208 1482 1276 1525 lll⁰
1291 1482 1470 1540 itemque
1486 1481 1672 1526 subditos
1691 1496 1832 1525 eorum

209 1551 265 1595 ad
307 1551 629 1595 inobedientiam
679 1565 779 1609 erqo
828 1551 941 1610 ipsos
986 1558 1260 1610 provocantes
1308 1553 1492 1604 consilio,
1535 1552 1836 1600 exhortatione,

209 1625 384 1679 scriptis,
419 1627 521 1676 etc.;
565 1636 709 1666 omnes
753 1623 951 1679 praedicti
986 1636 1033 1666 ac
1066 1623 1217 1679 singuli
1260 1623 1547 1681 delinquentes
1579 1627 1617 1677 a)
1649 1623 1841 1666 censuris

210 1692 359 1736 aliisve
402 1693 550 1750 poenis
599 1700 896 1743 coer-cecinnam
943 1699 981 1736 et
1027 1696 1193 1750 insuper
1226 1693 1269 1750 b)
1303 1693 1595 1751 diynitotibus‚
1629 1693 1842 1750 beneficiis

210 1763 358 1806 aliisve
390 1762 644 1819 mimeribus‚
664 1763 702 1806 si
734 1764 820 1806 sint
853 1764 1010 1817 cleriei,
1037 1777 1132 1808 cum
1156 1764 1207 1808 ab
1232 1764 1294 1808 bis
1316 1769 1474 1808 tantum
1500 1765 1567 1808 illa
1591 1765 1676 1808 fere
1699 1767 1835 1808 omnia

210 1834 384 1878 obtineri
430 1840 582 1892 queant
625 1837 738 1878 iuxta
780 1848 870 1880 can.
908 1836 1002 1890 118,
1039 1837 1077 1888 c)
1107 1850 1202 1879 voce
1240 1836 1377 1878 actim
1420 1842 1459 1878 et
1498 1836 1671 1893 passiva
1714 1841 1845 1892 atque·

210 1905 354 1963 officio,
389 1905 469 1949 lato
502 1918 623 1949 sensu
667 1911 834 1962 propter
874 1911 1113 1950 contextum
1149 1912 1188 1950 et
1221 1920 1270 1950 ex
1304 1911 1450 1950 natura
1484 1906 1637 1957 delicti,
1671 1906 1708 1949 si
1739 1906 1837 1948 reli-

207 1976 330 2033 yiosi,
350 1978 582 2032 respective
616 1976 655 2018 lii
689 1981 729 2019 et
763 1976 818 2019 illi
849 1977 1085 2033 priventur.
1121 1977 1253 2020 Poena
1288 1983 1349 2020 est
1383 1979 1531 2033 partim
1566 1977 1841 2020 determinata-

213 2048 357 2101 partini
394 2046 711 2089 indeterminata
746 2049 1059 2104 praeceptisque
1096 2047 1234 2091 verbis
1266 2060 1474 2104 expressa.

334 2116 426 2159 173.
463 2118 637 2168 Quoad
669 2119 1069 2174 appellationem.
1103 2143 1155 2148 -—
1185 2117 1389 2160 lnilirecte
1422 2120 1641 2173 opponitur
1673 2116 1841 2161 debitae

211 2186 471 2230 obedientiae
504 2187 703 2230 delictum
726 2188 834 2245 quod
858 2187 1125 2239 subintertur,
1151 2201 1342 2245 magnam
1378 2188 1720 2232 inordinationem
1746 2202 1838 2232 con-

211 2259 358 2308 tinens,
383 2261 522 2313 utpote
554 2257 665 2314 quod
699 2259 870 2314 impetat
902 2258 1215 2302 fundamentum
1251 2261 1385 2315 ipsum
1418 2261 1687 2312 auctoritatis,
1717 2263 1837 2315 prout

211 2339 233 2370 a
267 2326 354 2370 lesu
388 2325 549 2371 Christo
582 2329 732 2371 iactum
769 2333 829 2371 est
862 2330 898 2370 in
935 2340 1008 2371 sua
1042 2328 1304 2382 Ecclesiaket
1327 2342 1420 2372 cum
1453 2342 1501 2372 ex
1539 2328 1706 2372 historia
1741 2342 1838 2372 con-

210 2401 288 2440 stet
319 2397 515 2441 delictum
543 2397 641 2440 illud
668 2400 791 2441 etiam
827 2399 950 2441 fuisse
985 2412 1057 2454 per
1091 2398 1266 2442 morales
1289 2404 1494 2455 patratum
1530 2412 1739 2455 personas,
1763 2399 1840 2443 has

211 2480 375 2525 quoque
409 2470 576 2524 respicit
607 2482 697 2510 ean.
721 2469 860 2512 2332.
890 2467 1040 2512 Omnes
1063 2474 1100 2511 et
1123 2468 1284 2526 sinquli
1306 2469 1600 2527 cuiuscumque
1621 2469 1662 2527 a)
1685 2476 1838 2522 status,

212 2537 317 2588 laici,
354 2538 549 2595 religiosi,
583 2538 802 2593 clericalis,
836 2538 877 2596 b)
911 2552 983 2581 seu
1017 2538 1271 2582 conditionis
1302 2540 1480 2595 socialis,
1505 2540 1642 2584 civilis
1674 2545 1744 2583 aut
1776 2553 1837 2583 ec·

209 2608 478 2660 cleslasticae‚
522 2609 649 2652 etiam
698 2609 872 2667 regalis,
910 2609 1162 2668 episcopalis
1208 2609 1271 2653 rel
1317 2610 1621 2654 cai-‹linatttiae
1658 2610 1841 2669 suerint,

210 2679 312 2723 haec
347 2679 489 2723 ultima
522 2683 756 2723 necessario
780 2680 1052 2736 exprimenda
1085 2681 1135 2724 ad
1171 2694 1356 2724 noi-niam
1392 2694 1481 2725 can.
1517 2681 1642 2736 2227,
1677 2680 1704 2713 Q
1737 2681 1775 2732 2,
1810 2694 1836 2723 a

212 2749 370 2806 leyibus
404 2753 569 2806 proprie
608 2751 743 2805 dictis,
776 2750 969 2803 decretis,
1008 2753 1097 2794 sive
1130 2764 1178 2794 ex
1215 2752 1359 2803 forma,
1393 2754 1482 2795 sive
1525 2750 1837 2808 temporalibus,

333 2904 342 2924 ¹
371 2904 462 2936 Can.
488 2904 595 2943 2217,
624 2907 643 2945 ἓ
672 2906 703 2946 1,
735 2906 770 2937 1⁰
797 2907 836 2938 et:
863 2915 946 2938 can,
975 2904 1080 2947 2223,
1110 2908 1128 2946 ξ
1154 2905 1186 2940 3.
