<?xml version="1.0" encoding="UTF-8"?>
<!DOCTYPE html PUBLIC "-//W3C//DTD XHTML 1.0 Transitional//EN"
    "http://www.w3.org/TR/xhtml1/DTD/xhtml1-transitional.dtd">
<html xmlns="http://www.w3.org/1999/xhtml" xml:lang="en" lang="en">
 <head>
  <title>
</title>
<meta http-equiv="Content-Type" content="text/html;charset=utf-8" />
  <meta name='ocr-system' content='tesseract 3.04.00' />
  <meta name='ocr-capabilities' content='ocr_page ocr_carea ocr_par ocr_line ocrx_word'/>
</head>
<body>
  <div class='ocr_page' id='page_1' title='image "./commentariumtext01blatuoft_0046.png"; bbox 0 0 1950 3313; ppageno 0'>
   <div class='ocr_carea' id='block_1_1' title="bbox 145 154 1767 192">
    <p class='ocr_par' dir='ltr' id='par_1_1' title="bbox 145 154 1767 192">
     <span class='ocr_line' id='line_1_1' title="bbox 145 154 1767 192; baseline 0 -1"><span class='ocrx_word' id='word_1_1' title='bbox 145 158 192 192; x_wconf 85' lang='lat'>34</span> <span class='ocrx_word' id='word_1_2' title='bbox 615 155 699 189; x_wconf 75' lang='lat' dir='ltr'>Lm.</span> <span class='ocrx_word' id='word_1_3' title='bbox 728 155 773 188; x_wconf 89' lang='lat' dir='ltr'>V.</span> <span class='ocrx_word' id='word_1_4' title='bbox 802 175 815 179; x_wconf 99' lang='lat'>-</span> <span class='ocrx_word' id='word_1_5' title='bbox 841 154 952 188; x_wconf 80' lang='lat' dir='ltr'><strong>PARS</strong></span> <span class='ocrx_word' id='word_1_6' title='bbox 975 154 1007 188; x_wconf 94' lang='lat' dir='ltr'>I.</span> <span class='ocrx_word' id='word_1_7' title='bbox 1036 174 1049 180; x_wconf 90' lang='lat'>-</span> <span class='ocrx_word' id='word_1_8' title='bbox 1074 155 1132 190; x_wconf 80' lang='lat' dir='ltr'>De</span> <span class='ocrx_word' id='word_1_9' title='bbox 1155 156 1305 191; x_wconf 80' lang='lat' dir='ltr'>delictis</span> <span class='ocrx_word' id='word_1_10' title='bbox 1551 155 1644 191; x_wconf 79' lang='lat' dir='ltr'>Can.</span> <span class='ocrx_word' id='word_1_11' title='bbox 1670 156 1767 191; x_wconf 78' lang='lat'><strong>2209</strong></span> 
     </span>
    </p>
   </div>
   <div class='ocr_carea' id='block_1_2' title="bbox 180 215 1007 222">
    <p class='ocr_par' dir='ltr' id='par_1_2' title="bbox 180 215 1007 222">
     <span class='ocr_line' id='line_1_2' title="bbox 180 215 1007 222; baseline 0 0"><span class='ocrx_word' id='word_1_12' title='bbox 180 215 1007 222; x_wconf 95' lang='lat' dir='ltr'> </span> 
     </span>
    </p>
   </div>
   <div class='ocr_carea' id='block_1_3' title="bbox 1169 215 1761 224">
    <p class='ocr_par' dir='ltr' id='par_1_3' title="bbox 1169 215 1761 224">
     <span class='ocr_line' id='line_1_3' title="bbox 1169 215 1761 224; baseline 0 0"><span class='ocrx_word' id='word_1_13' title='bbox 1169 215 1761 224; x_wconf 95' lang='lat' dir='ltr'> </span> 
     </span>
    </p>
   </div>
   <div class='ocr_carea' id='block_1_4' title="bbox 147 271 1788 2939">
    <p class='ocr_par' dir='ltr' id='par_1_4' title="bbox 147 271 1773 615">
     <span class='ocr_line' id='line_1_4' title="bbox 149 271 1773 330; baseline -0.001 -12"><span class='ocrx_word' id='word_1_14' title='bbox 149 274 223 318; x_wconf 90' lang='lat' dir='ltr'>hac</span> <span class='ocrx_word' id='word_1_15' title='bbox 257 278 413 317; x_wconf 90' lang='lat' dir='ltr'>tantum</span> <span class='ocrx_word' id='word_1_16' title='bbox 449 272 696 327; x_wconf 88' lang='lat' dir='ltr'>conditione,</span> <span class='ocrx_word' id='word_1_17' title='bbox 722 271 777 314; x_wconf 90' lang='lat' dir='ltr'>illi</span> <span class='ocrx_word' id='word_1_18' title='bbox 807 285 903 315; x_wconf 90' lang='lat' dir='ltr'>vere</span> <span class='ocrx_word' id='word_1_19' title='bbox 926 274 1147 329; x_wconf 79' lang='lat' dir='ltr'>participes</span> <span class='ocrx_word' id='word_1_20' title='bbox 1170 274 1272 316; x_wconf 83' lang='lat' dir='ltr'>fiunt</span> <span class='ocrx_word' id='word_1_21' title='bbox 1303 278 1502 330; x_wconf 87' lang='lat' dir='ltr'>sequutae</span> <span class='ocrx_word' id='word_1_22' title='bbox 1539 273 1773 317; x_wconf 84' lang='lat' dir='ltr'>violationis</span> 
     </span>
     <span class='ocr_line' id='line_1_5' title="bbox 148 342 1771 400; baseline 0 -13"><span class='ocrx_word' id='word_1_23' title='bbox 148 345 249 390; x_wconf 71' lang='lat' dir='ltr'>legis</span> <span class='ocrx_word' id='word_1_24' title='bbox 284 343 480 400; x_wconf 81' lang='lat' dir='ltr'>poenalis,</span> <span class='ocrx_word' id='word_1_25' title='bbox 513 343 609 385; x_wconf 88' lang='lat' dir='ltr'>dum</span> <span class='ocrx_word' id='word_1_26' title='bbox 645 355 694 385; x_wconf 86' lang='lat' dir='ltr'>ex</span> <span class='ocrx_word' id='word_1_27' title='bbox 728 342 850 385; x_wconf 88' lang='lat' dir='ltr'>dictis</span> <span class='ocrx_word' id='word_1_28' title='bbox 897 348 1109 398; x_wconf 90' lang='lat' dir='ltr'>praeterea</span> <span class='ocrx_word' id='word_1_29' title='bbox 1162 357 1305 387; x_wconf 80' lang='lat' dir='ltr'>verum</span> <span class='ocrx_word' id='word_1_30' title='bbox 1351 343 1490 387; x_wconf 88' lang='lat' dir='ltr'>dolum</span> <span class='ocrx_word' id='word_1_31' title='bbox 1528 343 1592 387; x_wconf 82' lang='lat' dir='ltr'>vel</span> <span class='ocrx_word' id='word_1_32' title='bbox 1624 343 1771 387; x_wconf 87' lang='lat' dir='ltr'>saltem</span> 
     </span>
     <span class='ocr_line' id='line_1_6' title="bbox 147 412 1772 472; baseline -0.001 -14"><span class='ocrx_word' id='word_1_33' title='bbox 147 414 394 471; x_wconf 81' lang='lat' dir='ltr'>culpabilem</span> <span class='ocrx_word' id='word_1_34' title='bbox 431 413 532 469; x_wconf 82' lang='lat' dir='ltr'>legis</span> <span class='ocrx_word' id='word_1_35' title='bbox 567 412 743 456; x_wconf 77' lang='lat' dir='ltr'>violatae</span> <span class='ocrx_word' id='word_1_36' title='bbox 778 415 1051 469; x_wconf 77' lang='lat' dir='ltr'>ignorantiam</span> <span class='ocrx_word' id='word_1_37' title='bbox 1080 416 1139 458; x_wconf 90' lang='lat' dir='ltr'>eis</span> <span class='ocrx_word' id='word_1_38' title='bbox 1161 414 1339 458; x_wconf 68' lang='lat' dir='ltr'>defuisse</span> <span class='ocrx_word' id='word_1_39' title='bbox 1373 416 1580 472; x_wconf 76' lang='lat' dir='ltr'>praesumi</span> <span class='ocrx_word' id='word_1_40' title='bbox 1616 417 1772 472; x_wconf 88' lang='lat' dir='ltr'>nequit.</span> 
     </span>
     <span class='ocr_line' id='line_1_7' title="bbox 148 483 1771 541; baseline 0 -14"><span class='ocrx_word' id='word_1_41' title='bbox 148 484 253 527; x_wconf 86' lang='lat' dir='ltr'>Hinc</span> <span class='ocrx_word' id='word_1_42' title='bbox 285 488 377 526; x_wconf 83' lang='lat' dir='ltr'>sunt</span> <span class='ocrx_word' id='word_1_43' title='bbox 411 485 549 526; x_wconf 87' lang='lat' dir='ltr'>conrei</span> <span class='ocrx_word' id='word_1_44' title='bbox 585 483 846 539; x_wconf 83' lang='lat' dir='ltr'>principales,</span> <span class='ocrx_word' id='word_1_45' title='bbox 882 492 1003 540; x_wconf 83' lang='lat' dir='ltr'>prout</span> <span class='ocrx_word' id='word_1_46' title='bbox 1035 483 1075 527; x_wconf 91' lang='lat' dir='ltr'>hi</span> <span class='ocrx_word' id='word_1_47' title='bbox 1109 498 1233 541; x_wconf 91' lang='lat' dir='ltr'>supra</span> <span class='ocrx_word' id='word_1_48' title='bbox 1269 498 1340 541; x_wconf 92' lang='lat' dir='ltr'>per</span> <span class='ocrx_word' id='word_1_49' title='bbox 1371 485 1469 529; x_wconf 89' lang='lat' dir='ltr'>clar.</span> <span class='ocrx_word' id='word_1_50' title='bbox 1505 484 1624 529; x_wconf 87' lang='lat' dir='ltr'>Card.</span> <span class='ocrx_word' id='word_1_51' title='bbox 1664 483 1771 541; x_wconf 88' lang='lat' dir='ltr'>Lega</span> 
     </span>
     <span class='ocr_line' id='line_1_8' title="bbox 148 554 907 615; baseline -0.011 -17"><span class='ocrx_word' id='word_1_52' title='bbox 148 554 343 598; x_wconf 86' lang='lat' dir='ltr'>declarati</span> <span class='ocrx_word' id='word_1_53' title='bbox 378 558 485 596; x_wconf 91' lang='lat' dir='ltr'>sunt.</span> <span class='ocrx_word' id='word_1_54' title='bbox 903 611 907 615; x_wconf 20' lang='grc' dir='ltr'><strong><em>Δ</em></strong></span> 
     </span>
    </p>

    <p class='ocr_par' dir='ltr' id='par_1_5' title="bbox 148 624 1776 1020">
     <span class='ocr_line' id='line_1_9' title="bbox 269 624 1772 683; baseline 0.002 -17"><span class='ocrx_word' id='word_1_55' title='bbox 269 624 450 667; x_wconf 81' lang='lat' dir='ltr'>Prudens</span> <span class='ocrx_word' id='word_1_56' title='bbox 474 624 672 667; x_wconf 86' lang='lat' dir='ltr'>iudicium</span> <span class='ocrx_word' id='word_1_57' title='bbox 698 625 748 668; x_wconf 89' lang='lat' dir='ltr'>de</span> <span class='ocrx_word' id='word_1_58' title='bbox 772 625 838 668; x_wconf 91' lang='lat' dir='ltr'>illa</span> <span class='ocrx_word' id='word_1_59' title='bbox 863 625 1001 669; x_wconf 81' lang='lat' dir='ltr'>delicti</span> <span class='ocrx_word' id='word_1_60' title='bbox 1029 628 1341 682; x_wconf 81' lang='lat' dir='ltr'>participatione</span> <span class='ocrx_word' id='word_1_61' title='bbox 1375 631 1497 683; x_wconf 87' lang='lat' dir='ltr'>atque</span> <span class='ocrx_word' id='word_1_62' title='bbox 1532 628 1772 683; x_wconf 88' lang='lat' dir='ltr'>praesertim</span> 
     </span>
     <span class='ocr_line' id='line_1_10' title="bbox 149 695 1776 753; baseline 0 -14"><span class='ocrx_word' id='word_1_63' title='bbox 149 697 199 739; x_wconf 92' lang='lat' dir='ltr'>de</span> <span class='ocrx_word' id='word_1_64' title='bbox 224 701 429 752; x_wconf 88' lang='lat' dir='ltr'>postrema</span> <span class='ocrx_word' id='word_1_65' title='bbox 466 695 712 752; x_wconf 87' lang='lat' dir='ltr'>paragraphi</span> <span class='ocrx_word' id='word_1_66' title='bbox 747 696 984 739; x_wconf 87' lang='lat' dir='ltr'>conditione</span> <span class='ocrx_word' id='word_1_67' title='bbox 1017 696 1285 740; x_wconf 80' lang='lat' dir='ltr'>deserendum</span> <span class='ocrx_word' id='word_1_68' title='bbox 1311 702 1384 752; x_wconf 85' lang='lat' dir='ltr'>est,</span> <span class='ocrx_word' id='word_1_69' title='bbox 1406 711 1478 753; x_wconf 89' lang='lat' dir='ltr'>pro</span> <span class='ocrx_word' id='word_1_70' title='bbox 1504 699 1589 740; x_wconf 86' lang='lat' dir='ltr'>t&#39;oro</span> <span class='ocrx_word' id='word_1_71' title='bbox 1614 699 1776 740; x_wconf 90' lang='lat' dir='ltr'>interno</span> 
     </span>
     <span class='ocr_line' id='line_1_11' title="bbox 149 765 1772 822; baseline 0 -12"><span class='ocrx_word' id='word_1_72' title='bbox 149 766 400 810; x_wconf 87' lang='lat' dir='ltr'>confessario</span> <span class='ocrx_word' id='word_1_73' title='bbox 433 765 614 808; x_wconf 88' lang='lat' dir='ltr'>discreto</span> <span class='ocrx_word' id='word_1_74' title='bbox 647 771 719 809; x_wconf 88' lang='lat' dir='ltr'>aut</span> <span class='ocrx_word' id='word_1_75' title='bbox 755 768 842 808; x_wconf 89' lang='lat' dir='ltr'>viro</span> <span class='ocrx_word' id='word_1_76' title='bbox 876 768 976 810; x_wconf 85' lang='lat' dir='ltr'>iuris</span> <span class='ocrx_word' id='word_1_77' title='bbox 1010 769 1140 822; x_wconf 87' lang='lat' dir='ltr'>perito</span> <span class='ocrx_word' id='word_1_78' title='bbox 1173 768 1401 811; x_wconf 87' lang='lat' dir='ltr'>secundum</span> <span class='ocrx_word' id='word_1_79' title='bbox 1442 769 1772 811; x_wconf 84' lang='lat' dir='ltr'>circumstantia-</span> 
     </span>
     <span class='ocr_line' id='line_1_12' title="bbox 151 836 1775 894; baseline 0.001 -15"><span class='ocrx_word' id='word_1_80' title='bbox 151 849 240 879; x_wconf 90' lang='lat' dir='ltr'>rum</span> <span class='ocrx_word' id='word_1_81' title='bbox 278 837 507 890; x_wconf 79' lang='lat' dir='ltr'>veritatem,</span> <span class='ocrx_word' id='word_1_82' title='bbox 533 849 605 892; x_wconf 90' lang='lat' dir='ltr'>pro</span> <span class='ocrx_word' id='word_1_83' title='bbox 639 836 725 879; x_wconf 84' lang='lat' dir='ltr'>t&#39;oro</span> <span class='ocrx_word' id='word_1_84' title='bbox 758 841 896 879; x_wconf 90' lang='lat' dir='ltr'>antem</span> <span class='ocrx_word' id='word_1_85' title='bbox 929 841 1100 880; x_wconf 85' lang='lat' dir='ltr'>externo</span> <span class='ocrx_word' id='word_1_86' title='bbox 1134 840 1311 893; x_wconf 86' lang='lat' dir='ltr'>pertinet</span> <span class='ocrx_word' id='word_1_87' title='bbox 1343 838 1392 881; x_wconf 91' lang='lat' dir='ltr'>ad</span> <span class='ocrx_word' id='word_1_88' title='bbox 1418 838 1680 894; x_wconf 87' lang='lat' dir='ltr'>Superiorem</span> <span class='ocrx_word' id='word_1_89' title='bbox 1705 842 1775 880; x_wconf 89' lang='lat' dir='ltr'>aut</span> 
     </span>
     <span class='ocr_line' id='line_1_13' title="bbox 148 906 1775 965; baseline 0 -15"><span class='ocrx_word' id='word_1_90' title='bbox 148 906 474 950; x_wconf 87' lang='lat' dir='ltr'>ecclesiasticum</span> <span class='ocrx_word' id='word_1_91' title='bbox 511 906 706 961; x_wconf 81' lang='lat' dir='ltr'>iudicem,</span> <span class='ocrx_word' id='word_1_92' title='bbox 741 911 864 964; x_wconf 81' lang='lat' dir='ltr'>atque</span> <span class='ocrx_word' id='word_1_93' title='bbox 903 907 1174 963; x_wconf 88' lang='lat' dir='ltr'>promendum</span> <span class='ocrx_word' id='word_1_94' title='bbox 1210 910 1322 952; x_wconf 84' lang='lat' dir='ltr'>iuxta</span> <span class='ocrx_word' id='word_1_95' title='bbox 1355 921 1402 952; x_wconf 92' lang='lat' dir='ltr'>ea</span> <span class='ocrx_word' id='word_1_96' title='bbox 1436 921 1541 965; x_wconf 87' lang='lat' dir='ltr'>quae</span> <span class='ocrx_word' id='word_1_97' title='bbox 1574 912 1775 964; x_wconf 86' lang='lat' dir='ltr'>apparent</span> 
     </span>
     <span class='ocr_line' id='line_1_14' title="bbox 153 977 643 1020; baseline 0 -1"><span class='ocrx_word' id='word_1_98' title='bbox 153 977 214 1020; x_wconf 89' lang='lat' dir='ltr'>vel</span> <span class='ocrx_word' id='word_1_99' title='bbox 249 977 428 1020; x_wconf 89' lang='lat' dir='ltr'>deducta</span> <span class='ocrx_word' id='word_1_100' title='bbox 467 978 643 1020; x_wconf 81' lang='lat' dir='ltr'>fuerunt.</span> 
     </span>
    </p>

    <p class='ocr_par' dir='ltr' id='par_1_6' title="bbox 149 1047 1782 1727">
     <span class='ocr_line' id='line_1_15' title="bbox 270 1047 1777 1106; baseline 0 -16"><span class='ocrx_word' id='word_1_101' title='bbox 270 1048 326 1090; x_wconf 92' lang='lat' dir='ltr'>De</span> <span class='ocrx_word' id='word_1_102' title='bbox 359 1049 521 1090; x_wconf 91' lang='lat' dir='ltr'>conreis</span> <span class='ocrx_word' id='word_1_103' title='bbox 553 1049 795 1090; x_wconf 86' lang='lat' dir='ltr'>accessoriis</span> <span class='ocrx_word' id='word_1_104' title='bbox 829 1047 1011 1104; x_wconf 88' lang='lat' dir='ltr'>loquitur</span> <span class='ocrx_word' id='word_1_105' title='bbox 1043 1048 1260 1091; x_wconf 82' lang='lat' dir='ltr'>evidenter</span> <span class='ocrx_word' id='word_1_106' title='bbox 1291 1047 1319 1106; x_wconf 60' lang='grc' dir='ltr'>ἓ</span> <span class='ocrx_word' id='word_1_107' title='bbox 1351 1050 1381 1090; x_wconf 85' lang='grc'><strong><em>4</em></strong></span> <span class='ocrx_word' id='word_1_108' title='bbox 1413 1048 1567 1092; x_wconf 83' lang='lat' dir='ltr'>dicens,</span> <span class='ocrx_word' id='word_1_109' title='bbox 1599 1048 1649 1091; x_wconf 66' lang='lat' dir='ltr'>Se·</span> <span class='ocrx_word' id='word_1_110' title='bbox 1679 1061 1777 1091; x_wconf 86' lang='lat' dir='ltr'>vero</span> 
     </span>
     <span class='ocr_line' id='line_1_16' title="bbox 149 1117 1778 1176; baseline 0 -15"><span class='ocrx_word' id='word_1_111' title='bbox 149 1132 292 1162; x_wconf 81' lang='lat' dir='ltr'>eorum</span> <span class='ocrx_word' id='word_1_112' title='bbox 311 1117 583 1173; x_wconf 88' lang='lat' dir='ltr'>singulorum,</span> <span class='ocrx_word' id='word_1_113' title='bbox 607 1119 676 1175; x_wconf 88' lang='lat' dir='ltr'>qui</span> <span class='ocrx_word' id='word_1_114' title='bbox 712 1120 822 1160; x_wconf 82' lang='lat' dir='ltr'>iuxta</span> <span class='ocrx_word' id='word_1_115' title='bbox 859 1120 1238 1174; x_wconf 84' lang='lat' dir='ltr'>interpretationem</span> <span class='ocrx_word' id='word_1_116' title='bbox 1274 1118 1411 1162; x_wconf 90' lang='lat' dir='ltr'>datam</span> <span class='ocrx_word' id='word_1_117' title='bbox 1444 1117 1521 1162; x_wconf 86' lang='lat' dir='ltr'>sub</span> <span class='ocrx_word' id='word_1_118' title='bbox 1541 1117 1582 1176; x_wconf 65' lang='lat'>§³</span> <span class='ocrx_word' id='word_1_119' title='bbox 1607 1118 1645 1169; x_wconf 81' lang='lat'>3¹</span> <span class='ocrx_word' id='word_1_120' title='bbox 1669 1118 1778 1161; x_wconf 89' lang='lat' dir='ltr'>clau-</span> 
     </span>
     <span class='ocr_line' id='line_1_17' title="bbox 150 1187 1779 1245; baseline 0 -13"><span class='ocrx_word' id='word_1_121' title='bbox 150 1189 250 1232; x_wconf 88' lang='lat' dir='ltr'>sulis</span> <span class='ocrx_word' id='word_1_122' title='bbox 283 1188 414 1232; x_wconf 87' lang='lat' dir='ltr'>tribus</span> <span class='ocrx_word' id='word_1_123' title='bbox 446 1188 733 1244; x_wconf 90' lang='lat' dir='ltr'>comprehensi</span> <span class='ocrx_word' id='word_1_124' title='bbox 768 1193 875 1241; x_wconf 75' lang='lat' dir='ltr'>sunt,</span> <span class='ocrx_word' id='word_1_125' title='bbox 900 1202 1125 1231; x_wconf 72' lang='lat' dir='ltr'>concursus</span> <span class='ocrx_word' id='word_1_126' title='bbox 1157 1188 1336 1232; x_wconf 89' lang='lat' dir='ltr'>scilicet:</span> <span class='ocrx_word' id='word_1_127' title='bbox 1372 1189 1552 1232; x_wconf 86' lang='lat' dir='ltr'>inssuxus</span> <span class='ocrx_word' id='word_1_128' title='bbox 1588 1187 1650 1231; x_wconf 82' lang='lat' dir='ltr'>vel</span> <span class='ocrx_word' id='word_1_129' title='bbox 1686 1201 1779 1245; x_wconf 89' lang='lat' dir='ltr'>par-</span> 
     </span>
     <span class='ocr_line' id='line_1_18' title="bbox 152 1248 1778 1316; baseline 0 -14"><span class='ocrx_word' id='word_1_130' title='bbox 152 1261 335 1315; x_wconf 87' lang='lat' dir='ltr'>ticipatio</span> <span class='ocrx_word' id='word_1_131' title='bbox 367 1258 542 1316; x_wconf 76' lang='lat' dir='ltr'>facilius</span> <span class='ocrx_word' id='word_1_132' title='bbox 578 1263 739 1301; x_wconf 64' lang='lat' dir='ltr'>{arctum</span> <span class='ocrx_word' id='word_1_133' title='bbox 774 1257 965 1301; x_wconf 72' lang='lat' dir='ltr'>reddidit</span> <span class='ocrx_word' id='word_1_134' title='bbox 1003 1258 1201 1302; x_wconf 76' lang='lat' dir='ltr'>delictum</span> <span class='ocrx_word' id='word_1_135' title='bbox 1240 1259 1375 1316; x_wconf 85' lang='lat' dir='ltr'>quoad</span> <span class='ocrx_word' id='word_1_136' title='bbox 1417 1248 1504 1302; x_wconf 89' lang='lat' dir='ltr'>eius</span> <span class='ocrx_word' id='word_1_137' title='bbox 1546 1261 1778 1302; x_wconf 84' lang='lat' dir='ltr'>exsecutio-</span> 
     </span>
     <span class='ocr_line' id='line_1_19' title="bbox 154 1328 1776 1387; baseline -0.001 -15"><span class='ocrx_word' id='word_1_138' title='bbox 154 1343 263 1383; x_wconf 89' lang='lat' dir='ltr'>nem,</span> <span class='ocrx_word' id='word_1_139' title='bbox 296 1328 404 1387; x_wconf 81' lang='lat' dir='ltr'>quod</span> <span class='ocrx_word' id='word_1_140' title='bbox 447 1329 575 1371; x_wconf 75' lang='lat' dir='ltr'>etiarn</span> <span class='ocrx_word' id='word_1_141' title='bbox 618 1328 708 1371; x_wconf 78' lang='lat' dir='ltr'>sine</span> <span class='ocrx_word' id='word_1_142' title='bbox 750 1328 987 1371; x_wconf 80' lang='lat' dir='ltr'>eorumdem</span> <span class='ocrx_word' id='word_1_143' title='bbox 1026 1331 1094 1386; x_wconf 87' lang='lat' dir='ltr'>qui</span> <span class='ocrx_word' id='word_1_144' title='bbox 1128 1329 1459 1384; x_wconf 76' lang='lat' dir='ltr'>considerantur,</span> <span class='ocrx_word' id='word_1_145' title='bbox 1492 1331 1675 1372; x_wconf 90' lang='lat' dir='ltr'>omnium</span> <span class='ocrx_word' id='word_1_146' title='bbox 1712 1329 1776 1372; x_wconf 89' lang='lat' dir='ltr'>vel</span> 
     </span>
     <span class='ocr_line' id='line_1_20' title="bbox 151 1399 1779 1458; baseline 0 -15"><span class='ocrx_word' id='word_1_147' title='bbox 151 1401 400 1458; x_wconf 77' lang='lat' dir='ltr'>aliquorum,</span> <span class='ocrx_word' id='word_1_148' title='bbox 434 1413 640 1443; x_wconf 74' lang='lat' dir='ltr'>concursu</span> <span class='ocrx_word' id='word_1_149' title='bbox 667 1413 763 1442; x_wconf 88' lang='lat' dir='ltr'>vere</span> <span class='ocrx_word' id='word_1_150' title='bbox 786 1399 1046 1442; x_wconf 66' lang='lat' dir='ltr'>conrrm&#39;ssunz</span> <span class='ocrx_word' id='word_1_151' title='bbox 1069 1399 1237 1457; x_wconf 81' lang='lat' dir='ltr'>fuisset,</span> <span class='ocrx_word' id='word_1_152' title='bbox 1264 1413 1312 1444; x_wconf 90' lang='lat' dir='ltr'>ae</span> <span class='ocrx_word' id='word_1_153' title='bbox 1337 1400 1510 1456; x_wconf 86' lang='lat' dir='ltr'>proinde</span> <span class='ocrx_word' id='word_1_154' title='bbox 1533 1400 1701 1457; x_wconf 88' lang='lat' dir='ltr'>quando</span> <span class='ocrx_word' id='word_1_155' title='bbox 1725 1399 1779 1443; x_wconf 90' lang='lat' dir='ltr'>ob</span> 
     </span>
     <span class='ocr_line' id='line_1_21' title="bbox 153 1470 1775 1527; baseline -0.001 -12"><span class='ocrx_word' id='word_1_156' title='bbox 153 1472 358 1515; x_wconf 86' lang='lat' dir='ltr'>detectum</span> <span class='ocrx_word' id='word_1_157' title='bbox 392 1471 639 1514; x_wconf 87' lang='lat' dir='ltr'>conditionis</span> <span class='ocrx_word' id='word_1_158' title='bbox 674 1475 906 1526; x_wconf 88' lang='lat' dir='ltr'>postremae</span> <span class='ocrx_word' id='word_1_159' title='bbox 930 1470 1180 1527; x_wconf 86' lang='lat' dir='ltr'>paragraphi</span> <span class='ocrx_word' id='word_1_160' title='bbox 1206 1471 1493 1527; x_wconf 88' lang='lat' dir='ltr'>praecedentis</span> <span class='ocrx_word' id='word_1_161' title='bbox 1515 1475 1610 1514; x_wconf 87' lang='lat' dir='ltr'>sunt</span> <span class='ocrx_word' id='word_1_162' title='bbox 1633 1473 1775 1514; x_wconf 88' lang='lat' dir='ltr'>eonrei</span> 
     </span>
     <span class='ocr_line' id='line_1_22' title="bbox 155 1540 1777 1599; baseline 0 -15"><span class='ocrx_word' id='word_1_163' title='bbox 155 1544 319 1598; x_wconf 87' lang='lat' dir='ltr'>proprie</span> <span class='ocrx_word' id='word_1_164' title='bbox 352 1543 588 1595; x_wconf 64' lang='lat' dir='ltr'>accessam,</span> <span class='ocrx_word' id='word_1_165' title='bbox 620 1540 823 1584; x_wconf 76' lang='lat' dir='ltr'>minorem</span> <span class='ocrx_word' id='word_1_166' title='bbox 858 1553 905 1584; x_wconf 91' lang='lat' dir='ltr'>ac</span> <span class='ocrx_word' id='word_1_167' title='bbox 940 1543 978 1584; x_wconf 91' lang='grc'>111</span> <span class='ocrx_word' id='word_1_168' title='bbox 1013 1541 1152 1585; x_wconf 80' lang='lat' dir='ltr'>delicti</span> <span class='ocrx_word' id='word_1_169' title='bbox 1185 1546 1429 1585; x_wconf 84' lang='lat' dir='ltr'>exsecutore</span> <span class='ocrx_word' id='word_1_170' title='bbox 1470 1540 1777 1599; x_wconf 68' lang='lat' dir='ltr'>r&#39;nzpulubilila-</span> 
     </span>
     <span class='ocr_line' id='line_1_23' title="bbox 156 1611 1782 1669; baseline 0 -15"><span class='ocrx_word' id='word_1_171' title='bbox 156 1618 247 1666; x_wconf 78' lang='lat' dir='ltr'>tem,</span> <span class='ocrx_word' id='word_1_172' title='bbox 281 1612 352 1656; x_wconf 89' lang='lat' dir='ltr'>sed</span> <span class='ocrx_word' id='word_1_173' title='bbox 387 1611 492 1655; x_wconf 92' lang='lat' dir='ltr'>hanc</span> <span class='ocrx_word' id='word_1_174' title='bbox 522 1612 778 1669; x_wconf 76' lang='lat' dir='ltr'>praesefert,</span> <span class='ocrx_word' id='word_1_175' title='bbox 801 1614 895 1669; x_wconf 81' lang='lat' dir='ltr'>quia</span> <span class='ocrx_word' id='word_1_176' title='bbox 930 1612 1048 1655; x_wconf 90' lang='lat' dir='ltr'>dolus</span> <span class='ocrx_word' id='word_1_177' title='bbox 1084 1625 1208 1655; x_wconf 73' lang='lat' dir='ltr'>verus</span> <span class='ocrx_word' id='word_1_178' title='bbox 1241 1615 1299 1655; x_wconf 89' lang='lat' dir='ltr'>eis</span> <span class='ocrx_word' id='word_1_179' title='bbox 1333 1617 1499 1669; x_wconf 89' lang='lat' dir='ltr'>propter</span> <span class='ocrx_word' id='word_1_180' title='bbox 1532 1611 1652 1654; x_wconf 82' lang='lat' dir='ltr'>talen]</span> <span class='ocrx_word' id='word_1_181' title='bbox 1688 1625 1782 1655; x_wconf 91' lang='lat' dir='ltr'>con·</span> 
     </span>
     <span class='ocr_line' id='line_1_24' title="bbox 154 1683 612 1727; baseline 0.002 -1"><span class='ocrx_word' id='word_1_182' title='bbox 154 1697 321 1726; x_wconf 82' lang='lat' dir='ltr'>cursum</span> <span class='ocrx_word' id='word_1_183' title='bbox 356 1696 435 1725; x_wconf 91' lang='lat' dir='ltr'>non</span> <span class='ocrx_word' id='word_1_184' title='bbox 471 1683 612 1727; x_wconf 81' lang='lat' dir='ltr'>deluit.</span> 
     </span>
    </p>

    <p class='ocr_par' dir='ltr' id='par_1_7' title="bbox 156 1752 1788 2939">
     <span class='ocr_line' id='line_1_25' title="bbox 271 1752 1781 1810; baseline -0.001 -15"><span class='ocrx_word' id='word_1_185' title='bbox 271 1753 299 1810; x_wconf 65' lang='grc' dir='ltr'>ἓ</span> <span class='ocrx_word' id='word_1_186' title='bbox 330 1755 371 1796; x_wconf 86' lang='grc'>5.</span> <span class='ocrx_word' id='word_1_187' title='bbox 408 1753 518 1796; x_wconf 87' lang='lat' dir='ltr'>Inter</span> <span class='ocrx_word' id='word_1_188' title='bbox 551 1767 620 1796; x_wconf 86' lang='lat' dir='ltr'>eos</span> <span class='ocrx_word' id='word_1_189' title='bbox 653 1767 825 1797; x_wconf 89' lang='lat' dir='ltr'>conreos</span> <span class='ocrx_word' id='word_1_190' title='bbox 859 1753 1107 1810; x_wconf 87' lang='lat' dir='ltr'>principales</span> <span class='ocrx_word' id='word_1_191' title='bbox 1154 1753 1217 1796; x_wconf 77' lang='lat' dir='ltr'>vel</span> <span class='ocrx_word' id='word_1_192' title='bbox 1256 1755 1523 1806; x_wconf 75' lang='lat' dir='ltr'>accessorios,</span> <span class='ocrx_word' id='word_1_193' title='bbox 1557 1752 1628 1809; x_wconf 79' lang='lat' dir='ltr'>qui</span> <span class='ocrx_word' id='word_1_194' title='bbox 1659 1765 1781 1794; x_wconf 78' lang='lat' dir='ltr'>suum</span> 
     </span>
     <span class='ocr_line' id='line_1_26' title="bbox 156 1823 1779 1882; baseline -0.001 -16"><span class='ocrx_word' id='word_1_195' title='bbox 156 1824 374 1882; x_wconf 67' lang='lat' dir='ltr'>z&#39;nssuoeum,</span> <span class='ocrx_word' id='word_1_196' title='bbox 414 1838 450 1865; x_wconf 79' lang='lat' dir='ltr'>v.</span> <span class='ocrx_word' id='word_1_197' title='bbox 471 1838 531 1880; x_wconf 90' lang='lat' dir='ltr'>gr.</span> <span class='ocrx_word' id='word_1_198' title='bbox 568 1824 775 1879; x_wconf 75' lang='lat' dir='ltr'>mandato,</span> <span class='ocrx_word' id='word_1_199' title='bbox 809 1824 979 1867; x_wconf 89' lang='lat' dir='ltr'>consilio</span> <span class='ocrx_word' id='word_1_200' title='bbox 1015 1825 1198 1867; x_wconf 86' lang='lat' dir='ltr'>fortassis</span> <span class='ocrx_word' id='word_1_201' title='bbox 1230 1823 1418 1867; x_wconf 88' lang='lat' dir='ltr'>docendo</span> <span class='ocrx_word' id='word_1_202' title='bbox 1452 1825 1560 1866; x_wconf 83' lang='lat' dir='ltr'>viam</span> <span class='ocrx_word' id='word_1_203' title='bbox 1597 1825 1779 1878; x_wconf 89' lang='lat' dir='ltr'>ignotam</span> 
     </span>
     <span class='ocr_line' id='line_1_27' title="bbox 156 1891 1781 1951; baseline -0.002 -13"><span class='ocrx_word' id='word_1_204' title='bbox 156 1894 294 1938; x_wconf 88' lang='lat' dir='ltr'>delicti</span> <span class='ocrx_word' id='word_1_205' title='bbox 331 1895 532 1951; x_wconf 72' lang='lat' dir='ltr'>patrandi,</span> <span class='ocrx_word' id='word_1_206' title='bbox 559 1894 727 1949; x_wconf 81' lang='lat' dir='ltr'>auxilio,</span> <span class='ocrx_word' id='word_1_207' title='bbox 746 1896 901 1948; x_wconf 82' lang='lat' dir='ltr'>favore,</span> <span class='ocrx_word' id='word_1_208' title='bbox 921 1894 1056 1938; x_wconf 86' lang='lat' dir='ltr'>aliove</span> <span class='ocrx_word' id='word_1_209' title='bbox 1082 1894 1218 1949; x_wconf 85' lang='lat' dir='ltr'>modo,</span> <span class='ocrx_word' id='word_1_210' title='bbox 1236 1894 1280 1937; x_wconf 76' lang='lat' dir='ltr'>in</span> <span class='ocrx_word' id='word_1_211' title='bbox 1303 1892 1501 1937; x_wconf 80' lang='lat' dir='ltr'>delictum</span> <span class='ocrx_word' id='word_1_212' title='bbox 1522 1891 1781 1950; x_wconf 81' lang='lat' dir='ltr'>patrandum</span> 
     </span>
     <span class='ocr_line' id='line_1_28' title="bbox 156 1964 1782 2022; baseline -0.002 -14"><span class='ocrx_word' id='word_1_213' title='bbox 156 1966 298 2009; x_wconf 85' lang='lat' dir='ltr'>saltem</span> <span class='ocrx_word' id='word_1_214' title='bbox 335 1965 509 2019; x_wconf 78' lang='lat' dir='ltr'>facilius,</span> <span class='ocrx_word' id='word_1_215' title='bbox 544 1978 590 2009; x_wconf 89' lang='lat' dir='ltr'>ac</span> <span class='ocrx_word' id='word_1_216' title='bbox 626 1970 792 2022; x_wconf 88' lang='lat' dir='ltr'>propter</span> <span class='ocrx_word' id='word_1_217' title='bbox 825 1965 902 2009; x_wconf 88' lang='lat' dir='ltr'>hoc</span> <span class='ocrx_word' id='word_1_218' title='bbox 936 1967 1106 2022; x_wconf 90' lang='lat' dir='ltr'>praevie</span> <span class='ocrx_word' id='word_1_219' title='bbox 1140 1970 1178 2008; x_wconf 88' lang='lat' dir='ltr'>et</span> <span class='ocrx_word' id='word_1_220' title='bbox 1210 1965 1258 2008; x_wconf 91' lang='lat' dir='ltr'>ad</span> <span class='ocrx_word' id='word_1_221' title='bbox 1293 1964 1370 2008; x_wconf 91' lang='lat' dir='ltr'>hoc</span> <span class='ocrx_word' id='word_1_222' title='bbox 1390 1964 1503 2008; x_wconf 87' lang='lat' dir='ltr'>illum</span> <span class='ocrx_word' id='word_1_223' title='bbox 1529 1964 1782 2017; x_wconf 82' lang='lat' dir='ltr'>ordinatum,</span> 
     </span>
     <span class='ocr_line' id='line_1_29' title="bbox 156 2034 1781 2094; baseline -0.002 -15"><span class='ocrx_word' id='word_1_224' title='bbox 156 2042 394 2094; x_wconf 76' lang='lat' dir='ltr'>opportuna</span> <span class='ocrx_word' id='word_1_225' title='bbox 426 2037 744 2090; x_wconf 73' lang='lat' dir='ltr'>retractatione,</span> <span class='ocrx_word' id='word_1_226' title='bbox 782 2050 818 2077; x_wconf 87' lang='lat' dir='ltr'>v.</span> <span class='ocrx_word' id='word_1_227' title='bbox 839 2050 897 2092; x_wconf 88' lang='lat' dir='ltr'>gr.</span> <span class='ocrx_word' id='word_1_228' title='bbox 936 2036 1116 2079; x_wconf 90' lang='lat' dir='ltr'>mandati</span> <span class='ocrx_word' id='word_1_229' title='bbox 1155 2038 1431 2090; x_wconf 77' lang='lat' dir='ltr'>revocatione,</span> <span class='ocrx_word' id='word_1_230' title='bbox 1451 2034 1608 2078; x_wconf 89' lang='lat' dir='ltr'>consilii</span> <span class='ocrx_word' id='word_1_231' title='bbox 1645 2047 1781 2090; x_wconf 87' lang='lat' dir='ltr'>repro·</span> 
     </span>
     <span class='ocr_line' id='line_1_30' title="bbox 159 2103 1784 2162; baseline -0.002 -12"><span class='ocrx_word' id='word_1_232' title='bbox 159 2106 324 2151; x_wconf 85' lang='lat' dir='ltr'>batione</span> <span class='ocrx_word' id='word_1_233' title='bbox 357 2107 493 2149; x_wconf 82' lang='lat' dir='ltr'>forsan</span> <span class='ocrx_word' id='word_1_234' title='bbox 528 2107 700 2149; x_wconf 88' lang='lat' dir='ltr'>adiectis</span> <span class='ocrx_word' id='word_1_235' title='bbox 735 2106 975 2160; x_wconf 67' lang='lat' dir='ltr'>rationibus,</span> <span class='ocrx_word' id='word_1_236' title='bbox 1010 2106 1152 2149; x_wconf 78' lang='lat' dir='ltr'>anxilii</span> <span class='ocrx_word' id='word_1_237' title='bbox 1187 2106 1459 2162; x_wconf 87' lang='lat' dir='ltr'>denegatione</span> <span class='ocrx_word' id='word_1_238' title='bbox 1492 2104 1692 2158; x_wconf 85' lang='lat' dir='ltr'>ulteriori,</span> <span class='ocrx_word' id='word_1_239' title='bbox 1714 2103 1784 2147; x_wconf 88' lang='lat' dir='ltr'>ad·</span> 
     </span>
     <span class='ocr_line' id='line_1_31' title="bbox 163 2175 1785 2234; baseline -0.001 -16"><span class='ocrx_word' id='word_1_240' title='bbox 163 2191 305 2220; x_wconf 70' lang='lat' dir='ltr'>versus</span> <span class='ocrx_word' id='word_1_241' title='bbox 353 2178 537 2220; x_wconf 72' lang='lat' dir='ltr'>favorem</span> <span class='ocrx_word' id='word_1_242' title='bbox 590 2176 726 2220; x_wconf 81' lang='lat' dir='ltr'>verbis</span> <span class='ocrx_word' id='word_1_243' title='bbox 762 2176 824 2219; x_wconf 73' lang='lat' dir='ltr'>vel</span> <span class='ocrx_word' id='word_1_244' title='bbox 863 2179 1030 2233; x_wconf 72' lang='lat' dir='ltr'>scripte,</span> <span class='ocrx_word' id='word_1_245' title='bbox 1064 2175 1246 2234; x_wconf 86' lang='lat' dir='ltr'>qualibet</span> <span class='ocrx_word' id='word_1_246' title='bbox 1294 2188 1437 2218; x_wconf 88' lang='lat' dir='ltr'>earum</span> <span class='ocrx_word' id='word_1_247' title='bbox 1485 2176 1785 2218; x_wconf 82' lang='lat' dir='ltr'>convenienter</span> 
     </span>
     <span class='ocr_line' id='line_1_32' title="bbox 161 2244 1784 2303; baseline -0.002 -13"><span class='ocrx_word' id='word_1_248' title='bbox 161 2250 345 2290; x_wconf 88' lang='lat' dir='ltr'>intimata</span> <span class='ocrx_word' id='word_1_249' title='bbox 372 2261 442 2303; x_wconf 90' lang='lat' dir='ltr'>pro</span> <span class='ocrx_word' id='word_1_250' title='bbox 467 2260 608 2290; x_wconf 91' lang='lat' dir='ltr'>earum</span> <span class='ocrx_word' id='word_1_251' title='bbox 634 2247 876 2290; x_wconf 70' lang='lat' dir='ltr'>diversitate</span> <span class='ocrx_word' id='word_1_252' title='bbox 910 2247 1094 2290; x_wconf 80' lang='lat' dir='ltr'>relativis</span> <span class='ocrx_word' id='word_1_253' title='bbox 1119 2248 1315 2303; x_wconf 85' lang='lat' dir='ltr'>personis,</span> <span class='ocrx_word' id='word_1_254' title='bbox 1340 2245 1380 2302; x_wconf 91' lang='lat' dir='ltr'>a)</span> <span class='ocrx_word' id='word_1_255' title='bbox 1404 2244 1626 2288; x_wconf 60' lang='lat' dir='ltr'>abduxerit</span> <span class='ocrx_word' id='word_1_256' title='bbox 1647 2244 1784 2302; x_wconf 87' lang='lat' dir='ltr'>plene,</span> 
     </span>
     <span class='ocr_line' id='line_1_33' title="bbox 161 2316 1781 2374; baseline -0.002 -13"><span class='ocrx_word' id='word_1_257' title='bbox 161 2321 214 2361; x_wconf 88' lang='lat' dir='ltr'>ita</span> <span class='ocrx_word' id='word_1_258' title='bbox 249 2323 291 2361; x_wconf 92' lang='lat' dir='ltr'>ut</span> <span class='ocrx_word' id='word_1_259' title='bbox 326 2320 557 2374; x_wconf 74' lang='lat' dir='ltr'>respective</span> <span class='ocrx_word' id='word_1_260' title='bbox 592 2317 803 2360; x_wconf 88' lang='lat' dir='ltr'>moraliter</span> <span class='ocrx_word' id='word_1_261' title='bbox 835 2330 882 2360; x_wconf 90' lang='lat' dir='ltr'>ac</span> <span class='ocrx_word' id='word_1_262' title='bbox 918 2316 1086 2373; x_wconf 61' lang='lat' dir='ltr'>physice</span> <span class='ocrx_word' id='word_1_263' title='bbox 1118 2317 1298 2359; x_wconf 84' lang='lat' dir='ltr'>influxus</span> <span class='ocrx_word' id='word_1_264' title='bbox 1330 2321 1462 2359; x_wconf 88' lang='lat' dir='ltr'>cesset</span> <span class='ocrx_word' id='word_1_265' title='bbox 1498 2320 1696 2373; x_wconf 87' lang='lat' dir='ltr'>quantum</span> <span class='ocrx_word' id='word_1_266' title='bbox 1731 2327 1781 2357; x_wconf 85' lang='lat' dir='ltr'>ex</span> 
     </span>
     <span class='ocr_line' id='line_1_34' title="bbox 163 2385 1786 2444; baseline -0.002 -14"><span class='ocrx_word' id='word_1_267' title='bbox 163 2393 276 2444; x_wconf 89' lang='lat' dir='ltr'>parte</span> <span class='ocrx_word' id='word_1_268' title='bbox 310 2390 448 2431; x_wconf 88' lang='lat' dir='ltr'>conrei</span> <span class='ocrx_word' id='word_1_269' title='bbox 497 2388 660 2444; x_wconf 70' lang='lat' dir='ltr'>pendet,</span> <span class='ocrx_word' id='word_1_270' title='bbox 693 2387 742 2430; x_wconf 83' lang='lat' dir='ltr'>ab</span> <span class='ocrx_word' id='word_1_271' title='bbox 775 2387 888 2430; x_wconf 77' lang='lat' dir='ltr'>omni</span> <span class='ocrx_word' id='word_1_272' title='bbox 920 2386 1253 2444; x_wconf 72' lang='lat' dir='ltr'>imputabililole</span> <span class='ocrx_word' id='word_1_273' title='bbox 1283 2389 1446 2444; x_wconf 88' lang='lat' dir='ltr'>sequuti</span> <span class='ocrx_word' id='word_1_274' title='bbox 1489 2385 1626 2429; x_wconf 88' lang='lat' dir='ltr'>delicti</span> <span class='ocrx_word' id='word_1_275' title='bbox 1674 2385 1786 2428; x_wconf 88' lang='lat' dir='ltr'>illius</span> 
     </span>
     <span class='ocr_line' id='line_1_35' title="bbox 162 2456 1784 2514; baseline -0.002 -13"><span class='ocrx_word' id='word_1_276' title='bbox 162 2458 383 2512; x_wconf 77' lang='lat' dir='ltr'>liberatur,</span> <span class='ocrx_word' id='word_1_277' title='bbox 417 2471 510 2501; x_wconf 90' lang='lat' dir='ltr'>nam</span> <span class='ocrx_word' id='word_1_278' title='bbox 547 2458 683 2501; x_wconf 88' lang='lat' dir='ltr'>taliter</span> <span class='ocrx_word' id='word_1_279' title='bbox 731 2457 849 2501; x_wconf 88' lang='lat' dir='ltr'>dolus</span> <span class='ocrx_word' id='word_1_280' title='bbox 898 2457 1006 2500; x_wconf 89' lang='lat' dir='ltr'>illius</span> <span class='ocrx_word' id='word_1_281' title='bbox 1054 2457 1290 2500; x_wconf 86' lang='lat' dir='ltr'>excluditur</span> <span class='ocrx_word' id='word_1_282' title='bbox 1322 2457 1487 2514; x_wconf 85' lang='lat' dir='ltr'>quando</span> <span class='ocrx_word' id='word_1_283' title='bbox 1521 2456 1566 2499; x_wconf 83' lang='lat' dir='ltr'>fit</span> <span class='ocrx_word' id='word_1_284' title='bbox 1602 2456 1784 2511; x_wconf 85' lang='lat' dir='ltr'>violatio,</span> 
     </span>
     <span class='ocr_line' id='line_1_36' title="bbox 164 2525 1788 2586; baseline -0.003 -14"><span class='ocrx_word' id='word_1_285' title='bbox 164 2534 329 2586; x_wconf 87' lang='lat' dir='ltr'>propter</span> <span class='ocrx_word' id='word_1_286' title='bbox 363 2529 470 2586; x_wconf 80' lang='lat' dir='ltr'>quod</span> <span class='ocrx_word' id='word_1_287' title='bbox 507 2528 722 2572; x_wconf 88' lang='lat' dir='ltr'>adiicitur:</span> <span class='ocrx_word' id='word_1_288' title='bbox 763 2528 930 2570; x_wconf 75' lang='lat' dir='ltr'>etiamsi</span> <span class='ocrx_word' id='word_1_289' title='bbox 972 2533 1190 2570; x_wconf 61' lang='lat' dir='ltr'>ersecutor</span> <span class='ocrx_word' id='word_1_290' title='bbox 1231 2527 1427 2570; x_wconf 77' lang='lat' dir='ltr'>delictum</span> <span class='ocrx_word' id='word_1_291' title='bbox 1463 2526 1560 2570; x_wconf 88' lang='lat' dir='ltr'>illud</span> <span class='ocrx_word' id='word_1_292' title='bbox 1595 2526 1640 2569; x_wconf 85' lang='lat' dir='ltr'>ob</span> <span class='ocrx_word' id='word_1_293' title='bbox 1673 2525 1788 2568; x_wconf 72' lang='lat' dir='ltr'>alias</span> 
     </span>
     <span class='ocr_line' id='line_1_37' title="bbox 164 2598 1783 2656; baseline -0.002 -14"><span class='ocrx_word' id='word_1_294' title='bbox 164 2613 314 2642; x_wconf 72' lang='lat' dir='ltr'>causas</span> <span class='ocrx_word' id='word_1_295' title='bbox 345 2598 425 2641; x_wconf 66' lang='lat' dir='ltr'>sibi</span> <span class='ocrx_word' id='word_1_296' title='bbox 452 2599 668 2656; x_wconf 78' lang='lat' dir='ltr'>proprias,</span> <span class='ocrx_word' id='word_1_297' title='bbox 710 2605 795 2641; x_wconf 89' lang='lat' dir='ltr'>tum</span> <span class='ocrx_word' id='word_1_298' title='bbox 841 2598 1091 2654; x_wconf 85' lang='lat' dir='ltr'>personales,</span> <span class='ocrx_word' id='word_1_299' title='bbox 1124 2603 1209 2641; x_wconf 88' lang='lat' dir='ltr'>tum</span> <span class='ocrx_word' id='word_1_300' title='bbox 1254 2602 1486 2641; x_wconf 88' lang='lat' dir='ltr'>ceterorum</span> <span class='ocrx_word' id='word_1_301' title='bbox 1522 2610 1783 2650; x_wconf 83' lang='lat' dir='ltr'>conreorum,</span> 
     </span>
     <span class='ocr_line' id='line_1_38' title="bbox 165 2666 1787 2725; baseline -0.002 -13"><span class='ocrx_word' id='word_1_302' title='bbox 165 2675 248 2713; x_wconf 91' lang='lat' dir='ltr'>tum</span> <span class='ocrx_word' id='word_1_303' title='bbox 284 2670 400 2713; x_wconf 86' lang='lat' dir='ltr'>(latas</span> <span class='ocrx_word' id='word_1_304' title='bbox 435 2672 547 2725; x_wconf 89' lang='lat' dir='ltr'>prius</span> <span class='ocrx_word' id='word_1_305' title='bbox 580 2670 649 2712; x_wconf 89' lang='lat' dir='ltr'>sed</span> <span class='ocrx_word' id='word_1_306' title='bbox 685 2670 937 2712; x_wconf 81' lang='lat' dir='ltr'>sufficienter</span> <span class='ocrx_word' id='word_1_307' title='bbox 961 2673 1216 2722; x_wconf 78' lang='lat' dir='ltr'>retractataS,</span> <span class='ocrx_word' id='word_1_308' title='bbox 1241 2667 1517 2710; x_wconf 70' lang='lat' dir='ltr'>nz&#39;lm&#39;lorninus</span> <span class='ocrx_word' id='word_1_309' title='bbox 1548 2666 1787 2724; x_wconf 76' lang='lat' dir='ltr'>patraverit</span> 
     </span>
     <span class='ocr_line' id='line_1_39' title="bbox 165 2734 1782 2797; baseline -0.004 -13"><span class='ocrx_word' id='word_1_310' title='bbox 165 2755 237 2797; x_wconf 90' lang='lat' dir='ltr'>per</span> <span class='ocrx_word' id='word_1_311' title='bbox 270 2742 503 2784; x_wconf 71' lang='lat' dir='ltr'>effectivam</span> <span class='ocrx_word' id='word_1_312' title='bbox 530 2739 632 2795; x_wconf 86' lang='lat' dir='ltr'>legis</span> <span class='ocrx_word' id='word_1_313' title='bbox 656 2740 838 2796; x_wconf 89' lang='lat' dir='ltr'>poenalis</span> <span class='ocrx_word' id='word_1_314' title='bbox 873 2734 1150 2782; x_wconf 64' lang='lat' dir='ltr'>vio&#39;lationenr</span> <span class='ocrx_word' id='word_1_315' title='bbox 1187 2739 1452 2796; x_wconf 84' lang='lat' dir='ltr'>Prosequitur</span> <span class='ocrx_word' id='word_1_316' title='bbox 1485 2740 1782 2794; x_wconf 89' lang='lat' dir='ltr'>praescriptum</span> 
     </span>
     <span class='ocr_line' id='line_1_40' title="bbox 165 2806 1788 2867; baseline -0.002 -14"><span class='ocrx_word' id='word_1_317' title='bbox 165 2811 218 2865; x_wconf 76' lang='lat' dir='ltr'>si,</span> <span class='ocrx_word' id='word_1_318' title='bbox 257 2827 279 2851; x_wconf 84' lang='lat'>«</span> <span class='ocrx_word' id='word_1_319' title='bbox 302 2813 370 2867; x_wconf 88' lang='lat' dir='ltr'>qui</span> <span class='ocrx_word' id='word_1_320' title='bbox 405 2824 524 2853; x_wconf 91' lang='lat' dir='ltr'>snum</span> <span class='ocrx_word' id='word_1_321' title='bbox 562 2811 805 2852; x_wconf 78' lang='lat' dir='ltr'>inlluxum...</span> <span class='ocrx_word' id='word_1_322' title='bbox 832 2825 851 2850; x_wconf 87' lang='grc'>))</span> <span class='ocrx_word' id='word_1_323' title='bbox 890 2815 933 2853; x_wconf 92' lang='lat' dir='ltr'>ut</span> <span class='ocrx_word' id='word_1_324' title='bbox 967 2812 1005 2852; x_wconf 90' lang='lat' dir='ltr'>in</span> <span class='ocrx_word' id='word_1_325' title='bbox 1037 2809 1078 2867; x_wconf 60' lang='grc' dir='ltr'>ξ*</span> <span class='ocrx_word' id='word_1_326' title='bbox 1114 2811 1243 2860; x_wconf 86' lang='lat' dir='ltr'>initio,</span> <span class='ocrx_word' id='word_1_327' title='bbox 1278 2822 1356 2851; x_wconf 86' lang='lat' dir='ltr'>non</span> <span class='ocrx_word' id='word_1_328' title='bbox 1398 2808 1620 2851; x_wconf 64' lang='lat' dir='ltr'>obduxerit</span> <span class='ocrx_word' id='word_1_329' title='bbox 1649 2806 1788 2864; x_wconf 80' lang='lat' dir='ltr'>plene,</span> 
     </span>
     <span class='ocr_line' id='line_1_41' title="bbox 167 2877 1785 2939; baseline -0.003 -15"><span class='ocrx_word' id='word_1_330' title='bbox 167 2885 261 2939; x_wconf 81' lang='lat' dir='ltr'>quia</span> <span class='ocrx_word' id='word_1_331' title='bbox 296 2883 537 2924; x_wconf 71' lang='lat' dir='ltr'>retractavit</span> <span class='ocrx_word' id='word_1_332' title='bbox 571 2883 705 2923; x_wconf 87' lang='lat' dir='ltr'>minus</span> <span class='ocrx_word' id='word_1_333' title='bbox 729 2893 850 2937; x_wconf 80' lang='lat' dir='ltr'>quam</span> <span class='ocrx_word' id='word_1_334' title='bbox 876 2893 1044 2923; x_wconf 90' lang='lat' dir='ltr'>necesse</span> <span class='ocrx_word' id='word_1_335' title='bbox 1067 2880 1199 2922; x_wconf 88' lang='lat' dir='ltr'>suerat</span> <span class='ocrx_word' id='word_1_336' title='bbox 1222 2879 1451 2922; x_wconf 90' lang='lat' dir='ltr'>secundum</span> <span class='ocrx_word' id='word_1_337' title='bbox 1478 2877 1657 2935; x_wconf 90' lang='lat' dir='ltr'>prudens</span> <span class='ocrx_word' id='word_1_338' title='bbox 1681 2877 1785 2920; x_wconf 88' lang='lat' dir='ltr'>iudi-</span> 
     </span>
    </p>
   </div>
   <div class='ocr_carea' id='block_1_5' title="bbox 1891 0 1950 3313">
    <p class='ocr_par' dir='ltr' id='par_1_8' title="bbox 1891 0 1950 3313">
     <span class='ocr_line' id='line_1_42' title="bbox 1891 0 1950 3313; baseline 0 0"><span class='ocrx_word' id='word_1_339' title='bbox 1891 0 1950 3313; x_wconf 95' lang='lat' dir='ltr'> </span> 
     </span>
    </p>
   </div>
  </div>
 </body>
</html>
