1950 3313
104 113 175 147 ‘280
467 110 553 145 [ΛΒ.
582 108 623 142 V.
652 128 666 133 -
685 108 796 142 PARS
812 107 885 141 III.
904 127 916 132 -
935 106 992 141 De
1004 110 1142 151 poenis
1160 110 1203 141 in
1220 107 1361 141 delicta
1520 105 1613 141 Cau.
1639 104 1733 140 2366

106 235 176 290 qui
195 234 352 275 ratione
370 230 527 273 ordinis
550 233 650 271 «est
671 229 856 270 minister
878 227 1125 270 sacramenti
1151 227 1467 282 poenitentiae»
1492 223 1733 282 (can.87l),

108 301 363 358 proindeque
386 298 438 343 ob
461 311 639 356 sequens
662 297 858 341 delictum
884 310 963 340 nou
989 297 1163 340 incurrit
1185 291 1535 352 irregularitatem
1564 296 1732 338 citatam

107 375 145 415 in
180 376 287 415 can.‘³
323 369 485 426 p1·aec.¹‚
519 368 590 427 qni
623 373 803 411 attamen
837 367 928 410 sine
960 366 1201 410 necessaria
1233 366 1286 410 ob
1318 378 1408 410 can.
1444 365 1526 409 87⁶2
1560 364 1736 408 iurisdi-

108 442 255 491 ctione,
289 443 378 483 sive
412 441 622 483 ordinaria
656 439 705 482 ad
742 451 931 482 normam
963 451 1053 481 can.
1089 437 1186 492 873,
1212 440 1301 480 sive
1335 437 1524 493 delegata
1563 435 1612 479 ad
1647 449 1737 478 nor-

109 526 215 555 mam
240 525 330 555 can.
356 511 438 554 874
469 527 490 551 α
513 510 563 554 ad
590 509 848 566 recipiendas
871 510 1147 552 confessiones
1177 507 1463 566 quorumlibet
1485 509 1575 550 sive
1597 519 1737 550 saecu-

108 583 255 626 larium
290 584 379 625 sive
414 581 742 637 religiosorum»
785 582 982 632 virorum,
1022 578 1083 622 vel
1117 579 1166 622 ad
1202 591 1389 622 normam
1424 590 1513 621 can.
1545 578 1629 620 875
1665 590 1738 633 pro

112 653 360 710 recipiendis
408 650 737 695 confessionibus
784 650 1061 709 quorumdam
1114 663 1164 693 ex
1212 649 1304 698 illis,
1345 649 1409 693 vel
1454 649 1503 692 ad
1549 661 1737 692 normam

111 738 199 769 can.
225 725 307 768 876
337 739 358 765 «
382 724 430 767 ad
457 724 738 767 confessiones
771 734 1134 779 quarumcumque
1162 721 1450 778 religiosarum
1487 733 1535 764 ac
1567 721 1740 762 novitia-

111 810 201 840 rum
238 795 375 839 valide
407 800 446 838 et
480 794 590 837 licite
624 793 884 849 recipiendas
907 808 945 839 )>,
967 791 1314 850 praesumpserit,
1341 791 1449 835 unde
1488 806 1509 832 «·
1532 789 1741 848 quaelibet

112 865 442 923 imputabilitatis
475 866 709 907 imminutio
742 866 831 906 sive
864 877 913 906 ex
948 867 1063 919 parte
1097 861 1374 905 intellectus»
1413 861 1604 919 (excepta
1630 862 1741 916 igno-

115 939 243 981 rantia
277 934 499 992 allectata),
539 948 575 979 v.
609 948 670 990 gr.
705 936 801 991 quia
847 937 961 989 putat
1003 946 1176 976 erronee
1211 932 1363 976 habere
1397 931 1741 984 iurisdictionem,

113 1011 208 1066 quia
244 1010 407 1064 ignorat
439 1008 710 1050 cessationem
747 1006 885 1062 ipsius,
923 1003 986 1047 vel
1021 1003 1182 1047 dubitat
1216 1003 1266 1046 de
1302 1004 1580 1054 revocatione,v
1611 1003 1742 1044 «sive

113 1092 162 1122 ex
198 1082 313 1135 parte
350 1076 572 1120 voluntatis
605 1077 750 1118 eximit
783 1087 805 1118 a
836 1074 1103 1131 subsequenti
1140 1086 1313 1130 poena»
1347 1072 1455 1129 (can.
1481 1072 1609 1126 2229,
1632 1073 1657 1125 g
1681 1071 1739 1126 2),

114 1147 444 1192 sacramentales
477 1145 758 1204 confessiones
791 1144 955 1195 (indite,
980 1145 1087 1202 quod
1115 1147 1193 1187 iam
1219 1149 1279 1187 est
1303 1143 1426 1203 illius
1444 1143 1742 1186 iurisdictionis
1781 1135 1784 1137 ’

115 1222 358 1264 exercitium
395 1221 433 1261 in
468 1217 757 1274 cognoscenda
789 1229 912 1260 causa
948 1216 1182 1266 iudicanda,
1216 1217 1410 1273 quamvis
1442 1213 1742 1258 absolutionem

118 1305 196 1334 non
232 1292 504 1347 impertiatur,
539 1280 599 1331 est
634 1288 724 1346 ipso
757 1286 870 1346 facto
896 1287 1091 1343 peccandi
1116 1288 1303 1343 graviter
1337 1288 1375 1328 in
1411 1286 1591 1342 praefata
1614 1286 1740 1328 etiam

118 1365 240 1406 unius
283 1362 552 1405 confessionis
594 1359 817 1407 auditione,
851 1371 1076 1415 snspensas
1109 1371 1135 1400 a
1168 1356 1338 1414 (li'oinis,
1377 1369 1483 1414 quae
1525 1357 1744 1412 suspensio

123 1437 233 1476 vetat
269 1448 289 1472 «
313 1444 477 1474 omnem
512 1435 650 1473 actum
677 1430 888 1486 potestatis
921 1428 1077 1472 ordinis
1109 1440 1233 1485 quam
1257 1429 1350 1481 quis
1372 1430 1461 1470 sive
1486 1439 1558 1483 per
1580 1437 1743 1469 sacram

120 1505 423 1548 ordinationem
458 1504 547 1544 sive
582 1514 654 1557 per
688 1500 953 1556 privilegi-ain
989 1498 1144 1542 obtinet
1167 1514 1189 1539 ›>
1228 1498 1336 1556 (can.
1373 1498 1499 1544 2279,
1531 1497 1558 1555 ἓ
1592 1496 1629 1551 2,
1665 1495 1745 1552 90),

121 1580 158 1618 et
195 1573 366 1631 proinde
389 1575 420 1616 si
445 1586 519 1615 suo
545 1572 725 1628 praefato
757 1570 908 1614 delicto
941 1569 1282 1613 sacramentalem
1308 1568 1609 1612 absolutionem
1634 1567 1747 1623 equi-

121 1646 214 1689 ‹lem
249 1645 404 1688 nullam
439 1642 752 1700 superadderet,
787 1655 880 1685 cum
932 1641 1008 1684 hoc
1056 1641 1212 1684 ordinis
1249 1639 1518 1683 sacerdotalis
1550 1640 1749 1681 exercitio

122 1719 350 1760 incurreret
387 1714 737 1771 irregularitatem
770 1725 820 1756 ex
856 1711 1006 1755 delicto
1039 1712 1088 1755 ad
1125 1723 1312 1754 normam
1347 1723 1433 1754 can.
1474 1710 1573 1763 985,
1608 1722 1646 1751 n.
1680 1707 1748 1762 7⁰3

122 1787 193 1845 qai
225 1800 334 1838 iero,
367 1785 598 1842 supplendo
632 1797 681 1827 ex
717 1786 849 1840 prima
882 1785 1052 1826 canonis
1088 1787 1201 1838 parte
1238 1781 1476 1825 «sacerdos
1499 1783 1587 1824 sine
1610 1793 1749 1822 neces-

122 1861 230 1902 saria
264 1857 549 1901 iurisdictione
584 1856 972 1912 praesumpserit»,
1006 1866 1111 1910 quae
1145 1852 1329 1897 clausula
1374 1853 1601 1910 requiritur
1635 1862 1657 1893 a
1689 1863 1751 1893 se-

124 1932 264 1988 quenti
301 1930 581 1986 propositione
605 1927 798 1970 infinitivi
823 1926 953 1968 modi:
989 1939 1014 1967 a
1041 1923 1227 1983 peccatis
1260 1923 1502 1975 reservatis,
1528 1922 1579 1966 de
1601 1920 1752 1979 quilius

127 2005 275 2044 tractat
316 2011 405 2056 cap.
441 1998 473 2042 ll
512 1998 607 2041 «de
651 1999 933 2040 reservatione
978 2000 1242 2052 peccatorum
1265 2010 1288 2035 »
1326 1996 1364 2037 in
1398 1993 1532 2037 Titulo
1566 1991 1616 2036 lV
1655 2007 1677 2033 ((
1701 1991 1752 2034 de

129 2073 378 2129 poenitentia
403 2086 443 2125 ³),
478 2068 706 2122 absolvere,
741 2081 788 2112 ac
821 2069 982 2111 etiamsi
1017 2071 1184 2123 propter
1207 2065 1285 2109 alia
1313 2070 1480 2122 peccata
1509 2064 1754 2120 poenitentis

129 2145 204 2186 rite
238 2142 423 2198 dispositi
461 2140 595 2184 valida
631 2142 827 2183 existeret
860 2137 1085 2186 absolutio;
1129 2136 1325 2180 sacerdos
1365 2148 1462 2179 vero
1495 2134 1753 2191 delinquens,

131 2218 171 2256 ut
196 2214 351 2257 dictum
377 2217 449 2267 est,
476 2212 565 2269 ipso
597 2210 712 2269 facto
745 2223 972 2268 snspensas
994 2214 1054 2252 est
1078 2207 1127 2251 ab
1150 2206 1375 2251 audiendis
1408 2203 1753 2264 confessionibus,

129 2296 235 2342 quae
267 2285 481 2340 suspensio
515 2285 679 2339 attingit
712 2286 842 2324 totum
876 2282 1120 2324 exercitium
1158 2279 1328 2335 praefati
1362 2279 1579 2320 ministerii
1617 2275 1751 2333 quoad

130 2358 372 2410 potestatem
408 2353 565 2396 ordinis
597 2365 645 2395 ac
679 2351 987 2395 iurisdictionis.
1021 2351 1156 2406 Atque
1180 2348 1256 2392 liae
1280 2348 1386 2392 duae
1415 2359 1614 2391 censurae
1648 2345 1754 2389 latae

129 2426 358 2468 sententiae
391 2429 485 2467 sunt
518 2423 569 2467 de
601 2436 710 2466 novo
743 2434 766 2465 a
799 2421 950 2466 Codice
985 2420 1190 2463 inductae.

251 2495 348 2538 209.
385 2495 569 2541 Contra
601 2496 829 2540 delictum
853 2493 1146 2539 absolvendi
1169 2493 1454 2548 complicem
1478 2492 1526 2535 in
1549 2493 1754 2546 peccato

131 2568 280 2622 turpi.
306 2591 358 2596 —
384 2565 533 2608 Bened.
554 2563 644 2607 XlV
671 2567 710 2607 in
733 2576 807 2607 sua
830 2568 958 2607 const.
998 2578 1020 2604 «
1042 2562 1354 2605 Sacramentum
1383 2561 1661 2604 Poenitentiae
1684 2574 1704 2600 »
1730 2558 1759 2612 ¹,

133 2649 256 2693 quam
292 2639 450 2693 integre
489 2638 629 2692 vigere
662 2635 845 2678 diximus
877 2634 927 2677 ad
961 2646 1051 2677 can.
1086 2632 1184 2685 884,
1219 2645 1266 2675 eo
1299 2631 1408 2689 quod
1442 2630 1586 2674 saltem
1626 2628 1760 2686 impli-
1801 2627 1803 2629 ’

135 2709 257 2751 citam
294 2709 332 2750 in
367 2707 559 2749 omnibus
591 2707 676 2749 suis
710 2704 894 2762 partibus
928 2705 1112 2747 referunt
1154 2715 1285 2746 canon
1324 2704 1472 2746 citatus
1505 2713 1598 2744 cum
1632 2698 1760 2743 altero

258 2860 269 2881 1
298 2862 315 2893 1
343 2859 430 2893 Iun.
460 2859 563 2894 1741.
