1950 3313
165 139 232 172 160
632 135 714 169 Lm.
743 135 788 169 V.
818 155 830 160 -
858 134 968 169 PARS
992 135 1044 169 II.
1074 155 1086 160 -
1113 135 1170 170 De
1188 137 1328 180 poenis
1466 135 1559 170 Can.
1585 135 1793 171 2278-2279

165 258 454 314 «delinquens
487 260 525 299 ct
559 260 823 313 contumax»
861 254 971 311 (can.
1007 254 1133 311 2241,
1157 255 1186 314 ἓ
1210 255 1263 311 1),
1293 255 1545 299 disiunctivc
1577 254 1619 312 a)
1637 255 1790 314 officio,

159 330 269 388 quod
305 329 384 371 lato
416 340 537 370 sensu
576 326 638 369 vel
671 328 814 369 stricto
848 325 1024 377 dicatur,
1058 325 1122 369 vec
1155 325 1196 383 b)
1230 325 1438 383 beneficio,
1479 330 1683 383 quatenus
1714 326 1793 370 hoc

162 401 218 443 illi
253 403 313 443 ius
346 399 394 442 ad
431 396 673 454 temporalia
707 396 964 453 superaddit,
997 396 1060 440 vel
1092 396 1133 453 c)
1166 403 1358 455 iitroque,
1379 397 1450 441 sed
1477 396 1545 440 illo
1567 396 1644 441 sub
1677 396 1718 454 a)
1752 399 1792 440 in

160 474 300 515 stricto
334 482 470 523 sensu,
506 467 740 511 exercendo
771 466 1020 525 prohibetur
1050 467 1102 511 ab
1135 470 1382 511 auctoritate
1419 467 1697 511 ecclesiastica
1723 480 1796 525 per

162 542 309 598 legem,
342 541 589 583 senteutiam
627 538 688 581 vel
722 538 772 581 ad
809 538 977 582 modum
1012 541 1237 595 praecepti.
1263 565 1315 570 —
1349 537 1451 583 Cum
1477 543 1615 582 autem
1640 537 1717 582 sub
1740 539 1794 582 of·

161 614 253 656 ticio
289 615 468 668 potestas
500 610 656 653 ordinis
693 611 844 666 veniat,
879 609 1104 653 concordat
1129 609 1378 666 paragraphi
1404 612 1605 653 sententia
1637 609 1796 666 plenior

160 688 200 726 et
233 683 467 726 accuratior
499 694 593 724 cum
629 677 746 724 Instr.
781 680 820 723 S.
844 679 994 737 Congr.
1018 681 1069 724 de
1094 680 1212 737 Prop.
1236 680 1336 724 Fide
1362 681 1374 703 ¹
1401 683 1438 723 in
1465 694 1576 725 num.
1606 680 1641 725 1.
1682 696 1702 722 c(
1725 679 1795 724 Su-

159 755 323 810 spensio
355 766 405 796 ex
441 753 661 795 informata
694 753 961 807 conscientia,
996 764 1075 794 non
1109 765 1230 794 secus
1261 764 1309 795 ac
1346 751 1427 806 illa,
1462 764 1569 809 quae
1595 764 1667 808 per
1690 751 1795 795 iudi-

159 824 307 868 cialem
342 825 588 867 sententiam
626 823 842 879 infligitur,
877 834 1094 877 personam
1130 821 1456 865 ecclesiasticam
1503 834 1523 865 a
1568 824 1653 865 suis
1686 822 1795 865 ordi-

163 895 297 949 nibus,
330 908 400 938 seu
436 894 650 950 gradibus,
677 893 738 937 vel
763 891 1036 949 dignitatibus
1068 892 1363 935 ecclesiasticis
1397 893 1643 936 exercendis
1678 895 1798 936 inter-

163 966 264 1010 (liCt't
287 982 327 1006 »-

284 1036 475 1080 Delinitio
522 1036 615 1086 data
663 1037 850 1091 suggerit
897 1048 947 1077 ex
997 1033 1219 1078 collatione
1262 1035 1547 1090 suspensionis
1578 1048 1672 1078 cum
1708 1034 1798 1078 aliis

163 1110 350 1152 censuris
391 1106 531 1159 vei-ba,
579 1106 731 1164 quibus
780 1107 922 1161 incipit
953 1105 981 1162 g
1012 1107 1055 1148 2.
1091 1104 1236 1148 Etiam
1284 1104 1588 1162 suspensionis,
1621 1107 1728 1149 sicut
1760 1109 1799 1149 et

165 1179 371 1222 interdicti
405 1179 635 1222 secundum
672 1190 806 1234 praec.
842 1189 1059 1230 canonem,
1093 1189 1213 1220 secus
1246 1181 1384 1219 autem
1409 1188 1458 1220 ac
1481 1176 1533 1219 de
1556 1189 1798 1220 excommu-

164 1252 371 1294 nicatione
403 1251 579 1293 asseruit
612 1262 701 1292 can.
725 1247 897 1305 &2523
921 1247 953 1299 1,
977 1247 1145 1304 effectus
1181 1247 1345 1291 iuridici
1381 1246 1580 1305 separari
1612 1247 1662 1290 ad
1699 1248 1798 1289 invi·

164 1335 255 1365 cem
291 1326 459 1378 queant,
485 1323 537 1364 ita
563 1324 605 1363 ut
628 1320 779 1363 dentur
801 1321 1094 1375 suspensiones
1119 1319 1311 1362 diversae
1341 1318 1626 1375 amplitudinis
1649 1344 1705 1349 —
1728 1317 1800 1361 sed

165 1398 207 1436 ut
243 1405 385 1435 norma
420 1391 639 1449 generalis,
676 1391 760 1433 nisi
792 1389 913 1433 alind
946 1395 1103 1432 constet
1135 1395 1248 1433 certo
1282 1403 1331 1433 ex
1368 1394 1510 1433 tenore
1544 1388 1665 1437 illius,
1691 1388 1732 1446 a)
1756 1388 1800 1432 in>

166 1463 439 1521 suspensione
470 1464 529 1505 sic
559 1461 821 1519 yenet‘aliter
853 1474 923 1504 seu
958 1463 1046 1504 sine
1079 1460 1220 1504 addito
1257 1459 1383 1503 verbo
1417 1459 1508 1502 lata
1533 1462 1620 1503 iure
1652 1459 1715 1502 vel
1749 1458 1800 1503 ab

167 1534 333 1577 homine
367 1532 788 1591 comprehensimtur,
819 1535 855 1574 vi
883 1531 1004 1575 liuius
1027 1534 1197 1575 canonis
1222 1531 1321 1575 illud
1356 1530 1528 1575 verbum
1563 1530 1800 1574 authentice

168 1607 489 1662 interpretantis,
523 1618 664 1647 omnes
697 1603 864 1662 effeetus
897 1603 1018 1646 simul
1055 1603 1126 1660 qni
1158 1603 1201 1645 in
1225 1601 1453 1645 canonibus
1478 1600 1603 1644 lucius
1626 1600 1802 1644 articuli

170 1691 241 1733 pro
276 1676 453 1719 diversis
486 1674 826 1732 suspensionibus
859 1679 1162 1717 enumerantur
1205 1675 1369 1730 proprie
1413 1672 1464 1716 ob
1508 1686 1702 1716 numeros
1734 1685 1799 1716 ca-

168 1761 322 1790 nonum
355 1751 394 1790 et
426 1747 528 1790 alios
560 1746 636 1790 sub
670 1752 761 1790 can⁵
794 1752 881 1803 seq⁸
914 1746 940 1802 ἓ
974 1745 1021 1798 23
1057 1750 1221 1799 contra,
1248 1744 1297 1787 iii
1315 1743 1589 1801 suspensione
1611 1756 1704 1787 cum
1730 1743 1799 1787 ad-

168 1819 324 1862 ditione
360 1818 399 1874 b)
435 1818 483 1860 ab
518 1817 656 1874 officio
692 1817 751 1860 rel
784 1817 823 1874 c)
859 1832 883 1859 a
917 1815 1110 1872 beneficio
1155 1829 1295 1859 omnes
1340 1820 1505 1858 tantum
1544 1813 1712 1872 effectus
1745 1813 1802 1857 al-

169 1890 376 1932 terutrius
409 1889 562 1947 speciei
597 1890 696 1931 infra
734 1890 951 1944 perspicue
984 1887 1202 1944 designati.

291 1962 384 2004 108.
412 1962 760 2018 Suspensionis
782 1963 847 2005 ab
873 1961 1042 2005 officio
1075 1960 1291 2005 effectus
1325 1958 1512 2001 decernit
1546 1971 1634 1999 con..
1660 1958 1799 2000 2279.

168 2033 196 2090 ξ
230 2035 264 2076 1.
301 2032 525 2089 Snspensio
559 2031 608 2073 ab
641 2030 779 2088 officio
813 2030 1078 2088 simpliciter,
1115 2029 1241 2072 idest:
1287 2028 1366 2071 illis
1413 2027 1550 2071 verbis
1592 2039 1802 2083 expressa,

172 2104 366 2159 quamvis
400 2103 579 2144 cilicium
616 2101 696 2144 lato
730 2114 852 2144 sensu
889 2100 950 2144 vel
985 2103 1127 2143 stricto
1151 2101 1282 2155 accipi
1308 2103 1433 2156 queat
1456 2100 1567 2141 iuxta
1592 2110 1681 2141 can.
1706 2097 1803 2149 145,

173 2176 204 2216 si
239 2176 498 2226 exprimatur
533 2172 651 2215 nulla
686 2172 851 2214 adiecta
886 2171 1152 2220 linzilalz'one‚
1197 2184 1232 2211 v.
1268 2183 1327 2225 gr.
1363 2169 1414 2213 ab
1447 2169 1582 2211 officio
1626 2168 1692 2211 liic
1739 2167 1801 2211 vel

172 2244 268 2287 alibi
307 2258 505 2300 possesso,
529 2243 580 2287 ab
605 2244 739 2286 officio
763 2244 1016 2292 confessarii,
1043 2240 1227 2298 parochi,
1251 2245 1343 2293 etc,
1369 2253 1544 2297 quorum
1571 2240 1800 2282 officiorum

175 2329 345 2358 munera
381 2328 428 2358 ex
465 2314 556 2358 aliis
588 2314 750 2358 Codicis
789 2314 887 2357 locis
930 2316 1252 2369 cognoscuntur,
1290 2311 1355 2354 illa
1397 2313 1699 2367 «suspensio»
1737 2311 1804 2353 de-

174 2386 329 2430 clarata
366 2391 489 2439 relat,
522 2399 571 2428 ex
608 2385 729 2428 liuius
762 2386 931 2428 canonis
965 2385 1232 2440 praescripto.
1256 2384 1345 2425 sive
1377 2394 1398 2425 a
1433 2384 1522 2425 iure
1544 2383 1634 2424 sive
1656 2380 1708 2424 ab
1731 2380 1802 2423 ho-

178 2460 286 2500 mine
304 2460 354 2500 sit
375 2457 542 2504 inflicta,
561 2469 720 2499 onmem
744 2460 880 2498 aetum
906 2454 1170 2510 complexive
1195 2459 1280 2495 luni
1300 2452 1524 2510 potestatis
1548 2454 1638 2495 iure
1661 2452 1803 2494 divino

119 2525 131 2531 “
180 2527 242 2570 vel
278 2528 458 2571 humano
492 2526 683 2570 obtentae
716 2528 754 2581 a)
788 2525 953 2569 ordinis
986 2527 1074 2568 sive
1118 2522 1340 2567 cuiuslibet
1383 2537 1432 2566 ex
1477 2524 1730 2566 enumeratis
1764 2524 1801 2564 in

176 2612 266 2643 can.
301 2599 383 2641 949
416 2601 505 2641 sive
540 2599 820 2654 provenientis
853 2610 901 2639 ex
936 2597 1248 2639 consecratione
1271 2593 1508 2650 episcopali,
1532 2598 1571 2636 et
1605 2592 1646 2650 b)
1682 2592 1806 2635 inris-

176 2669 392 2724 (lictionis,
426 2674 509 2712 tum
546 2670 619 2711 sori
659 2670 817 2711 externi
869 2672 952 2710 tum
1003 2668 1076 2709 sori
1129 2667 1292 2719 interni,
1326 2667 1415 2707 sive
1448 2664 1682 2707 ordinariae
1714 2665 1803 2706 sive

177 2741 539 2798 qualitercumque
558 2739 785 2796 delegatae,
813 2738 1018 2781 iudicialis
1040 2742 1110 2780 aut
1133 2736 1488 2787 extra-iudicialis,
1507 2738 1544 2788 c)
1567 2741 1653 2777 lum
1676 2734 1802 2776 eliani

299 2895 309 2916 1
335 2894 381 2927 ΞΟ
409 2893 494 2928 Oct.
527 2893 630 2927 1884.
660 2892 908 2927 Collectanea
935 2890 973 2924 S.
1003 2890 1044 2925 G.
1074 2889 1119 2923 de
1148 2889 1189 2923 P.
1224 2889 1264 2922 F.
1295 2898 1334 2923 n.
1366 2889 1471 2923 1628.
