1950 3313
158 173 225 207 138
528 169 612 202 Ltss.
636 167 681 201 V.
703 187 714 192 -
734 166 845 200 PARS
863 164 936 198 III.
958 184 967 189 -
988 164 1045 198 De
1058 165 1196 208 poenis
1214 165 1258 197 in
1275 162 1415 197 delicta
1571 158 1664 194 Can.
1690 157 1784 193 2314

254 288 288 323 1⁰
317 286 383 331 Qui
401 285 933 322 matrimoniumineuntcoram
1005 282 1143 318 tholicis
1186 282 1355 318 ministris
1397 280 1624 327 baptizandos
1664 280 1786 316 offerre

157 335 318 371 ministro
334 333 525 369 acatholico
543 337 663 368 contra
682 331 934 379 praescriptum
1008 335 1254 377 praesumunt;

156 394 235 418 can.
269 380 369 421 11163,
399 385 417 423 ἓ
446 381 484 423 1;
1101 376 1138 412 4⁰
1168 376 1329 413 Parentes
1369 376 1420 412 vel
1460 380 1643 422 parentum
1672 375 1783 411 locum

250 428 288 463 2Ο
316 428 382 472 Qui
412 427 636 463 matrimonio
654 427 827 462 uniuntur
853 434 931 460 cum
1005 428 1165 460 tenentes
1182 425 1240 471 qui
1261 424 1386 459 liberos
1405 424 1440 458 in
1460 423 1626 468 religione
1652 423 1787 458 acatho-

156 481 255 523 pacto
290 475 451 522 explicito
478 475 529 511 vel
560 475 730 521 implicito
757 479 794 509 ut
819 472 934 508 omnis
1005 472 1072 507 lica
1097 472 1295 507 educandos
1315 471 1367 507 vel
1385 470 1618 506 instituendos
1638 470 1787 506 scienter

157 524 208 559 vel
234 523 352 565 aliqua
379 523 490 568 proles
516 522 682 558 educetur
707 527 803 558 extra
820 520 933 556 catho-
1004 519 1162 555 tradunt.

156 571 259 606 licam
287 570 493 611 Ecclesiam
1055 571 1074 610 ξ
1103 570 1133 602 2.
1163 567 1186 602 11
1214 567 1255 603 de
1285 566 1412 614 quibus
1448 567 1482 601 in
1511 570 1530 609 ξ
1562 566 1589 607 l,
1616 576 1680 601 nn.
1709 565 1783 607 2-4,

251 617 289 652 30
317 616 384 661 Qui
412 617 561 653 scienter
594 617 720 653 liberos
753 628 833 652 suos
862 627 937 652 aca—
1007 620 1090 650 suut
1116 619 1292 662 praeterea
1318 615 1468 660 suspecti
1498 615 1539 650 de
1565 614 1712 650 haeresi.

278 713 373 756 150.
411 715 666 771 Inscriptio
689 715 836 759 Tituli
860 716 909 759 et
931 726 1171 758 canonum
1205 713 1528 758 coordinatio.
1550 735 1608 741 —
1626 710 1786 754 Primus

159 783 319 827 Tertiae
355 783 484 827 Partis
512 782 675 827 Titulus
700 781 760 827 XI
789 783 898 827 Libri
927 781 956 825 V
980 787 1041 826 est
1073 785 1295 839 inscriptus
1321 781 1378 826 De
1410 781 1592 835 delictis,
1618 786 1662 824 ut
1685 780 1786 825 haec

158 855 415 898 definiuntur
450 857 487 897 in
522 867 613 899 can.
649 855 776 905 2195,
810 854 838 912 ἓ
874 855 909 909 1,
944 858 1091 897 contra
1125 852 1259 910 fidem,
1292 865 1400 911 quae
1442 858 1500 896 est
1536 855 1666 910 prima
1707 855 1785 895 vir·

158 931 290 969 tutum
326 925 620 983 theologalium
655 931 852 983 tanquam
887 925 1216 978 tundamentum,
1240 937 1346 981 quae
1380 929 1594 981 patrantur
1616 924 1667 967 ab
1691 923 1785 967 hae-

162 998 298 1040 reticis
331 1001 371 1040 et
402 1000 599 1054 apostatis
634 999 671 1039 in
706 1010 796 1040 can.
825 996 948 1052 1325,
974 998 999 1050 ἓ
1033 996 1056 1039 2
1091 995 1325 1050 declaratis,
1349 985 1472 1053 atque
1505 995 1556 1038 ab
1589 994 1692 1049 aliis,
1717 997 1786 1052 qui

160 1067 343 1111 haeresis
375 1073 445 1111 aut
477 1070 709 1124 apostasiae
743 1070 964 1124 participes
998 1068 1115 1119 liunt,
1148 1072 1187 1110 el
1220 1072 1360 1110 contra
1402 1066 1608 1110 unitatem
1645 1064 1786 1109 Eccle-

159 1139 346 1194 siae‚cui
382 1139 659 1182 adversantur
692 1143 776 1182 tum
811 1138 1065 1182 schismatici
1098 1151 1170 1181 seu
1201 1138 1438 1181 scindentes
1469 1150 1575 1191 eam,
1599 1142 1684 1181 tum
1720 1137 1786 1180 alii

159 1210 420 1266 aliquatenus
461 1210 672 1254 schismati
718 1211 919 1253 faventes.
953 1235 1005 1240 —-
1041 1209 1330 1265 Principaliter
1371 1208 1659 1266 delinquentes
1697 1222 1787 1265 per-

160 1281 270 1324 cellit
303 1294 392 1326 can.
429 1282 556 1334 2314,
590 1281 687 1324 dum
733 1286 946 1337 suspectos
979 1281 1029 1324 de
1063 1280 1223 1324 haeresi
1271 1282 1498 1337 compescit
1535 1292 1624 1323 can.
1661 1279 1788 1322 2315.

159 1351 436 1395 Secundarios
469 1351 759 1409 delinquentes
792 1352 840 1395 ad
877 1363 1064 1394 normam
1101 1352 1379 1407 inscriptionis
1411 1350 1488 1394 sub
1519 1356 1651 1408 seqq.⁸
1683 1355 1790 1394 can.³

162 1435 317 1478 poenae
351 1423 646 1477 decernuntur,
671 1428 707 1466 et
733 1425 770 1465 in
796 1435 885 1466 can.
912 1422 1024 1465 2316
1061 1426 1247 1478 respectu
1282 1421 1478 1476 haeresis,
1497 1424 1536 1464 in
1561 1434 1649 1465 can.
1676 1421 1787 1464 2317

161 1492 213 1536 01)
245 1493 385 1536 salsam
421 1495 668 1541 doctrinam„
702 1507 780 1536 non
817 1492 1046 1537 formaliter
1080 1492 1344 1546 haereticam,
1369 1505 1460 1537 can.
1484 1492 1597 1536 2318
1621 1495 1789 1550 respicit

161 1563 361 1607 librorum
397 1565 636 1619 editionem,
660 1578 705 1608 ac
740 1565 908 1608 demum
943 1564 1167 1608 03112319
1201 1564 1366 1607 diversa
1402 1563 1554 1608 delicta
1578 1566 1616 1606 in
1643 1577 1685 1607 re
1710 1576 1789 1607 ma-

161 1636 399 1689 trimoniali,
448 1649 623 1693 quorum
673 1636 811 1694 aliqua
860 1639 1137 1693 suspicionem
1188 1636 1238 1679 de
1286 1635 1448 1679 haeresi
1495 1636 1788 1679 secumferunt.

162 1705 407 1750 Huiusmodi
443 1710 665 1764 praecipua
699 1708 848 1751 delicta
882 1721 1048 1764 semper
1070 1707 1254 1751 Ecclesia
1289 1712 1348 1750 est
1382 1711 1644 1764 persequuta,
1668 1711 1790 1764 atque

163 1777 296 1821 locum
333 1782 629 1822 nanciscuntur
662 1781 700 1822 in
735 1777 820 1822 Lib.
855 1778 883 1821 V
917 1778 1248 1822 authenticarum
1284 1777 1581 1822 Collectionum
1613 1777 1691 1822 sub
1723 1791 1790 1821 ru-

162 1848 310 1893 bricis:
350 1866 371 1891 «
394 1849 452 1893 De
487 1850 750 1894 haereticis»
778 1864 826 1894 ac
854 1866 876 1892 ε(
897 1850 955 1893 De
987 1849 1263 1893 schismaticis
1287 1866 1326 1891 ».
1353 1849 1511 1892 Poenae
1544 1853 1681 1892 autem
1708 1848 1792 1906 plu-

164 1920 277 1964 ribus
310 1923 347 1963 in
385 1920 497 1977 locis,
532 1923 655 1965 etiam
690 1926 806 1965 extra
842 1921 930 1964 illas
962 1919 1234 1965 Collectiones
1272 1920 1466 1974 inflictae,
1490 1921 1675 1976 digestae
1697 1925 1791 1963 sunt

162 2003 209 2034 ac
245 1991 471 2048 perpolitae
504 1993 541 2034 in
578 1994 774 2048 praefatis
806 1992 928 2035 huius
960 1991 1081 2034 Tituli
1117 1991 1289 2048 legibus.

284 2062 379 2104 151.
416 2065 667 2109 Adversus
699 2067 976 2120 apostatas,
995 2065 1273 2109 haereticos
1295 2066 1344 2109 et
1367 2064 1708 2108 schismaticos
1731 2065 1790 2104 est

165 2133 322 2176 directe
365 2134 555 2176 conditus
589 2148 679 2176 can.
713 2136 845 2177 2314.
881 2134 908 2190 ξ
942 2137 975 2177 1.
1015 2132 1165 2177 Omnes
1199 2132 1463 2176 distributive
1496 2146 1521 2174 a
1553 2131 1791 2174 christiam

164 2203 259 2259 fide,
291 2216 397 2261 quae
430 2209 490 2247 est
517 2220 539 2245 c<
562 2204 703 2247 divina
738 2211 777 2247 et
809 2204 1011 2248 catholica
1035 2220 1057 2245 »
1081 2204 1188 2260 (can.
1217 2203 1341 2257 1323,
1365 2204 1393 2261 ς’
1421 2202 1473 2260 1),
1498 2209 1537 2246 et
1563 2216 1633 2259 per
1665 2214 1788 2259 quam

169 2290 191 2315 «
215 2275 340 2318 corde
373 2275 558 2318 creditur
590 2274 639 2318 ad
675 2277 870 2318 iustitiam
895 2290 917 2315 ))
954 2275 1018 2325 (3(1
1041 2275 1155 2318 Rom.
1178 2273 1224 2326 Χ,
1251 2274 1334 2327 10),
1358 2279 1594 2331 apostalae,
1615 2287 1687 2316 seu
1721 2275 1790 2330 qui

169 2361 191 2386 «
214 2344 264 2388 31)
300 2344 365 2388 1113
401 2345 580 2388 totaliter
614 2346 856 2388 recedunt»
896 2345 1004 2402 (can.
1040 2345 1164 2399 1325,
1200 2347 1224 2399 ἓ
1258 2343 1300 2401 2)
1335 2347 1459 2387 etiam
1498 2348 1711 2387 «externe
1744 2356 1792 2387 ac

163 2429 257 2459 cum
294 2416 437 2459 morali
462 2416 778 2472 imputabilitate
795 2432 836 2464 ³),
862 2421 1000 2472 utpote
1023 2415 1323 2473 delinquentes,
1349 2428 1455 2472 quae
1489 2416 1693 2471 apostasia
1717 2426 1787 2471 ap-

168 2486 342 2543 pellatur
376 2489 503 2530 mixta
539 2488 645 2543 apud
684 2488 927 2542 moralistas,
961 2491 1084 2544 atque
1124 2486 1224 2530 haec
1271 2485 1407 2529 valent
1450 2499 1616 2544 quoque
1647 2486 1698 2528 de
1730 2498 1791 2529 se-

165 2557 400 2614 quentibus,
426 2571 597 2614 nempe:
632 2564 670 2600 et
693 2572 832 2601 onmes
855 2557 1120 2601 distributive
1143 2557 1393 2614 additurque
1416 2562 1455 2599 el
1477 2556 1638 2614 sinyuli
1659 2572 1681 2597 «
1703 2559 1792 2614 qui-

128 2622 132 2625 *
168 2628 427 2686 buscumqne
461 2629 696 2673 nominihus
729 2633 996 2673 censeantur:
1033 2629 1156 2672 iacies
1178 2628 1347 2686 quidem
1371 2628 1560 2671 diversas
1583 2627 1794 2680 habentes,

166 2699 236 2742 sed
271 2699 424 2742 caudas
458 2700 506 2743 ad
544 2701 722 2742 invicem
757 2699 984 2755 colligatas5
1019 2700 1114 2755 quia
1149 2698 1199 2741 de
1235 2700 1415 2741 vanitate
1458 2699 1711 2741 conveniunt
1757 2699 1794 2738 in

168 2770 345 2826 idipsum
371 2786 390 2811 ³>
417 2771 444 2824 ¹,
467 2770 506 2826 3)
529 2769 744 2824 haeretici,
774 2769 987 2813 videlicet:
1023 2771 1092 2826 qui
1117 2784 1135 2809 (ι
1162 2773 1249 2825 post
1284 2773 1495 2825 receptum
1532 2767 1797 2824 baptismum,

286 2924 296 2945 1
325 2924 414 2967 Cap.
450 2923 502 2965 13,
530 2923 619 2956 «De
646 2922 886 2957 haereticis»
916 2923 955 2956 in
985 2922 1100 2956 Conc.
1131 2922 1329 2958 Generali.
1359 2922 1437 2955 Tit.
1467 2921 1501 2963 7,
1531 2919 1613 2955 Lib.
1642 2919 1684 2952 V.
