1950 3313
106 178 201 215 Gan.
226 177 432 212 2275-2256
515 176 600 209 ΤιΤ.
632 176 736 209 VIII.
759 197 769 201 -
792 178 845 210 De
867 182 1001 222 poenis
1029 181 1326 213 onmia-inanium
1666 182 1729 215 155

109 311 196 342 rem
217 313 256 349 )),
282 296 502 340 diaconum
528 299 595 339 aut
620 297 945 342 sace1·‹lotcm,el
966 299 1015 341 «le
1035 298 1185 341 clerico
1209 305 1276 342 aut
1304 299 1404 341 laico
1430 299 1646 342 interdictu
1672 303 1728 342 iu-

108 368 310 425 telligitur
343 366 551 423 prohiberi
587 366 795 423 quaelibet
834 383 853 407 ((
876 370 1138 411 Sacramenta
1164 375 1199 411 ct
1225 370 1544 412 Sacramcnialia
1571 388 1590 409 »
1630 371 1731 411 reei-

106 452 207 498 pere
229 437 284 481 (ια’
305 451 497 481 normam
521 442 607 480 tum
632 451 722 481 can.
746 440 884 492 2:²60,
919 441 945 495 ς’
983 443 1015 481 1.
1051 453 1155 496 quae
1179 442 1259 496 agii
1284 440 1334 481 dc
1358 443 1729 488 cxi-omuiuuirato,

108 515 149 554 et
180 512 239 554 sic
272 509 320 552 ad
357 508 466 551 hunc
500 520 700 551 canonem
735 509 910 564 aptanda
945 514 1026 551 cst:
1066 526 1082 548 «
1110 524 1182 553 noc
1220 515 1346 565 potest
1382 511 1623 553 interdictus
1648 525 1732 567 per-

108 580 307 625 sonaliter
344 580 613 623 Sacramenta
655 581 863 635 rccipere:
900 581 980 621 imo
1017 585 1102 635 post
1137 583 1378 623 sententiam
1415 582 1729 624 deciaratoriam

109 656 179 696 aut
212 651 595 695 condemnatoriam
637 662 711 692 nec
750 649 1135 698 sacramentalia»,
1172 656 1254 693 tum
1290 664 1379 695 ‹⁷·an.
1414 655 1544 699 3361,
1579 655 1644 707 qui
1680 652 1730 694 de

108 723 468 767 administratione
501 725 625 777 atque
658 722 917 763 coniectione
941 725 1085 763 tractat
1111 724 1468 763 excommunicato
1504 722 1730 777 prohibitis,

109 798 233 851 atque
266 793 318 836 de
353 793 588 848 receptione
620 790 868 834 coi-relativa
904 791 1101 835 lidelium.

227 864 294 908 Sic
311 862 517 920 aptandus
536 866 596 905 est
614 863 764 905 citatus
782 861 848 904 liic
871 874 1000 905 canon
1021 862 1070 904 ad
1092 861 1221 916 illum,
1245 875 1365 919 quem
1391 867 1729 905 comincutamur.

114 936 187 994 «ξ
221 936 258 978 1.
294 933 542 978 Prohibetur
576 932 847 990 personaliter
881 933 1123 975 interdictus
1157 933 1264 975 licite
1297 934 1557 976 Sacramenta
1592 939 1629 975 et
1663 936 1729 976 Sa-

110 1004 380 1052 cramentalia
413 1005 620 1048 conticere
663 1009 703 1047 et
746 1005 994 1057 ministrare,
1028 1003 1154 1046 salvis
1191 1002 1504 1060 exceptionibus
1536 1016 1638 1059 quae
1672 1018 1730 1046 se-

110 1082 308 1136 quuntur.
345 1102 398 1106 —
431 1078 456 1130 g
490 1076 527 1118 ⁶2.
564 1074 739 1129 Fideles,
770 1075 886 1118 salvo
932 1076 1183 1130 praescripto
1216 1074 1243 1131 ξ
1276 1074 1313 1127 3,
1350 1079 1513 1130 possunt
1553 1088 1600 1116 ex
1634 1088 1731 1130 qua-

110 1149 212 1193 libet
244 1151 349 1192 iusta
393 1159 517 1190 causa
561 1146 612 1190 ab
656 1145 874 1189 interdicto
915 1144 1184 1202 personaliter
1224 1146 1487 1187 Sacramenta
1522 1150 1558 1186 et
1592 1146 1731 1186 Sarra-

112 1219 306 1264 mentalia
342 1223 496 1276 petere,
531 1219 713 1260 maxime
746 1219 777 1260 si
812 1217 879 1260 alii
916 1218 1090 1259 ministri
1114 1216 1261 1267 desint,
1286 1220 1322 1258 ct
1349 1219 1443 1257 tunc
1470 1215 1734 1270 personaliter

112 1291 358 1334 interdictus
392 1291 614 1346 requisitus
659 1292 790 1344 potest
832 1287 976 1330 eadem
1024 1289 1257 1329 ministrare
1297 1298 1427 1342 neque
1463 1285 1540 1328 ulla
1578 1290 1735 1328 tenetur

112 1361 366 1418 obligatione
399 1371 566 1404 causam
612 1371 633 1402 a
678 1360 914 1415 requirente
950 1356 1229 1413 percontandi.
1263 1382 1319 1385 —
1349 1357 1376 1413 ξ
1410 1355 1446 1399 3.
1482 1355 1558 1398 Sed
1594 1354 1643 1397 ab
1678 1358 1734 1397 in-

111 1433 298 1477 terdictis
332 1429 616 1488 personaliter,
653 1434 869 1486 postquam
906 1429 1133 1471 intercessit
1167 1428 1367 1469 sententia
1401 1425 1734 1467 condemnatoria

111 1506 183 1547 aut
215 1501 503 1555 declaratoria‚
539 1499 682 1543 fideles
717 1502 754 1542 in
789 1499 875 1542 solo
901 1500 1043 1541 mortis
1067 1497 1250 1554 periculo
1280 1500 1444 1552 possunt
1481 1500 1616 1551 petere
1652 1499 1732 1537 tum

111 1573 413 1618 absolutionem
447 1571 792 1616 sacramentalem
819 1571 868 1614 ad
893 1582 1080 1612 normam
1106 1581 1194 1612 can.
1221 1567 1317 1622 88⁶3,
1339 1567 1463 1616 9252,
1490 1572 1572 1609 tum
1599 1569 1734 1615 etiam,

112 1648 145 1689 si
189 1645 256 1688 alii
298 1645 433 1688 desint
476 1645 667 1699 ministri,
702 1647 838 1686 cetera
883 1642 1147 1685 Sacramenta
1181 1643 1219 1682 et
1253 1637 1634 1683 sacramentalia».
1673 1636 1733 1678 Di-

114 1729 262 1760 versae
295 1715 419 1758 huius
451 1716 621 1758 canonis
654 1713 865 1758 clausulae
900 1715 936 1755 in
972 1725 1019 1755 eo
1053 1711 1142 1754 loco
1175 1709 1407 1753 declaratae
1442 1710 1617 1750 luerunt.

231 1788 295 1831 35³
332 1785 600 1843 Praescripto
634 1799 724 1828 ean.
758 1786 884 1827 2:265
917 1788 1013 1826 tunc
1047 1781 1255 1825 declarato
1287 1780 1411 1822 etiam
1449 1779 1529 1836 ipsi
1556 1795 1576 1817 «
1601 1792 1734 1834 perso-

114 1858 262 1903 naliter
295 1857 502 1901 interdicti
527 1872 549 1897 »
587 1855 930 1913 adstrivywvtur,
966 1856 1003 1896 in
1048 1866 1129 1911 quo
1171 1853 1321 1895 sufficit
1366 1855 1523 1892 mutare
1565 1848 1739 1894 verbum·

118 1946 141 1971 «
163 1930 551 1974 excommunicatus
573 1943 595 1968 ›>
634 1929 672 1970 in
707 1927 786 1970 alia
826 1943 846 1967 α
871 1924 1141 1982 personaliter
1175 1922 1416 1965 interdictus
1441 1936 1458 1960 n
1488 1925 1523 1963 et
1549 1922 1735 1962 omittere

114 2002 153 2044 in
185 2000 231 2059 §⁰
266 2000 309 2043 ⁶20
349 1999 474 2043 verba
512 2000 918 2042 «excommunicato
945 1995 1111 2039 vitando
1139 1993 1199 2036 vel
1225 1992 1276 2036 ab
1299 1992 1378 2035 alio
1401 2007 1441 2044 n,
1475 1996 1596 2046 atque
1623 2002 1733 2044 prae-

112 2074 312 2128 scriptum
347 2069 423 2114 sul)
457 2069 535 2113 hoc
570 2083 607 2112 n.
643 2069 686 2112 30
721 2073 828 2112 esset
860 2065 1206 2110 substituendum.

231 2141 293 2184 4⁰
331 2140 485 2184 Carent
519 2139 740 2198 sepultura
773 2136 1057 2181 ecelesiastica
1081 2134 1136 2178 ad
1168 2147 1357 2177 normam
1381 2146 1470 2174 ran.
1498 2133 1628 2181 1:²45),
1650 2130 1677 2186 ς’
1701 2132 1735 2182 J,

113 2227 153 2257 η.
186 2215 218 2256 2
249 2212 305 2256 ibi
338 2211 604 2269 explicatam,
641 2210 857 2254 videlicet:
897 2225 915 2249 «
944 2205 1213 2265 personaliter
1236 2204 1439 2247 interdicti
1468 2206 1551 2258 post
1576 2206 1734 2243 senten-

115 2285 213 2327 tiam
247 2283 631 2327 condemnatoriam
670 2280 733 2325 vel
770 2279 1086 2324 declarator-iam
1113 2293 1149 2319 >›.

237 2353 333 2397 104.
368 2355 442 2400 De
475 2355 904 2400 Sacramentorum
949 2350 1230 2405 receptione
1278 2348 1381 2391 sine
1428 2344 1735 2388 absolutione

114 2428 179 2470 ab
213 2427 489 2471 interdicto.
525 2450 577 2455 ——
617 2423 711 2478 Qui,
733 2423 877 2476 laicus,
912 2420 1088 2464 clericus
1125 2418 1185 2460 vei
1223 2416 1451 2471 religiosus,
1479 2415 1538 2454 xir
1562 2417 1628 2454 aut
1655 2424 1737 2453 inu-

116 2495 204 2551 lier,
238 2494 522 2550 &interdicto
556 2494 685 2538 locali
726 2494 921 2551 quamvis
958 2489 1139 2547 generali
1175 2487 1215 2544 lJ)
1252 2486 1311 2528 rel
1346 2483 1565 2527 interdicto
1601 2485 1734 2524 unius-

115 2568 318 2624 cuiusque
351 2579 399 2609 ex
435 2565 585 2622 triplici
623 2565 744 2608 modo
778 2564 821 2606 in
856 2561 1190 2605 communitatem
1225 2571 1295 2599 seu
1329 2554 1545 2611 eelleyz'um
1571 2552 1618 2595 ad
1646 2565 1733 2593 nor-

117 2650 227 2681 mam
261 2649 352 2681 can.
388 2637 499 2680 2274
534 2635 685 2689 subest,
719 2649 767 2678 eo
800 2634 908 2691 quod
937 2632 1044 2674 illius
1068 2631 1143 2672 loci
1178 2631 1226 2671 sit
1267 2644 1284 2667 «
1313 2625 1440 2668 incola
1472 2641 1486 2663 »
1529 2623 1588 2665 xel
1629 2638 1646 2659 α
1672 2621 1736 2662 ad-

119 2720 223 2752 vena
246 2724 268 2749 ))
306 2707 413 2764 (can.
448 2706 537 2764 91),
571 2711 641 2750 aut
675 2706 796 2749 huius
829 2703 1136 2747 communitatis
1179 2712 1249 2741 seu
1294 2697 1453 2749 collegii
1492 2692 1735 2737 lucinia-um,

114 2778 191 2822 sub
234 2776 505 2835 sequentibus
552 2774 883 2820 conditionibus:
928 2773 968 2829 a)
1001 2771 1098 2828 quin
1133 2768 1262 2811 eidem
1300 2766 1513 2808 interdicto
1551 2762 1732 2804 alterutri

115 2863 287 2892 causam
319 2847 498 2902 dederit,
533 2860 704 2904 nempe:
740 2858 819 2889 non
853 2847 904 2888 sit
936 2854 1111 2886 conreus
1134 2839 1270 2882 delicti
1309 2836 1373 2878 tali
1411 2847 1534 2890 poena
1573 2830 1735 2873 medici-

116 2920 197 2964 nali
232 2925 302 2964 aut
338 2919 589 2963 vintlicativa
617 2917 817 2970 mulctati,
843 2915 884 2972 b)
913 2928 984 2956 net·
1017 2911 1104 2953 alia
1134 2922 1308 2951 cenaverat
1333 2906 1406 2948 sul)
1432 2910 1511 2946 loto
1537 2903 1609 2944 lior
1635 2915 1731 2955 crgo
