1950 3313
607 162 692 197 Τιτ.
718 161 782 196 VI.
808 181 824 189 -
849 161 905 196 De
930 162 1288 207 dispensationibus

1702 161 1769 196 173

789 412 1021 450 TITULUS
1055 413 1121 449 VI.

686 536 750 578 De
783 536 1218 591 dispensationibus.

180 694 264 731 CAN.
293 694 351 730 80.
382 715 398 719 -
430 693 660 740 Dispensatio,
687 705 746 730 seu
775 695 858 740 legis
877 695 910 729 in

133 753 220 778 casu
247 741 388 788 speciali
417 741 592 781 relaxatio,
623 742 764 777 concedi
806 746 913 788 potest

132 800 153 825 a
179 790 358 826 conditore
388 789 483 834 legis,
522 788 566 824 ab
604 789 678 824 eius
716 799 914 825 successore

132 837 184 872 vel
213 836 410 883 Superiore,
441 847 504 871 nec
538 847 607 871 non
634 836 678 871 ab
706 836 764 872 illo
789 836 843 872 cui
872 837 910 871 ii-

127 884 207 919 dem
236 885 435 919 facultatem
469 883 698 930 dispensandi
731 895 907 919 concesse-

128 936 211 966 rint.

176 977 262 1014 CAN.
293 977 348 1025 81.
378 998 394 1005 -
425 978 448 1013 Α
477 978 700 1023 generalibus
740 978 910 1014 Ecclesiae

131 1026 266 1070 legibus
294 1025 473 1061 Ordinarii
495 1025 587 1060 infra
607 1025 801 1061 Romanum
825 1025 908 1061 Pon-

130 1073 259 1109 tificem
278 1073 482 1119 dispensare
503 1077 692 1119 nequeunt,
713 1084 756 1108 ne
776 1073 811 1107 in
828 1084 908 1108 casu

127 1121 271 1166 quidem
312 1120 490 1167 peculiari,
530 1120 596 1155 nisi
637 1120 721 1155 haec
761 1125 910 1164 potestas

126 1169 258 1204 eisdem
280 1168 381 1203 fuerit
399 1167 560 1214 explicite
579 1168 629 1203 vel
647 1167 815 1214 implicite
832 1179 910 1203 con-

127 1226 236 1255 cessa,
265 1220 325 1250 aut
354 1215 418 1249 nisi
439 1215 590 1250 dillicilis
616 1214 659 1249 sit
686 1226 847 1250 recursus
866 1216 908 1250 ad

129 1261 296 1298 Sanctam
324 1261 449 1298 Sedem
475 1267 509 1297 et
535 1262 639 1296 simul
668 1262 702 1296 in
744 1273 836 1298 mora
865 1263 909 1297 sit

130 1310 324 1356 periculum
351 1310 468 1355 gravis
494 1309 630 1345 damni.
651 1314 683 1344 et
701 1309 743 1344 de
770 1309 910 1356 dispen-

126 1357 261 1392 satione
286 1363 411 1402 agatur
437 1368 527 1403 quae
552 1368 573 1391 a
599 1356 686 1392 Sede
712 1357 908 1402 Apostolica

127 1404 270 1440 concedi
298 1404 396 1440 solet.

173 1450 257 1487 CAN.
287 1449 345 1486 8⁵2.
377 1473 393 1477 -
423 1451 579 1498 Episcopi
599 1451 728 1497 aliique
756 1451 907 1487 locorum

54 1531 62 1539 ,
126 1497 307 1535 Ordiuarii
335 1499 540 1545 dispensare
568 1499 683 1534 valent
709 1498 744 1533 in
775 1498 909 1544 legibus

125 1546 345 1582 dioecesanis
399 1551 431 1582 et
487 1547 523 1581 in
579 1546 714 1591 legibus
760 1546 906 1582 Concilii

126 1593 353 1640 provincialis
384 1605 423 1629 ae
469 1594 614 1640 plenarii
659 1594 702 1629 ad
745 1605 906 1629 normam

125 1651 204 1676 ean.
239 1639 322 1682 291,
360 1645 380 1683 ξ
423 1640 456 1680 ⁴2,
498 1652 568 1676 non
620 1652 698 1676 vero
748 1641 784 1676 in
826 1642 906 1686 legi-

126 1688 190 1723 bus
229 1699 318 1734 quas
369 1688 552 1735 speciatim
592 1688 710 1723 tulerit
731 1688 907 1724 Romanus

989 694 1145 730 Pontifex
1186 706 1245 741 pro
1284 695 1341 730 illo
1382 695 1545 741 peculiari
1585 695 1766 734 territorio,

990 742 1055 777 nisi
1084 743 1125 777 ad
1154 753 1315 777 normam
1342 753 1420 777 can.
1446 740 1505 776 81.

1037 788 1122 825 CAN.
1153 788 1210 824 83.
1240 809 1261 816 -
1290 789 1429 825 Parochi
1459 800 1522 825 nec
1560 800 1579 824 a
1608 790 1679 834 lege
1710 799 1766 833 ge-

987 837 1095 872 nerali
1137 848 1198 872 nec
1224 848 1244 872 a
1271 837 1343 881 lege
1372 837 1533 882 peculiari
1562 836 1766 882 dispensare

987 884 1114 924 valent.
1143 884 1207 918 nisi
1233 884 1316 919 haec
1346 889 1494 930 potestas
1512 894 1671 930 expresse
1700 883 1765 918 eis-

982 932 1059 967 dem
1087 942 1251 967 concessa
1277 933 1333 966 sit.

1032 979 1115 1014 CAN.
1143 978 1200 1013 84.
1228 999 1244 1004 -
1274 983 1293 1021 ξ
1324 979 1352 1013 l.
1384 979 1409 1013 Α
1440 979 1513 1023 lege
1531 977 1765 1013 ecclesiastica

985 1037 1028 1061 ne
1054 1026 1277 1072 dispensetur
1303 1026 1379 1061 sine
1399 1026 1488 1061 iusta
1507 1030 1538 1060 et
1566 1025 1763 1060 rationabili

983 1084 1100 1113 causa,
1127 1073 1246 1108 habita
1272 1073 1408 1109 ratione
1434 1073 1615 1117 gravitatis
1644 1072 1727 1116 legis
1745 1083 1763 1107 a

983 1132 1051 1166 qua
1078 1120 1322 1166 dispensatum
1360 1121 1447 1155 alias
1481 1119 1696 1165 dispensatio
1721 1119 1764 1154 ab

985 1168 1147 1203 inferiore
1173 1168 1254 1203 data
1281 1168 1402 1202 illicita
1429 1172 1461 1203 et
1490 1167 1643 1202 invalida
1675 1172 1736 1201 est.

1031 1220 1049 1257 ς’
1077 1215 1109 1249 ⁶2.
1138 1215 1361 1261 Dispensatio
1389 1215 1421 1249 in
1451 1215 1557 1249 dubio
1592 1214 1633 1249 de
1671 1215 1763 1248 sulli-

983 1263 1112 1298 cientia
1138 1273 1262 1298 causae
1290 1262 1382 1297 licite
1414 1262 1541 1308 petitur
1578 1267 1608 1297 et
1655 1266 1761 1307 potest

984 1310 1076 1345 licite
1101 1315 1133 1345 et
1161 1310 1273 1345 valide
1299 1310 1453 1345 concedi.

1030 1356 1114 1392 CAN.
1144 1356 1201 1391 85.
1234 1378 1250 1382 -
1278 1356 1425 1392 Strictae
1451 1356 1567 1391 subest
1596 1356 1761 1401 interpre-

982 1404 1103 1440 tationi
1133 1415 1201 1439 non
1230 1405 1341 1440 solum
1370 1404 1584 1450 dispensatio
1609 1405 1650 1439 ad
1686 1414 1761 1438 nor-

984 1463 1076 1487 mam
1104 1463 1183 1487 can.
1215 1450 1272 1493 2¹50,
1296 1452 1354 1487 sed
1382 1452 1528 1498 ipsamet
1550 1451 1694 1486 facultas
1712 1450 1762 1485 di-

982 1499 1172 1545 spensandi
1199 1499 1242 1534 ad
1269 1504 1402 1534 certum
1429 1510 1547 1534 casnm
1582 1509 1758 1533 concessa.

1029 1546 1111 1582 Cis.
1139 1546 1196 1581 86.
1221 1568 1236 1572 -
1260 1547 1479 1592 Dispensatio
1497 1557 1585 1592 quae
1612 1551 1759 1581 tractum

982 1594 1085 1629 babet
1111 1594 1358 1633 successivum.
1377 1598 1488 1629 cessat
1508 1594 1629 1629 iisdem
1651 1593 1761 1628 modis

981 1642 1108 1687 quibus
1137 1641 1370 1687 privilegium.
1400 1652 1462 1677 nec
1492 1652 1561 1676 non
1603 1645 1695 1676 certa
1722 1651 1759 1675 ac

980 1689 1076 1724 totali
1104 1689 1295 1724 cessatione
1320 1700 1444 1724 causae
1472 1689 1627 1723 motivae.

426 1823 465 1826 -
494 1801 588 1837 notio
614 1805 645 1837 et
672 1812 692 1836 a
713 1812 781 1847 quo
806 1802 886 1837 illae
912 1801 986 1837 dari
1013 1806 1159 1847 queunt,
1598 1801 1685 1836 (Ian.
1716 1799 1759 1834 8⁰

749 1914 795 1947 3—
828 1907 885 1949 per
910 1893 1012 1932 Ordi-
1046 1918 1096 1937 ¹—
1123 1907 1143 1931 a
1168 1895 1391 1940 generalibus
1419 1895 1551 1940 legibus
1639 1911 1652 1926 υ
1715 1893 1752 1929 81

159 1990 296 2026 Titulus
318 1991 369 2026 vl.
416 1974 466 2016 3-—
481 1990 715 2026 concedendis
777 1955 893 1978 nanos
1046 2000 1093 2015 ¹—
1124 1991 1157 2025 in
1187 1990 1320 2035 legibus
1349 1990 1581 2036 peculiaribus
1638 2005 1650 2020 υ
1714 1989 1757 2024 82

127 2038 174 2074 De
189 2039 382 2092 flispensa—
446 2039 497 2074 vel
524 2049 622 2074 secus
695 2047 749 2096 q}

173 2087 329 2122 tionibus
361 2108 401 2111 -
755 2108 794 2111 -—
826 2097 884 2132 per
911 2086 1076 2133 parochos
1636 2101 1647 2115 υ
1712 2083 1754 2118 83

744 2165 793 2205 1³—
821 2180 954 2216 ratione
979 2191 1103 2216 causae
1633 2194 1646 2210 υ
1711 2175 1750 2211 84

421 2298 462 2300 -
490 2276 763 2322 interpretandis
788 2287 866 2311 cnm
896 2280 1061 2321 potestate
1088 2275 1313 2321 dispensandi
1635 2289 1648 2303 »
1710 2272 1754 2307 835

423 2393 464 2396 —
492 2371 605 2418 quoad
634 2382 753 2407 earum
780 2369 1009 2406 cessationem
1634 2384 1647 2397 υ
1711 2367 1753 2399 86

247 2483 344 2527 148.
380 2487 637 2542 Inscriptio
670 2485 834 2530 Tituli.
867 2482 949 2526 lani
985 2481 1044 2525 est
1077 2481 1404 2525 considerandus
1443 2480 1604 2523 Titulus
1636 2479 1686 2522 Π
1716 2484 1753 2523 et

126 2552 294 2597 ultimus
329 2554 437 2598 Libri
472 2554 487 2597 l
522 2557 744 2611 inscriptus
776 2553 833 2597 De
855 2552 1252 2611 dispensalt'om'bus,
1278 2552 1386 2609 quod
1415 2551 1585 2595 verbnm
1617 2566 1637 2591 «
1663 2565 1752 2606 pro-

125 2626 213 2680 prie
256 2626 451 2681 importat
496 2627 945 2669 commensurationem
990 2624 1165 2667 alicuius
1207 2624 1440 2666 communis
1483 2622 1532 2665 ad
1577 2621 1752 2677 singula.

128 2694 242 2738 Unde
290 2697 413 2738 etiam
469 2695 722 2752 gubernator
764 2694 944 2738 familiae
988 2694 1140 2737 dicitur
1182 2693 1453 2749 dispensator,
1482 2694 1518 2734 in
1553 2695 1751 2748 quantuni

128 2767 352 2822 unicuique
385 2765 436 2808 de
469 2765 621 2808 familia
655 2778 749 2809 cum
786 2765 967 2821 pondere
1000 2769 1037 2807 et
1072 2775 1266 2806 mensura
1299 2761 1505 2805 ‹listi-ibuit
1541 2767 1576 2804 el
1613 2774 1752 2816 opera-

123 2839 255 2879 tiones
288 2841 328 2879 et
361 2838 594 2879 necessaria
631 2838 751 2878 vitae.
786 2837 851 2878 Sic
887 2837 1011 2891 igitur
1045 2839 1083 2877 et
1119 2836 1155 2876 in
1191 2846 1454 2890 quacumque
1490 2831 1751 2874 multitudine

123 2921 175 2951 ex
208 2920 256 2950 eo
289 2906 442 2949 dicitur
474 2906 623 2963 aliquis
655 2906 907 2961 dispensare,
932 2907 1028 2962 quia
1062 2904 1223 2947 ordinat
1248 2903 1424 2960 qualiter
1447 2902 1611 2959 aliquod
1638 2914 1748 2944 coni·
