1950 3313
153 170 199 203 54
616 167 699 201 LIB.
727 167 772 200 V.
803 186 814 192 -
842 166 952 200 PARS
977 166 1029 200 II.
1059 186 1071 191 —
1098 166 1156 201 De
1175 170 1314 212 poenis
1457 166 1550 202 Can.
1577 166 1781 202 2218-2219

153 291 287 332 torsan
322 293 607 344 sequutorum.
644 286 748 329 Hinc
780 286 830 329 ad
867 285 966 329 illud
1012 300 1089 329 non
1130 292 1190 330 est
1223 287 1337 331 locus
1369 287 1415 345 ἕο
1450 287 1492 330 10
1527 299 1615 330 cau.
1654 288 1778 341 1938,

151 373 232 416 quo
266 359 459 401 edicitur:
491 372 511 397 «
534 357 574 399 lu
601 369 723 399 eausa
749 359 993 400 iniuriarum
1019 362 1088 400 aut
1112 348 1424 412 diffamationis,
1446 363 1486 401 nt
1511 360 1617 401 actio
1641 360 1778 401 crimi-

153 429 254 471 nalis
288 431 536 472 instituatur.
573 429 798 484 requiritur
831 430 998 483 praevia
1034 428 1299 472 denunciatio
1337 434 1407 472 aut
1449 428 1618 486 querela
1653 431 1780 484 partis

153 500 259 542 lesae
284 515 321 544 n,
358 500 432 540 nisi
469 497 569 540 haec
604 500 771 541 iuvetur
803 501 991 555 sequenti
1026 501 1050 553 ᾖ
1083 498 1106 541 3
1141 501 1408 555 exceptione:
1444 499 1530 542 uisi
1563 513 1647 541 mm
1676 512 1780 556 pars

152 582 294 613 earnm
327 568 403 611 sibi
431 571 608 611 invicem
636 570 919 612 nuntiantium
951 575 1127 627 propter
1161 569 1359 612 utiliorem
1391 569 1602 612 moraliter
1623 575 1778 612 certam

154 640 340 681 inim-iae
372 638 422 681 ab
455 638 599 681 eadem
633 641 735 695 parti
769 639 886 682 alteri
923 642 1002 682 iam
1038 639 1188 682 illatae
1219 640 1409 683 omnibus
1446 640 1666 698 perpensis
1699 640 1779 682 eir-

152 709 419 751 cumstantiis
449 709 703 766 yravitalem
737 709 937 752 (luminari
971 723 1042 766 per
1075 713 1318 753 sententiam
1354 710 1514 764 debeatf
1534 710 1780 767 applicando

153 781 285 836 legem
321 780 549 836 poenalem,
583 793 629 823 ac
661 779 877 822 deminuta
903 780 954 824 ob
980 783 1171 823 iniuriam
1208 785 1428 837 receptam.
1449 782 1487 824 si
1509 795 1630 824 casus
1653 780 1780 839 ferat,

153 851 261 909 qnod
296 853 491 907 supponit
525 864 603 893 non
638 864 802 906 semper
826 853 877 893 ita
912 851 1148 894 faciendum
1183 865 1283 905 esse,
1304 865 1443 909 poena.
1468 866 1637 908 nempe:
1668 868 1687 892 ((
1711 852 1779 895 (le-

154 925 416 965 terminata»
455 922 561 979 (can.
601 922 728 973 2217,
758 922 786 979 ξ
824 923 858 976 l,
897 921 968 977 1⁰).
1728 977 1732 982 Α

272 993 324 1035 36
377 994 448 1039 De
492 1007 761 1050 poenarum
803 995 1225 1050 interpretatione,
1259 997 1342 1035 tum
1390 993 1479 1049 lege
1521 998 1784 1045 statutarum,

153 1069 239 1106 tum
274 1064 523 1106 inflictarum
561 1077 642 1117 reo,
679 1068 763 1105 tum
801 1063 1146 1119 imponendarum
1184 1066 1222 1105 in
1257 1062 1435 1117 casibus,
1459 1077 1626 1106 normas
1661 1064 1784 1106 tradit

152 1148 243 1176 caiz.
279 1136 400 1177 2919
433 1134 509 1177 sub
534 1133 666 1177 tribus
689 1134 876 1177 relativis
899 1134 1183 1190 paragraphis.
1216 1134 1243 1191 ξ
1277 1137 1298 1176 1
1332 1137 1540 1190 expressis
1566 1133 1703 1177 verbis
1727 1147 1785 1177 re-

153 1206 229 1248 fert
265 1219 347 1261 reg.
384 1205 437 1247 49
474 1207 573 1247 iuris
618 1207 655 1247 in
697 1205 755 1259 60,
800 1207 919 1247 cuius
962 1207 1307 1248 commentarium
1358 1207 1466 1261 apud
1517 1204 1781 1248 Reiffeustnel

152 1275 327 1332 aliisque
363 1275 544 1331 probatis
581 1275 691 1318 Sexti
738 1275 1014 1318 Decretalium
1060 1275 1466 1319 Commentatorihns
1499 1275 1601 1318 disci
1637 1281 1780 1332 potest.

155 1346 200 1389 Ιιι
231 1346 378 1404 poenis
412 1346 502 1402 lege
535 1349 709 1400 statutis,
745 1360 815 1389 sen
854 1351 1071 1402 praecepto
1115 1349 1374 1389 sententiare
1418 1348 1637 1402 expressis,
1671 1345 1782 1389 beni-

150 1417 289 1474 ym'or‚
324 1431 371 1459 eo
404 1417 513 1473 quod
554 1417 690 1459 «odia
738 1419 930 1473 restringi
975 1419 1233 1470 convenit»,
1277 1422 1319 1460 ut
1361 1419 1417 1460 ait
1476 1431 1560 1473 reg.
1597 1417 1649 1460 15
1684 1419 1784 1460 iuris

155 1491 192 1530 in
228 1487 287 1541 6⁰,
319 1493 380 1530 est
412 1487 726 1545 interpretatio,
759 1487 981 1531 cuiuslibet
1025 1487 1137 1531 dubii
1185 1490 1340 1530 motivo
1373 1487 1572 1545 facienda
1606 1501 1782 1544 semper,

153 1563 238 1601 tum
274 1560 383 1601 circa
418 1571 626 1613 personas,
663 1571 726 1600 res
759 1563 828 1601 aut
863 1558 948 1601 loca
983 1557 1059 1601 sub
1093 1571 1250 1601 canone
1277 1558 1437 1614 poenali
1467 1563 1673 1612 contenta,
1697 1563 1781 1601 tum

153 1631 264 1672 circa
298 1628 438 1671 delicti
472 1629 742 1682 conditiones,
767 1634 852 1671 tum
888 1631 999 1671 circa
1035 1642 1189 1684 poenae
1222 1628 1506 1673 acerbitatem.
1534 1631 1785 1684 proprietate

156 1699 379 1742 verborum
413 1701 652 1756 ceteroquin
688 1705 866 1743 servata.
902 1699 1148 1755 Exemplum
1184 1699 1301 1742 nobis
1334 1699 1451 1742 oflert
1484 1712 1572 1755 cap.
1610 1699 1662 1741 ⁶22
1693 1699 1785 1742 «de

154 1770 356 1813 electione
390 1775 429 1812 et
462 1769 582 1813 electi
618 1775 817 1825 potestate
842 1786 860 1809 )>
900 1769 947 1826 (1,
973 1772 1013 1820 6)
1039 1772 1076 1812 iu
1103 1769 1160 1814 6⁰.
1197 1770 1236 1812 ln
1262 1783 1309 1812 eo
1334 1769 1566 1812 Bonifacius
1593 1767 1676 1811 Vlll
1702 1771 1784 1811 ait:

160 1857 177 1880 «
203 1841 408 1883 Statutum
445 1840 510 1883 fel.
547 1853 626 1883 rec.
661 1839 849 1895 Gregorii
878 1840 946 1882 PP.
975 1839 1007 1882 X
1044 1840 1377 1896 praedecessoris
1401 1842 1527 1882 nostri
1552 1839 1604 1882 de
1628 1839 1690 1881 his
1713 1841 1784 1896 qui

153 1911 204 1954 ad
241 1910 539 1967 parochialium
575 1911 846 1954 ecclesiarum
885 1913 1066 1967 regimen
1102 1915 1370 1954 assumuntur
1404 1910 1698 1966 promovendis
1732 1909 1783 1952 ad

153 1981 430 2025 sacerdotium
458 1983 560 2024 int'ra
586 1994 755 2034 anunm,
775 1981 956 2038 alioquin
982 1982 1136 2025 eisdem
1163 1981 1349 2024 ecclesiis
1367 1983 1445 2023 siut
1467 1983 1639 2037 privati:
1665 1978 1782 2032 Quod

153 2066 247 2095 cnm
273 2055 323 2094 sit
350 2051 534 2108 poenale,
562 2054 751 2107 restringi
778 2055 913 2108 potins
935 2054 1147 2107 convenit,
1170 2064 1292 2108 quam
1330 2051 1482 2094 laxari:
1521 2050 1786 2094 Declaramus

153 2123 203 2166 ad
239 2123 478 2179 collegiatas
511 2122 708 2166 ecclesias
741 2123 909 2179 (nomen
945 2122 1143 2166 hahentes
1177 2121 1424 2178 proprium),
1459 2124 1582 2164 etiam
1617 2123 1648 2163 si
1683 2121 1785 2164 alias

155 2193 413 2249 parochiales
445 2196 669 2243 extiterint,
694 2199 732 2236 et
766 2198 999 2248 assumptos
1032 2193 1082 2236 ad
1109 2206 1252 2236 earum
1280 2195 1464 2248 regimen
1493 2205 1569 2234 non
1595 2192 1777 2236 extendi:

152 2263 224 2306 sed
259 2266 427 2320 antiqua
465 2266 552 2306 iura
587 2265 746 2306 servari
781 2264 934 2306 debere
971 2267 1105 2318 potius
1140 2265 1177 2305 in
1213 2262 1369 2305 eisdem
1391 2278 1429 2303 )).

274 2333 584 2390 Paragraphum
621 2336 798 2389 primum
824 2347 912 2376 esse
936 2346 1102 2389 quoque
1135 2332 1448 2388 intelligendum
1473 2333 1524 2375 de
1550 2334 1690 2387 poenis
1716 2345 1788 2388 per

152 2407 398 2448 sententiam
433 2409 500 2447 aut
537 2410 805 2460 praeceptum
841 2406 1062 2460 expressis.
1098 2404 1213 2458 Quae
1249 2405 1532 2458 interpretatio
1565 2403 1785 2445 contirma-

155 2481 234 2529 tur,
267 2488 315 2518 eo
349 2475 458 2532 quod
492 2475 760 2518 adversative
796 2476 967 2530 incipiat
999 2474 1026 2531 ξ
1057 2476 1088 2516 ⁶3
1120 2474 1171 2516 de
1211 2473 1289 2516 illis
1326 2478 1525 2515 statuens.
1560 2474 1612 2515 A(
1645 2473 1683 2515 si
1713 2472 1788 2515 (lu-

153 2546 309 2588 bilelur
343 2548 540 2599 taxante,
576 2551 716 2587 utrum
746 2559 882 2603 poena
909 2544 1118 2601 quaelihet
1142 2546 1356 2597 canonica,
1377 2559 1401 2585 (ι
1427 2543 1659 2601 Saperiore
1682 2557 1785 2586 com-

153 2622 318 2674 petente
352 2616 530 2674 z‘usli'eta,
556 2616 617 2659 vel
646 2630 717 2671 per
740 2618 1004 2665 sententiam,
1023 2618 1054 2657 si
1080 2620 1167 2658 erat
1203 2616 1398 2658 ferendae
1432 2617 1674 2666 sententiae,
1697 2616 1787 2657 sive

155 2687 204 2731 ad
243 2687 409 2730 modum
448 2690 655 2743 praecepti
708 2687 983 2743 particularis,
1017 2691 1148 2729 stante
1192 2688 1310 2742 gravi
1356 2699 1520 2743 quoqne
1563 2685 1689 2729 (lubio
1732 2684 1788 2726 sit

156 2758 285 2810 iusta,
318 2772 457 2809 necne,
493 2758 616 2802 idest:
665 2760 776 2801 iuxta
828 2758 959 2813 legem
1012 2756 1240 2813 poenalem,
1275 2756 1425 2799 delicto
1460 2758 1784 2813 proportiouata,

155 2842 250 2871 cnm
285 2841 426 2871 errore
451 2829 559 2877 sacti,
592 2841 744 2885 poena,
767 2833 978 2885 tamquam
1005 2830 1182 2881 incursa,
1211 2826 1419 2869 servanda
1445 2832 1505 2869 est
1534 2827 1576 2869 in
1614 2831 1788 2881 utroque

161 2898 256 2956 foro
291 2912 362 2955 pro
397 2912 478 2956 qno
510 2901 754 2955 supponitur
779 2899 944 2953 inflicta,
970 2900 1106 2953 aginn-
1130 2911 1277 2953 nempe
1310 2898 1360 2940 de
1395 2900 1536 2954 poenis
1564 2898 1785 2949 caminicis,
