1950 3313
131 144 153 177 4
810 140 1088 175 INTRODUcmo

133 263 440 319 profluentium,
465 265 566 315 etc.3
601 265 639 302 et
672 262 731 303 sic
766 259 975 316 loquimur
994 259 1044 302 de
1065 261 1152 302 iure
1186 261 1398 313 canonico⁷
1424 259 1475 303 de
1509 262 1597 303 iure
1630 260 1761 313 civili,

133 334 182 376 de
218 335 304 375 iure
338 335 523 378 naturae,
560 335 638 373 etc.
966 384 967 387 Ἰ

247 402 283 460 f)
316 400 575 458 Quandoque
609 400 784 444 ulterius
803 403 1006 455 accipitur
1030 403 1092 444 ius
1116 415 1188 457 pro
1212 401 1301 445 loco
1336 403 1373 444 in
1408 414 1490 459 quo
1509 401 1758 461 litigantium

131 477 281 531 cuique
314 472 422 529 quod
457 485 578 515 suum
611 476 671 515 est
706 472 970 515 adiudicatur
1002 471 1053 515 ab
1087 485 1148 527 eo,
1183 474 1253 530 qui
1290 485 1438 515 munus
1472 472 1683 528 publicum
1718 475 1756 515 in

128 547 323 588 societate
356 547 536 587 exercet.
561 543 697 600 Atque
733 542 808 586 boc
842 556 964 586 sensu
998 542 1197 599 Ulpianus
1230 545 1306 586 ait:
1346 545 1449 586 «ius
1482 556 1577 586 eum
1610 543 1760 586 solum-

132 616 252 659 modo
287 614 423 657 locum
457 627 560 669 esse,
586 613 653 657 ubi
690 616 790 657 iuris
823 614 987 657 dicendi
1017 614 1078 657 vel
1115 614 1325 657 iudicandi
1359 616 1491 670 gratia
1521 614 1644 657 iudex
1671 627 1764 657 con-

130 689 245 730 sistat
263 701 310 734 ));
345 690 384 728 ct
417 685 595 728 dicimus
623 685 768 728 eodem
803 684 1028 728 sensu:'in
1062 685 1128 727 ius
1162 685 1239 739 tre,
1262 685 1418 739 vocari,
1442 684 1559 731 flacci:
1593 685 1633 727 in
1670 685 1763 728 iure

130 770 371 814 comparere
404 769 451 799 ac
483 755 592 800 sisti.
626 782 678 786 —-
712 755 818 799 Huic
851 756 1143 812 significationi
1178 758 1437 799 connectitur
1470 756 1572 809 alia;
1611 769 1682 812 pro
1707 758 1764 799 iu-

130 828 234 871 dicis
268 840 415 883 nempe
447 829 666 882 sententia,
703 840 780 883 per
813 839 936 884 quam
971 826 1093 870 alicui
1127 827 1367 870 decernitur
1402 826 1463 870 vel
1498 827 1651 870 dicitur
1684 829 1759 881 ius,

133 899 253 942 idest:
307 897 597 941 adiudicatur¹
625 898 733 954 quod
791 899 865 953 ipsi
925 897 1122 950 debetur3
1172 901 1211 940 et
1264 899 1358 954 quia
1413 896 1561 940 iudicis
1613 902 1674 940 est
1721 899 1758 939 in

132 969 453 1027 particularibus
505 970 671 1012 casibus
728 970 913 1024 proferre
967 968 1065 1025 quid
1115 970 1266 1011 iustum
1315 982 1388 1012 seu
1422 968 1596 1026 aequale
1642 968 1759 1011 alteri

129 1043 192 1095 sit,
233 1042 356 1084 etiam
398 1042 537 1097 iniqua
581 1041 789 1083 sententia
845 1052 916 1095 per
959 1041 1093 1095 ipsum
1144 1039 1300 1095 prolata
1353 1044 1524 1082 vocatur
1579 1041 1653 1092 ius,
1704 1052 1762 1082 se-

131 1113 312 1156 cundum
366 1111 476 1154 l'auli
533 1110 814 1154 iurisconsulti
859 1110 1289 1154 animadversionem:
1318 1111 1328 1132 ¹
1359 1110 1560 1153 «Praetor
1593 1123 1758 1167 quoque

133 1186 194 1227 ius
230 1183 403 1226 reddere
447 1182 615 1235 dicitur,
647 1183 770 1225 etiam
815 1195 910 1224 cum
956 1184 1095 1238 inique
1135 1181 1334 1236 deceruit,
1371 1181 1568 1224 relatione
1605 1180 1765 1224 scilicet

132 1256 252 1305 tacta„
287 1266 365 1295 non
400 1253 450 1305 ad
487 1253 523 1295 id
559 1252 670 1310 quod
707 1254 760 1295 ita
802 1252 968 1295 Praetor
1002 1254 1108 1305 t'ecit,
1143 1252 1213 1295 sed
1253 1252 1303 1295 ad
1346 1251 1459 1305 illud,
1493 1251 1603 1308 quod
1641 1251 1763 1294 Prae-

132 1329 263 1367 torem
299 1324 436 1367 facere
460 1326 653 1367 convenit
683 1339 722 1366 ».

248 1394 293 1451 y)
325 1396 543 1450 Supposita
577 1396 703 1450 igitur
723 1394 812 1450 lege
833 1394 1084 1438 decernente
1114 1393 1287 1451 (aliquiil
1306 1392 1647 1449 determinatum)
1676 1395 1764 1435 sive

134 1479 235 1520 rem,
269 1468 358 1509 sive
392 1467 596 1508 actionem
642 1465 758 1508 alteri
806 1478 1006 1521 personae
1050 1465 1303 1508 reddendam
1349 1477 1452 1519 esse,
1490 1463 1552 1507 vel
1592 1463 1691 1506 nihil
1726 1465 1761 1506 ei

132 1536 393 1591 obstandum,
421 1549 536 1579 mens
569 1538 752 1592 concipit
786 1537 824 1578 in
860 1548 905 1579 ea
941 1547 1114 1592 persona
1148 1539 1284 1578 mente
1317 1547 1365 1578 ac
1399 1534 1527 1579 libera
1555 1534 1764 1577 voluntate

134 1607 318 1663 praedita
355 1606 552 1649 moralem
589 1606 828 1649 tacultatem
866 1619 1006 1649 veram
1046 1605 1146 1649 illud
1185 1605 1261 1649 sibi
1300 1604 1486 1649 debitum
1522 1604 1763 1661 recipiendi,

133 1678 340 1734 exigendi,
378 1677 440 1720 vel
482 1677 708 1735 quidquam
750 1677 901 1733 agendi
940 1676 1096 1735 absque
1139 1676 1310 1720 alterius
1347 1677 1617 1732 oppositione.
1652 1674 1764 1718 Haec

136 1749 302 1791 moralis
336 1748 509 1791 facultas
544 1750 605 1791 ius
638 1748 921 1791 subiectivum
955 1748 1083 1798 audit,
1107 1748 1157 1791 de
1184 1760 1264 1804 quo
1299 1748 1405 1790 infra
1439 1746 1590 1790 redibit
1612 1759 1761 1790 sermo.

252 1820 290 1862 3.
324 1821 517 1865 Divisio
551 1821 670 1865 iuris
703 1822 883 1876 sumpti
916 1834 1006 1876 pro
1039 1822 1182 1865 iusto.
1217 1845 1269 1848 —
1305 1818 1364 1861 Ex
1390 1817 1433 1861 D.
1457 1817 1530 1860 Tb.
1557 1817 1592 1860 2:
1623 1819 1763 1860 «sicut

132 1893 289 1935 dictum
333 1896 406 1946 est,
441 1893 502 1934 ius
545 1893 634 1934 sive
677 1893 827 1933 iustum
869 1895 928 1933 est
967 1890 1133 1947 aliquod
1173 1903 1276 1946 opus
1313 1890 1591 1947 adaequatum
1626 1888 1758 1942 alteri,

132 1962 363 2006 secundum
408 1961 589 2019 aliquem
636 1961 897 2019 aequalitatis
948 1962 1130 2005 modum.
1176 1960 1404 2018 Dupliciter
1446 1965 1584 2004 autem
1633 1963 1765 2015 potest

132 2033 256 2076 alicui
292 2033 447 2075 bomini
481 2046 570 2076 esse
596 2032 753 2090 aliquid
788 2033 1091 2089 adaequatum‚·
1125 2045 1204 2075 uno
1236 2031 1405 2089 quidem
1440 2031 1561 2074 modo
1595 2044 1644 2074 ex
1678 2032 1764 2085 ipsa

136 2108 281 2147 natura
316 2105 387 2158 rei,
424 2107 518 2159 puta
558 2116 653 2146 cum
696 2102 846 2160 aliquis
884 2107 1043 2146 tantum
1082 2103 1165 2156 dat,
1199 2107 1241 2145 ut
1280 2101 1537 2145 tantumdem
1580 2102 1763 2157 recipiat,

135 2180 172 2217 et
209 2174 284 2217 boc
325 2179 496 2217 vocatur
540 2175 601 2217 ius
648 2174 851 2217 naturale.
894 2173 986 2216 Alio
1032 2173 1152 2216 modo
1195 2172 1351 2230 aliquid
1389 2177 1450 2215 est
1486 2171 1762 2228 adaequatum

139 2245 199 2289 vel
236 2254 617 2288 commensuratum
654 2244 771 2288 alteri
806 2258 855 2288 ex
890 2244 1095 2300 condicto,
1128 2246 1217 2287 sive
1255 2257 1303 2286 ex
1339 2244 1549 2286 communi
1589 2242 1762 2299 placito:

135 2316 302 2374 quando
334 2315 492 2359 scilicet
530 2315 680 2372 aliquis
725 2320 886 2372 reputat
932 2328 974 2358 se
1018 2319 1273 2368 contentum,
1304 2316 1337 2357 si
1376 2318 1533 2357 tantum
1572 2315 1763 2369 accipiat.

135 2385 254 2439 Quod
289 2386 457 2443 quidem
499 2391 629 2442 potest
675 2388 762 2429 tieri
807 2386 1050 2442 dupliciter:
1096 2398 1176 2428 uno
1216 2385 1336 2428 modo
1377 2397 1448 2441 per
1480 2384 1646 2442 aliquod
1682 2385 1762 2440 pri-

136 2463 276 2501 vatum
311 2457 565 2511 condictum,
601 2459 707 2500 sicut
738 2457 847 2514 quod
884 2457 1072 2500 tirinatur
1104 2455 1242 2513 aliquo
1277 2460 1394 2512 pacto
1442 2457 1548 2498 inter
1581 2457 1762 2511 privatas

135 2540 354 2584 personas3
393 2527 472 2571 alio
507 2528 628 2571 modo
662 2540 711 2571 ex
757 2527 947 2570 condicto
982 2526 1160 2583 publico,
1187 2531 1282 2582 puta
1316 2539 1410 2570 cum
1444 2530 1552 2569 totus
1585 2524 1759 2581 populus

133 2600 337 2642 consentit
369 2598 478 2656 quod
518 2598 675 2655 aliquid
721 2597 921 2641 habeatur
958 2599 1074 2655 quasi
1114 2588 1391 2654 adaequatum
1430 2601 1469 2640 et
1501 2608 1760 2639 commensu-

135 2673 267 2712 ratum
312 2668 451 2721 alteri3
501 2668 562 2711 vel
607 2681 705 2711 cum
752 2668 828 2712 boc
872 2668 1034 2711 ordinat
1078 2669 1281 2724 princeps,
1325 2669 1394 2725 qui
1438 2679 1579 2710 curam
1622 2665 1760 2722 populi

135 2739 268 2789 habet,
305 2744 343 2782 et
376 2742 464 2783 eius
499 2752 717 2795 personam
751 2741 879 2795 gerit3
913 2743 952 2782 et
986 2738 1062 2782 boc
1094 2738 1245 2781 dicitur
1279 2740 1341 2781 ius
1375 2739 1661 2794 positivum».

257 2893 261 2912 ¹
292 2891 338 2925 D.
369 2891 451 2925 Lib.
479 2891 510 2934 Ι,
539 2891 601 2925 tit.
631 2891 662 2932 Ι,
692 2891 718 2926 l.
749 2892 804 2925 11.
834 2912 879 2916 —
907 2891 920 2912 2
946 2892 987 2923 ⁴2³
1012 2892 1069 2923 »gae
1097 2902 1132 2934 q.
1162 2889 1268 2923 LVII
1294 2901 1326 2924 a.
1352 2891 1385 2930 2,
1414 2901 1444 2924 cr
