1950 3313
738 146 774 169 lx
806 147 881 170 inii:
909 138 1240 173 Counssx'rAifflrM
1759 145 1796 175 11

173 259 332 300 runtur.
359 258 397 297 et
423 253 514 297 liinc
539 266 680 296 earum
707 255 876 297 facultas
900 256 1074 299 ‹iii-,enda
1113 259 1187 299 erit
1230 258 1479 301 inviolabilis
1515 273 1590 301 nou
1628 259 1795 316 physici·

171 326 241 369 sed
285 325 494 369 moraliter
526 323 577 367 ob
613 324 744 380 legem
770 326 964 382 aliquam,
1000 340 1104 383 quae
1140 328 1373 371 tat-uitatem
1412 329 1520 371 iliani
1544 334 1731 386 protegit.
1757 336 1793 373 ot

172 396 356 440 debitum
393 409 486 439 cum
521 394 773 450 obligatione
809 395 927 438 liuius
953 399 989 439 in
1024 397 1113 439 aliis
1147 399 1393 442 correlatix'a
1428 403 1623 442 sani-itur.

293 467 370 510 Sed
406 465 755 509 considerandum
791 467 898 523 quod
935 482 983 509 ox
1021 469 1194 511 miturali
1222 469 1310 523 lege
1334 470 1484 526 duplex
1521 476 1578 512 est
1614 471 1797 513 debitum

174 552 268 582 cum
303 538 553 593 obligatione
588 538 708 579 unius
741 550 837 592 erga
874 537 1061 581 alterum.
1093 538 1259 582 «lssnum
1295 541 1460 596 quidem
1497 542 1602 597 quod
1640 555 1715 583 non
1742 547 1801 583 est

176 608 479 652 numerandum
514 608 552 649 in
589 605 705 649 bonis
738 609 826 649 eius=
859 610 927 663 qui
963 607 1100 662 debet,
1123 609 1191 651 sed
1230 613 1361 665 potius
1397 613 1433 652 in
1471 610 1586 653 bonis
1619 614 1705 653 eius
1735 614 1798 653 cui

174 679 372 729 debetur;
420 682 513 726 puta
552 679 584 719 si
631 677 781 735 aliquis
821 677 939 720 babet
983 682 1197 734 pecuniam
1239 686 1306 722 aut
1344 694 1426 722 rein
1461 681 1581 723 aliani
1617 681 1798 725 alterius.

179 748 241 792 vel
276 750 382 791 t'urto
416 747 637 802 sublatam,
675 747 737 790 vel
776 753 916 790 mutuo
950 754 1176 804 acceptam,
1212 752 1301 792 sive
1334 750 1577 806 depositam,
1620 751 1679 793 rel
1721 751 1799 793 alio

173 819 312 877 aliquo
346 818 469 862 simili
508 818 688 871 modo»,
723 822 761 861 et
795 817 871 861 hoc
904 823 962 861 est
982 818 1160 861 delutum
1189 820 1389 862 iustiliae.
1415 821 1462 863 ad
1490 822 1596 877 quod
1625 822 1797 864 redden-

175 891 273 935 dum
308 903 473 946 semper
497 890 797 946 adstringimur
822 890 910 945 lege
937 890 1126 933 naturali.
1171 890 1325 933 «Aliud
1352 896 1487 933 autem
1523 897 1579 934 est
1615 892 1797 934 debitunt

175 961 285 1019 quod
320 965 585 1017 cmnputatui·
618 962 657 1003 in
693 959 810 1003 bonis
843 963 931 1003 eius
954 962 1022 1017 qui
1048 960 1184 1008 debet,
1209 966 1246 1003 et
1281 975 1358 1003 non
1394 964 1482 1003 eius
1514 964 1577 1004 cui
1614 962 1802 1013 debetur,

177 1038 273 1090 puta
307 1034 338 1075 si
374 1031 576 1075 debeatur
609 1044 687 1074 non
723 1044 771 1074 ex
814 1033 992 1074 iustitiae
1028 1034 1269 1075 necessitate
1301 1032 1551 1088 proindeque
1586 1046 1677 1075 cuin
1716 1047 1799 1088 per·

177 1108 298 1160 petuo
334 1102 574 1146 restituendi
609 1115 749 1154 onere,
782 1102 852 1144 sed
893 1116 943 1144 ex
983 1102 1161 1158 quadan]
1198 1103 1340 1146 morali
1376 1105 1595 1159 aequitate,
1632 1109 1668 1145 ut
1705 1117 1800 1145 cou-

176 1176 293 1231 tingit
319 1177 355 1216 in
384 1173 595 1217 beneticiis
609 1175 737 1229 gratis
755 1175 1010 1228 susceptis»,
1036 1173 1143 1215 mide
1168 1175 1298 1215 oritur
1321 1173 1584 1229 gratitudinis
1613 1173 1794 1215 doliituni

180 1245 336 1288 morale
374 1246 398 1286 ¹.

297 1315 335 1358 ln
372 1316 515 1359 ordine
543 1328 640 1358 vero
664 1315 714 1358 ad
741 1315 873 1371 legent
901 1315 1121 1357 lunnanam
1150 1328 1366 1371 possumus
1389 1317 1509 1357 etiain
1545 1314 1803 1370 distinguere

175 1387 330 1443 duplex
365 1386 550 1430 debitum
585 1400 679 1430 cum
714 1385 966 1442 obligatione
1007 1388 1127 1429 unius
1167 1398 1263 1442 erga
1303 1386 1493 1439 alterum,
1528 1385 1682 1428 scilicet
1720 1399 1805 1441 per-

177 1459 327 1502 fectum
363 1471 433 1501 seu
475 1457 607 1514 legale
650 1462 689 1500 et
733 1459 1021 1513 imperfectum
1055 1470 1126 1499 seu
1174 1456 1342 1509 morale,
1390 1461 1507 1511 prout
1554 1456 1614 1498 lex
1664 1455 1803 1497 tribuit

175 1531 378 1572 actionem
417 1533 458 1571 ut>
493 1527 601 1571 illius
634 1528 834 1571 reddendi
871 1527 1067 1584 obligatio
1101 1528 1326 1570 efficaciter
1355 1531 1564 1581 urgeatur,
1588 1526 1803 1568 damnum-

175 1612 257 1657 que
290 1613 338 1642 ex
377 1599 484 1642 illius
507 1598 771 1655 obligationis
804 1600 1109 1654 trangressione
1139 1602 1275 1640 ortum
1311 1602 1536 1653 reparetur,
1561 1601 1597 1639 et
1634 1595 1805 1639 liabetur

175 1670 361 1715 debitum
400 1670 544 1727 legale,
571 1670 634 1714 vel
661 1670 724 1714 lex
750 1669 936 1713 debitum
961 1683 1055 1713 cum
1081 1669 1331 1725 obligatione
1367 1671 1486 1711 unius
1509 1681 1606 1723 erga
1631 1667 1803 1710 alterum

175 1744 361 1798 agnoscit
401 1742 461 1785 iel
497 1741 642 1785 saltem
678 1755 756 1784 non
793 1743 1014 1794 inticiatur,
1046 1740 1116 1783 sed
1152 1753 1242 1783 eam
1279 1739 1515 1797 relinquens
1549 1741 1584 1781 in
1620 1738 1803 1781 eiusdem

180 1815 217 1855 vi
254 1813 413 1864 morali,
449 1826 527 1855 non
576 1812 718 1856 tribuit
752 1814 973 1867 actionem,
1008 1824 1087 1868 qua
1125 1813 1248 1867 possit
1296 1810 1429 1853 valida
1467 1823 1587 1852 manu
1624 1810 1802 1865 praefata

175 1883 374 1940 obligatio
411 1886 562 1940 urgeri.
601 1883 780 1926 Primum
819 1883 1037 1939 respondet
1074 1884 1150 1925 iuri
1185 1881 1415 1925 subiectixo
1451 1882 1644 1937 perlecto,
1679 1884 1716 1922 et
1749 1892 1809 1921 se-

173 1955 359 1998 cundum
396 1957 471 1998 iuri
505 1954 738 1998 subiectivo
772 1956 1028 2010 imperfecto.
1063 1953 1111 1996 Et
1147 1953 1240 1997 hinc
1273 1957 1442 2009 apparet
1475 1965 1554 2008 quo
1591 1950 1710 1993 niodo
1747 1952 1806 1992 ius

174 2025 452 2070 subiectix‘um
487 2026 651 2069 dicatur
684 2025 858 2069 facultas
893 2024 1060 2068 moralis
1094 2023 1364 2071 inviolabilis,
1391 2025 1442 2065 ita
1479 2027 1518 2065 ut
1554 2024 1584 2064 si
1621 2023 1682 2063 ius
1707 2020 1803 2062 iilud

174 2099 225 2140 sit
259 2096 458 2141 naturale.
486 2095 743 2139 1'sze‘olabi'l2's
766 2095 937 2139 facultas
960 2097 1110 2138 existat
1144 2095 1233 2151 lege
1257 2094 1425 2151 quidem
1460 2092 1635 2135 naturali
1659 2091 1802 2133 saltem

174 2167 228 2211 ob
263 2169 440 2211 iustitiae
472 2168 774 2219 necessitatem,
798 2164 893 2210 etsi
930 2168 991 2209 ius
1025 2165 1124 2208 illud
1159 2167 1209 2208 sit
1243 2166 1366 2207 etiam
1392 2163 1480 2219 lege
1506 2162 1682 2205 bumana
1719 2173 1808 2203 san-

173 2240 318 2287 citum,
353 2236 611 2281 itwi'olubilis
643 2237 806 2281 dicetur
840 2236 1026 2291 facultas,
1061 2249 1108 2279 eo
1142 2235 1249 2292 quod
1286 2237 1538 2292 quicumque
1575 2234 1646 2288 ipsi
1685 2245 1805 2287 oppo-

177 2315 312 2357 natur,
339 2309 490 2366 pulsari
529 2313 661 2365 potest
694 2311 731 2351 in
767 2308 919 2351 iudicio
955 2313 997 2350 ut
1029 2307 1080 2350 ab
1114 2309 1370 2363 oppositione
1404 2305 1571 2348 desistat
1609 2302 1669 2345 rel
1706 2305 1805 2344 inte-

179 2393 291 2424 resse
338 2381 485 2425 solvat.
523 2379 572 2423 Et
619 2380 670 2423 de
719 2379 795 2423 hoc
843 2378 998 2435 duplici
1043 2377 1182 2421 debito
1232 2377 1412 2434 loquitur
1462 2374 1506 2417 D.
1540 2373 1613 2417 Tli.
1650 2372 1663 2394 ²
1708 2374 1803 2416 duni

177 2453 256 2495 ait:
297 2450 405 2494 «Est
437 2455 576 2494 autem
615 2450 768 2507 duplex
804 2450 1015 2494 debitum:
1058 2461 1183 2491 unum
1220 2448 1387 2505 quidem
1429 2444 1655 2489 secundum
1693 2456 1807 2498 regu-

180 2523 261 2566 lam
298 2523 488 2576 rationis3
523 2520 633 2565 aliud
668 2525 807 2564 autem
847 2519 1076 2564 secundum
1115 2518 1298 2574 regulam
1335 2517 1435 2572 legis
1468 2516 1803 2559 detei·ininantis;

177 2595 285 2637 sicut
335 2592 606 2649 Philosophus
639 2594 653 2613 ²³
707 2592 923 2648 distinguit
971 2590 1124 2646 duplex
1173 2591 1339 2639 iustum,
1373 2587 1529 2630 scilicet
1574 2584 1726 2627 morale
1767 2589 1802 2624 et

179 2663 370 2721 legale...
409 2662 598 2706 Debitum
633 2668 772 2707 autem
805 2676 854 2706 ex
890 2662 1234 2705 determinatione
1270 2658 1369 2715 legis
1404 2661 1440 2699 in
1484 2655 1604 2699 rebus
1637 2654 1802 2710 quidem

180 2734 371 2778 humanis
407 2735 582 2790 pertinet
615 2734 664 2777 ad
701 2732 954 2776 iudicialia...
976 2748 1011 2773 )>.

298 2839 307 2860 ²
336 2838 377 2872 D.
408 2837 476 2871 Th.
504 2839 538 2871 2.
567 2839 601 2871 2.
631 2849 666 2882 q.
696 2837 846 2871 XXXI.
877 2848 898 2870 a
923 2836 944 2869 3
971 2835 1017 2869 ad
1043 2835 1104 2868 3¹¹¹.
1134 2854 1175 2858 —
1202 2834 1214 2854 ²
1241 2833 1277 2866 Ι’ά
1304 2834 1360 2864 '2¹²'
1396 2844 1429 2875 q.
1477 2828 1615 2862 XCIX.
1653 2839 1684 2860 a.
1715 2827 1735 2859 5
1769 2838 1803 2858 0.

181 2906 225 2910 ——
251 2886 264 2907 ²³
292 2885 426 2919 Ethic.
462 2884 530 2918 lib.
569 2885 614 2919 V.
646 2896 676 2919 c.
712 2885 744 2919 7.
