<?xml version="1.0" encoding="UTF-8"?>
<!DOCTYPE html PUBLIC "-//W3C//DTD XHTML 1.0 Transitional//EN"
    "http://www.w3.org/TR/xhtml1/DTD/xhtml1-transitional.dtd">
<html xmlns="http://www.w3.org/1999/xhtml" xml:lang="en" lang="en">
 <head>
  <title>
</title>
<meta http-equiv="Content-Type" content="text/html;charset=utf-8" />
  <meta name='ocr-system' content='tesseract 3.04.00' />
  <meta name='ocr-capabilities' content='ocr_page ocr_carea ocr_par ocr_line ocrx_word'/>
</head>
<body>
  <div class='ocr_page' id='page_1' title='image "./commentariumtext01blatuoft_0166.png"; bbox 0 0 1950 3313; ppageno 0'>
   <div class='ocr_carea' id='block_1_1' title="bbox 189 145 1820 196">
    <p class='ocr_par' dir='ltr' id='par_1_1' title="bbox 189 145 1820 196">
     <span class='ocr_line' id='line_1_1' title="bbox 189 145 1820 196; baseline 0.001 -15"><span class='ocrx_word' id='word_1_1' title='bbox 189 148 255 182; x_wconf 81' lang='lat'>154</span> <span class='ocrx_word' id='word_1_2' title='bbox 612 192 614 196; x_wconf 23' lang='lat' dir='ltr'>v</span> <span class='ocrx_word' id='word_1_3' title='bbox 652 146 737 179; x_wconf 74' lang='lat' dir='ltr'><strong>LIB.</strong></span> <span class='ocrx_word' id='word_1_4' title='bbox 766 145 812 179; x_wconf 89' lang='lat' dir='ltr'>V.</span> <span class='ocrx_word' id='word_1_5' title='bbox 841 165 853 170; x_wconf 96' lang='lat'>-</span> <span class='ocrx_word' id='word_1_6' title='bbox 881 145 992 180; x_wconf 82' lang='lat' dir='ltr'><strong>PARS</strong></span> <span class='ocrx_word' id='word_1_7' title='bbox 1017 145 1068 180; x_wconf 88' lang='grc' dir='ltr'>Π.</span> <span class='ocrx_word' id='word_1_8' title='bbox 1094 165 1107 170; x_wconf 96' lang='grc'>-</span> <span class='ocrx_word' id='word_1_9' title='bbox 1133 145 1190 180; x_wconf 88' lang='lat' dir='ltr'>De</span> <span class='ocrx_word' id='word_1_10' title='bbox 1209 149 1348 191; x_wconf 81' lang='lat' dir='ltr'>poenis</span> <span class='ocrx_word' id='word_1_11' title='bbox 1493 146 1586 181; x_wconf 77' lang='lat' dir='ltr'>Can.</span> <span class='ocrx_word' id='word_1_12' title='bbox 1614 145 1820 182; x_wconf 77' lang='lat'>2274-2275</span> 
     </span>
    </p>
   </div>
   <div class='ocr_carea' id='block_1_2' title="bbox 193 204 1786 214">
    <p class='ocr_par' dir='ltr' id='par_1_2' title="bbox 193 204 1786 214">
     <span class='ocr_line' id='line_1_2' title="bbox 193 204 1786 214; baseline 0 0"><span class='ocrx_word' id='word_1_13' title='bbox 193 204 1786 214; x_wconf 95' lang='lat' dir='ltr'> </span> 
     </span>
    </p>
   </div>
   <div class='ocr_carea' id='block_1_3' title="bbox 189 263 1835 324">
    <p class='ocr_par' dir='ltr' id='par_1_3' title="bbox 189 263 1835 324">
     <span class='ocr_line' id='line_1_3' title="bbox 189 263 1835 324; baseline -0.001 -14"><span class='ocrx_word' id='word_1_14' title='bbox 189 267 399 310; x_wconf 79' lang='lat' dir='ltr'>tellectum</span> <span class='ocrx_word' id='word_1_15' title='bbox 422 263 746 324; x_wconf 65' lang='lat' dir='ltr'>perpetrauerit,</span> <span class='ocrx_word' id='word_1_16' title='bbox 780 263 1053 307; x_wconf 82' lang='lat' dir='ltr'>interdictum</span> <span class='ocrx_word' id='word_1_17' title='bbox 1086 265 1279 322; x_wconf 78' lang='lat' dir='ltr'>equidem</span> <span class='ocrx_word' id='word_1_18' title='bbox 1315 265 1531 323; x_wconf 80' lang='lat' dir='ltr'>personale</span> <span class='ocrx_word' id='word_1_19' title='bbox 1554 265 1664 323; x_wconf 84' lang='lat' dir='ltr'>ferri</span> <span class='ocrx_word' id='word_1_20' title='bbox 1684 267 1835 323; x_wconf 82' lang='lat' dir='ltr'>potest&#39;</span> 
     </span>
    </p>
   </div>
   <div class='ocr_carea' id='block_1_4' title="bbox 184 334 1821 2939">
    <p class='ocr_par' dir='ltr' id='par_1_4' title="bbox 187 334 1821 733">
     <span class='ocr_line' id='line_1_4' title="bbox 193 334 1819 394; baseline 0 -14"><span class='ocrx_word' id='word_1_21' title='bbox 193 338 224 380; x_wconf 83' lang='lat' dir='ltr'>lO</span> <span class='ocrx_word' id='word_1_22' title='bbox 261 337 321 379; x_wconf 72' lang='lat' dir='ltr'>rel</span> <span class='ocrx_word' id='word_1_23' title='bbox 354 337 397 378; x_wconf 88' lang='lat' dir='ltr'>in</span> <span class='ocrx_word' id='word_1_24' title='bbox 431 334 623 392; x_wconf 74' lang='lat' dir='ltr'>sinqulas</span> <span class='ocrx_word' id='word_1_25' title='bbox 652 348 858 393; x_wconf 87' lang='lat' dir='ltr'>personas</span> <span class='ocrx_word' id='word_1_26' title='bbox 892 334 1096 392; x_wconf 81' lang='lat' dir='ltr'>physicas,</span> <span class='ocrx_word' id='word_1_27' title='bbox 1132 349 1180 379; x_wconf 87' lang='lat' dir='ltr'>ex</span> <span class='ocrx_word' id='word_1_28' title='bbox 1216 336 1367 394; x_wconf 87' lang='lat' dir='ltr'>quibus</span> <span class='ocrx_word' id='word_1_29' title='bbox 1405 338 1725 380; x_wconf 79' lang='lat' dir='ltr'>«communitas</span> <span class='ocrx_word' id='word_1_30' title='bbox 1748 350 1819 380; x_wconf 87' lang='lat' dir='ltr'>seu</span> 
     </span>
     <span class='ocr_line' id='line_1_5' title="bbox 191 404 1821 463; baseline -0.001 -12"><span class='ocrx_word' id='word_1_31' title='bbox 191 408 411 463; x_wconf 78' lang='lat' dir='ltr'>collegium</span> <span class='ocrx_word' id='word_1_32' title='bbox 435 422 457 447; x_wconf 83' lang='grc'>))</span> <span class='ocrx_word' id='word_1_33' title='bbox 495 405 703 461; x_wconf 76' lang='lat' dir='ltr'>coalescit,</span> <span class='ocrx_word' id='word_1_34' title='bbox 737 404 1041 463; x_wconf 71' lang='lat' dir='ltr'>delinquentes,</span> <span class='ocrx_word' id='word_1_35' title='bbox 1065 408 1119 450; x_wconf 89' lang='lat' dir='ltr'>ita</span> <span class='ocrx_word' id='word_1_36' title='bbox 1146 411 1188 450; x_wconf 94' lang='lat' dir='ltr'>ut</span> <span class='ocrx_word' id='word_1_37' title='bbox 1212 420 1289 450; x_wconf 90' lang='lat' dir='ltr'>non</span> <span class='ocrx_word' id='word_1_38' title='bbox 1315 409 1619 451; x_wconf 90' lang='lat' dir='ltr'>consentientes</span> <span class='ocrx_word' id='word_1_39' title='bbox 1642 409 1680 449; x_wconf 89' lang='lat' dir='ltr'>in</span> <span class='ocrx_word' id='word_1_40' title='bbox 1711 422 1731 448; x_wconf 85' lang='lat'>«</span> <span class='ocrx_word' id='word_1_41' title='bbox 1754 407 1821 450; x_wconf 93' lang='lat' dir='ltr'>de-</span> 
     </span>
     <span class='ocr_line' id='line_1_6' title="bbox 190 476 1820 534; baseline -0.001 -13"><span class='ocrx_word' id='word_1_42' title='bbox 190 479 331 521; x_wconf 89' lang='lat' dir='ltr'>lictum</span> <span class='ocrx_word' id='word_1_43' title='bbox 356 492 377 517; x_wconf 80' lang='grc'>))</span> <span class='ocrx_word' id='word_1_44' title='bbox 416 480 611 519; x_wconf 88' lang='lat' dir='ltr'>maneant</span> <span class='ocrx_word' id='word_1_45' title='bbox 634 488 655 519; x_wconf 92' lang='lat' dir='ltr'>a</span> <span class='ocrx_word' id='word_1_46' title='bbox 681 488 810 532; x_wconf 88' lang='lat' dir='ltr'>poena</span> <span class='ocrx_word' id='word_1_47' title='bbox 836 478 1055 530; x_wconf 77' lang='lat' dir='ltr'>immunes,</span> <span class='ocrx_word' id='word_1_48' title='bbox 1079 476 1143 519; x_wconf 81' lang='lat' dir='ltr'>vel</span> <span class='ocrx_word' id='word_1_49' title='bbox 1177 476 1227 519; x_wconf 91' lang='lat' dir='ltr'>ll⁰</span> <span class='ocrx_word' id='word_1_50' title='bbox 1260 477 1304 519; x_wconf 86' lang='lat' dir='ltr'>in</span> <span class='ocrx_word' id='word_1_51' title='bbox 1338 477 1690 527; x_wconf 86' lang='lat' dir='ltr'>communitatem,</span> <span class='ocrx_word' id='word_1_52' title='bbox 1714 489 1820 534; x_wconf 89' lang='lat' dir='ltr'>quae</span> 
     </span>
     <span class='ocr_line' id='line_1_7' title="bbox 189 546 1820 604; baseline -0.002 -12"><span class='ocrx_word' id='word_1_53' title='bbox 189 561 340 603; x_wconf 91' lang='lat' dir='ltr'>corpus</span> <span class='ocrx_word' id='word_1_54' title='bbox 374 546 530 590; x_wconf 87' lang='lat' dir='ltr'>morale</span> <span class='ocrx_word' id='word_1_55' title='bbox 563 560 657 590; x_wconf 91' lang='lat' dir='ltr'>cum</span> <span class='ocrx_word' id='word_1_56' title='bbox 692 547 914 598; x_wconf 86' lang='lat' dir='ltr'>Superiore</span> <span class='ocrx_word' id='word_1_57' title='bbox 947 549 1172 603; x_wconf 80' lang='lat' dir='ltr'>constituit,</span> <span class='ocrx_word' id='word_1_58' title='bbox 1207 547 1270 590; x_wconf 89' lang='lat' dir='ltr'>uti</span> <span class='ocrx_word' id='word_1_59' title='bbox 1303 547 1443 603; x_wconf 81' lang='lat' dir='ltr'>talem⁷</span> <span class='ocrx_word' id='word_1_60' title='bbox 1469 548 1507 591; x_wconf 89' lang='lat' dir='ltr'>id</span> <span class='ocrx_word' id='word_1_61' title='bbox 1543 552 1625 590; x_wconf 89' lang='lat' dir='ltr'>est:</span> <span class='ocrx_word' id='word_1_62' title='bbox 1659 559 1740 604; x_wconf 92' lang='lat' dir='ltr'>qua</span> <span class='ocrx_word' id='word_1_63' title='bbox 1764 547 1820 590; x_wconf 92' lang='lat' dir='ltr'>di-</span> 
     </span>
     <span class='ocr_line' id='line_1_8' title="bbox 187 617 1818 676; baseline 0 -15"><span class='ocrx_word' id='word_1_64' title='bbox 187 621 378 662; x_wconf 88' lang='lat' dir='ltr'>stinctam</span> <span class='ocrx_word' id='word_1_65' title='bbox 414 620 502 661; x_wconf 91' lang='lat' dir='ltr'>iure</span> <span class='ocrx_word' id='word_1_66' title='bbox 535 630 556 660; x_wconf 87' lang='lat' dir='ltr'>a</span> <span class='ocrx_word' id='word_1_67' title='bbox 590 617 763 674; x_wconf 84' lang='lat' dir='ltr'>singulis</span> <span class='ocrx_word' id='word_1_68' title='bbox 795 620 932 671; x_wconf 72' lang='lat' dir='ltr'>sociis,</span> <span class='ocrx_word' id='word_1_69' title='bbox 965 617 1028 660; x_wconf 80' lang='lat' dir='ltr'>vel</span> <span class='ocrx_word' id='word_1_70' title='bbox 1051 618 1120 661; x_wconf 90' lang='lat' dir='ltr'>lll0</span> <span class='ocrx_word' id='word_1_71' title='bbox 1144 618 1188 661; x_wconf 89' lang='lat' dir='ltr'>in</span> <span class='ocrx_word' id='word_1_72' title='bbox 1218 632 1424 676; x_wconf 89' lang='lat' dir='ltr'>personas</span> <span class='ocrx_word' id='word_1_73' title='bbox 1455 617 1744 676; x_wconf 76' lang='lat' dir='ltr'>delinquentes</span> <span class='ocrx_word' id='word_1_74' title='bbox 1776 622 1818 661; x_wconf 90' lang='lat' dir='ltr'>ut</span> 
     </span>
     <span class='ocr_line' id='line_1_9' title="bbox 187 688 1446 733; baseline 0.001 -1"><span class='ocrx_word' id='word_1_75' title='bbox 187 689 263 732; x_wconf 86' lang='lat' dir='ltr'>sub</span> <span class='ocrx_word' id='word_1_76' title='bbox 298 702 336 731; x_wconf 91' lang='lat' dir='ltr'>n.</span> <span class='ocrx_word' id='word_1_77' title='bbox 372 688 404 730; x_wconf 75' lang='grc' dir='ltr'>Ι0</span> <span class='ocrx_word' id='word_1_78' title='bbox 438 693 477 731; x_wconf 90' lang='lat' dir='ltr'>et</span> <span class='ocrx_word' id='word_1_79' title='bbox 510 688 630 731; x_wconf 91' lang='lat' dir='ltr'>simul</span> <span class='ocrx_word' id='word_1_80' title='bbox 666 688 710 731; x_wconf 90' lang='lat' dir='ltr'>in</span> <span class='ocrx_word' id='word_1_81' title='bbox 743 688 1082 731; x_wconf 79' lang='lat' dir='ltr'>communitatem</span> <span class='ocrx_word' id='word_1_82' title='bbox 1114 691 1234 732; x_wconf 83' lang='lat' dir='ltr'>sicuti</span> <span class='ocrx_word' id='word_1_83' title='bbox 1269 688 1347 733; x_wconf 89' lang='lat' dir='ltr'>sub</span> <span class='ocrx_word' id='word_1_84' title='bbox 1384 688 1446 733; x_wconf 90' lang='lat' dir='ltr'>ll⁰.</span> 
     </span>
    </p>

    <p class='ocr_par' dir='ltr' id='par_1_5' title="bbox 186 759 1820 1443">
     <span class='ocr_line' id='line_1_10' title="bbox 308 759 1819 817; baseline 0 -15"><span class='ocrx_word' id='word_1_85' title='bbox 308 759 486 803; x_wconf 77' lang='lat' dir='ltr'>Etlectus</span> <span class='ocrx_word' id='word_1_86' title='bbox 530 759 694 803; x_wconf 89' lang='lat' dir='ltr'>iuridici</span> <span class='ocrx_word' id='word_1_87' title='bbox 739 759 1034 803; x_wconf 84' lang='lat' dir='ltr'>decernuntur.</span> <span class='ocrx_word' id='word_1_88' title='bbox 1068 759 1096 817; x_wconf 65' lang='grc' dir='ltr'>ἓ</span> <span class='ocrx_word' id='word_1_89' title='bbox 1126 762 1169 802; x_wconf 70' lang='grc'>2.</span> <span class='ocrx_word' id='word_1_90' title='bbox 1204 759 1250 802; x_wconf 88' lang='lat' dir='ltr'>Si</span> <span class='ocrx_word' id='word_1_91' title='bbox 1284 759 1469 817; x_wconf 90' lang='lat' dir='ltr'>primum</span> <span class='ocrx_word' id='word_1_92' title='bbox 1513 760 1595 815; x_wconf 74' lang='lat' dir='ltr'>fiat,</span> <span class='ocrx_word' id='word_1_93' title='bbox 1629 764 1819 802; x_wconf 77' lang='lat' dir='ltr'>servetur</span> 
     </span>
     <span class='ocr_line' id='line_1_11' title="bbox 187 829 1820 888; baseline 0 -15"><span class='ocrx_word' id='word_1_94' title='bbox 187 830 497 888; x_wconf 80' lang='lat' dir='ltr'>praescriptum</span> <span class='ocrx_word' id='word_1_95' title='bbox 531 845 621 873; x_wconf 88' lang='lat' dir='ltr'>can.</span> <span class='ocrx_word' id='word_1_96' title='bbox 654 832 781 873; x_wconf 68' lang='lat'>2275</span> <span class='ocrx_word' id='word_1_97' title='bbox 805 832 914 873; x_wconf 89' lang='lat' dir='ltr'>circa</span> <span class='ocrx_word' id='word_1_98' title='bbox 944 830 1174 886; x_wconf 82' lang='lat' dir='ltr'>«singulas</span> <span class='ocrx_word' id='word_1_99' title='bbox 1209 843 1447 887; x_wconf 85' lang='lat' dir='ltr'>personas»</span> <span class='ocrx_word' id='word_1_100' title='bbox 1476 830 1694 874; x_wconf 91' lang='lat' dir='ltr'>interdicto</span> <span class='ocrx_word' id='word_1_101' title='bbox 1720 829 1820 873; x_wconf 91' lang='lat' dir='ltr'>mul·</span> 
     </span>
     <span class='ocr_line' id='line_1_12' title="bbox 188 900 1818 960; baseline -0.001 -15"><span class='ocrx_word' id='word_1_102' title='bbox 188 906 330 945; x_wconf 89' lang='lat' dir='ltr'>ctatas.</span> <span class='ocrx_word' id='word_1_103' title='bbox 355 928 411 932; x_wconf 97' lang='lat'><strong>—</strong></span> <span class='ocrx_word' id='word_1_104' title='bbox 433 902 461 960; x_wconf 60' lang='grc' dir='ltr'>ἓ</span> <span class='ocrx_word' id='word_1_105' title='bbox 487 903 530 945; x_wconf 86' lang='lat'>3.</span> <span class='ocrx_word' id='word_1_106' title='bbox 557 901 603 944; x_wconf 72' lang='lat' dir='ltr'>Si</span> <span class='ocrx_word' id='word_1_107' title='bbox 625 901 807 944; x_wconf 82' lang='lat' dir='ltr'>alterum</span> <span class='ocrx_word' id='word_1_108' title='bbox 840 900 917 944; x_wconf 89' lang='lat' dir='ltr'>sub</span> <span class='ocrx_word' id='word_1_109' title='bbox 950 914 987 943; x_wconf 93' lang='lat' dir='ltr'>n.</span> <span class='ocrx_word' id='word_1_110' title='bbox 1008 900 1060 943; x_wconf 87' lang='lat' dir='ltr'>ll⁰</span> <span class='ocrx_word' id='word_1_111' title='bbox 1079 901 1293 955; x_wconf 86' lang='lat' dir='ltr'>acciderit,</span> <span class='ocrx_word' id='word_1_112' title='bbox 1327 901 1604 944; x_wconf 86' lang='lat' dir='ltr'>communitas</span> <span class='ocrx_word' id='word_1_113' title='bbox 1636 915 1708 944; x_wconf 88' lang='lat' dir='ltr'>seu</span> <span class='ocrx_word' id='word_1_114' title='bbox 1741 900 1818 944; x_wconf 85' lang='lat' dir='ltr'>col-</span> 
     </span>
     <span class='ocr_line' id='line_1_13' title="bbox 188 971 1818 1030; baseline 0 -16"><span class='ocrx_word' id='word_1_115' title='bbox 188 972 355 1030; x_wconf 70' lang='lat' dir='ltr'>leyium,</span> <span class='ocrx_word' id='word_1_116' title='bbox 391 986 438 1017; x_wconf 85' lang='lat' dir='ltr'>ae</span> <span class='ocrx_word' id='word_1_117' title='bbox 473 985 647 1029; x_wconf 87' lang='lat' dir='ltr'>persona</span> <span class='ocrx_word' id='word_1_118' title='bbox 690 971 918 1028; x_wconf 86' lang='lat' dir='ltr'>collegialis</span> <span class='ocrx_word' id='word_1_119' title='bbox 954 974 1213 1028; x_wconf 80' lang='lat' dir='ltr'>supponitur,</span> <span class='ocrx_word' id='word_1_120' title='bbox 1247 972 1392 1029; x_wconf 89' lang='lat' dir='ltr'>nequit</span> <span class='ocrx_word' id='word_1_121' title='bbox 1429 972 1539 1015; x_wconf 88' lang='lat' dir='ltr'>licite</span> <span class='ocrx_word' id='word_1_122' title='bbox 1572 972 1716 1015; x_wconf 88' lang='lat' dir='ltr'>saltem</span> <span class='ocrx_word' id='word_1_123' title='bbox 1751 972 1818 1014; x_wconf 89' lang='lat' dir='ltr'>ius</span> 
     </span>
     <span class='ocr_line' id='line_1_14' title="bbox 189 1043 1819 1101; baseline -0.001 -14"><span class='ocrx_word' id='word_1_124' title='bbox 189 1043 321 1087; x_wconf 85' lang='lat' dir='ltr'>ullum</span> <span class='ocrx_word' id='word_1_125' title='bbox 355 1057 428 1101; x_wconf 89' lang='lat' dir='ltr'>per</span> <span class='ocrx_word' id='word_1_126' title='bbox 460 1057 511 1087; x_wconf 90' lang='lat' dir='ltr'>ss.</span> <span class='ocrx_word' id='word_1_127' title='bbox 546 1056 726 1087; x_wconf 89' lang='lat' dir='ltr'>canones</span> <span class='ocrx_word' id='word_1_128' title='bbox 758 1056 1000 1086; x_wconf 88' lang='lat' dir='ltr'>concessum</span> <span class='ocrx_word' id='word_1_129' title='bbox 1037 1047 1107 1086; x_wconf 89' lang='lat' dir='ltr'>aut</span> <span class='ocrx_word' id='word_1_130' title='bbox 1139 1045 1414 1099; x_wconf 77' lang='lat' dir='ltr'>recognitum,</span> <span class='ocrx_word' id='word_1_131' title='bbox 1447 1055 1541 1086; x_wconf 85' lang='lat' dir='ltr'>nam</span> <span class='ocrx_word' id='word_1_132' title='bbox 1577 1043 1819 1099; x_wconf 86' lang='lat' dir='ltr'>designatur</span> 
     </span>
     <span class='ocr_line' id='line_1_15' title="bbox 187 1113 1818 1173; baseline -0.001 -15"><span class='ocrx_word' id='word_1_133' title='bbox 187 1114 415 1173; x_wconf 75' lang='lat' dir='ltr'>spirituale</span> <span class='ocrx_word' id='word_1_134' title='bbox 448 1128 642 1158; x_wconf 72' lang='lat' dir='ltr'>eoeercere</span> <span class='ocrx_word' id='word_1_135' title='bbox 674 1113 784 1172; x_wconf 85' lang='lat' dir='ltr'>quod</span> <span class='ocrx_word' id='word_1_136' title='bbox 815 1116 1055 1171; x_wconf 77' lang='lat' dir='ltr'>ceteroquin</span> <span class='ocrx_word' id='word_1_137' title='bbox 1089 1114 1128 1156; x_wconf 88' lang='lat' dir='ltr'>ei</span> <span class='ocrx_word' id='word_1_138' title='bbox 1161 1118 1381 1172; x_wconf 82' lang='lat' dir='ltr'>competat,</span> <span class='ocrx_word' id='word_1_139' title='bbox 1418 1128 1453 1157; x_wconf 90' lang='lat' dir='ltr'>v.</span> <span class='ocrx_word' id='word_1_140' title='bbox 1479 1128 1540 1171; x_wconf 82' lang='lat' dir='ltr'>gr.</span> <span class='ocrx_word' id='word_1_141' title='bbox 1575 1113 1722 1158; x_wconf 87' lang='lat' dir='ltr'>electio</span> <span class='ocrx_word' id='word_1_142' title='bbox 1746 1127 1818 1171; x_wconf 89' lang='lat' dir='ltr'>per</span> 
     </span>
     <span class='ocr_line' id='line_1_16' title="bbox 186 1185 1818 1243; baseline -0.001 -13"><span class='ocrx_word' id='word_1_143' title='bbox 186 1185 437 1243; x_wconf 77' lang='lat' dir='ltr'>Capitulum.</span> <span class='ocrx_word' id='word_1_144' title='bbox 461 1188 564 1240; x_wconf 59' lang='grc' dir='ltr'>-ἓ</span> <span class='ocrx_word' id='word_1_145' title='bbox 597 1188 638 1228; x_wconf 79' lang='grc'>4.</span> <span class='ocrx_word' id='word_1_146' title='bbox 674 1186 719 1229; x_wconf 87' lang='lat' dir='ltr'>Si</span> <span class='ocrx_word' id='word_1_147' title='bbox 754 1185 938 1240; x_wconf 73' lang='lat' dir='ltr'>tertium,</span> <span class='ocrx_word' id='word_1_148' title='bbox 963 1185 1086 1229; x_wconf 85' lang='lat' dir='ltr'>idest:</span> <span class='ocrx_word' id='word_1_149' title='bbox 1125 1188 1201 1228; x_wconf 83' lang='lat' dir='ltr'>«si</span> <span class='ocrx_word' id='word_1_150' title='bbox 1228 1187 1266 1228; x_wconf 90' lang='lat' dir='ltr'>in</span> <span class='ocrx_word' id='word_1_151' title='bbox 1302 1198 1498 1242; x_wconf 77' lang='lat' dir='ltr'>personas</span> <span class='ocrx_word' id='word_1_152' title='bbox 1530 1185 1818 1243; x_wconf 85' lang='lat' dir='ltr'>delinquentes</span> 
     </span>
     <span class='ocr_line' id='line_1_17' title="bbox 187 1256 1816 1314; baseline -0.001 -14"><span class='ocrx_word' id='word_1_153' title='bbox 187 1263 227 1300; x_wconf 90' lang='lat' dir='ltr'>et</span> <span class='ocrx_word' id='word_1_154' title='bbox 259 1260 296 1300; x_wconf 91' lang='lat' dir='ltr'>in</span> <span class='ocrx_word' id='word_1_155' title='bbox 332 1259 674 1301; x_wconf 89' lang='lat' dir='ltr'>communitatem</span> <span class='ocrx_word' id='word_1_156' title='bbox 700 1256 882 1313; x_wconf 89' lang='lat' dir='ltr'>(earum)</span> <span class='ocrx_word' id='word_1_157' title='bbox 906 1257 1036 1299; x_wconf 84' lang='lat' dir='ltr'>fertur</span> <span class='ocrx_word' id='word_1_158' title='bbox 1069 1256 1333 1300; x_wconf 90' lang='lat' dir='ltr'>interdictum</span> <span class='ocrx_word' id='word_1_159' title='bbox 1360 1272 1381 1297; x_wconf 87' lang='lat'>»</span> <span class='ocrx_word' id='word_1_160' title='bbox 1420 1256 1587 1314; x_wconf 77' lang='lat' dir='ltr'>effectus</span> <span class='ocrx_word' id='word_1_161' title='bbox 1620 1256 1816 1300; x_wconf 84' lang='lat' dir='ltr'>antedicti</span> 
     </span>
     <span class='ocr_line' id='line_1_18' title="bbox 187 1326 1817 1386; baseline -0.001 -15"><span class='ocrx_word' id='word_1_162' title='bbox 187 1328 263 1372; x_wconf 90' lang='lat' dir='ltr'>sub</span> <span class='ocrx_word' id='word_1_163' title='bbox 297 1331 322 1382; x_wconf 60' lang='grc' dir='ltr'>ἓ</span> <span class='ocrx_word' id='word_1_164' title='bbox 357 1328 400 1371; x_wconf 86' lang='lat'>30</span> <span class='ocrx_word' id='word_1_165' title='bbox 436 1333 475 1372; x_wconf 84' lang='lat' dir='ltr'>et</span> <span class='ocrx_word' id='word_1_166' title='bbox 505 1330 547 1386; x_wconf 88' lang='lat' dir='ltr'>in</span> <span class='ocrx_word' id='word_1_167' title='bbox 583 1341 672 1371; x_wconf 86' lang='lat' dir='ltr'>can.</span> <span class='ocrx_word' id='word_1_168' title='bbox 697 1327 810 1370; x_wconf 63' lang='lat'>2975</span> <span class='ocrx_word' id='word_1_169' title='bbox 844 1326 1129 1379; x_wconf 85' lang='lat' dir='ltr'>cumulantur,</span> <span class='ocrx_word' id='word_1_170' title='bbox 1152 1340 1223 1370; x_wconf 92' lang='lat' dir='ltr'>seu</span> <span class='ocrx_word' id='word_1_171' title='bbox 1247 1327 1367 1370; x_wconf 91' lang='lat' dir='ltr'>simul</span> <span class='ocrx_word' id='word_1_172' title='bbox 1406 1330 1546 1384; x_wconf 80' lang='lat' dir='ltr'>vigent</span> <span class='ocrx_word' id='word_1_173' title='bbox 1581 1329 1737 1370; x_wconf 90' lang='lat' dir='ltr'>ratione</span> <span class='ocrx_word' id='word_1_174' title='bbox 1762 1329 1817 1369; x_wconf 90' lang='lat' dir='ltr'>in-</span> 
     </span>
     <span class='ocr_line' id='line_1_19' title="bbox 188 1399 583 1443; baseline -0.003 -1"><span class='ocrx_word' id='word_1_175' title='bbox 188 1399 348 1443; x_wconf 89' lang='lat' dir='ltr'>terdicti</span> <span class='ocrx_word' id='word_1_176' title='bbox 383 1400 583 1443; x_wconf 90' lang='lat' dir='ltr'>eiusdem.</span> 
     </span>
    </p>

    <p class='ocr_par' dir='ltr' id='par_1_6' title="bbox 188 1470 1816 1741">
     <span class='ocr_line' id='line_1_20' title="bbox 307 1470 1816 1528; baseline -0.001 -16"><span class='ocrx_word' id='word_1_177' title='bbox 307 1470 404 1513; x_wconf 81' lang='lat'><strong>103.</strong></span> <span class='ocrx_word' id='word_1_178' title='bbox 459 1472 824 1516; x_wconf 77' lang='lat' dir='ltr'>prohibitiones</span> <span class='ocrx_word' id='word_1_179' title='bbox 878 1485 940 1516; x_wconf 86' lang='lat' dir='ltr'>ex</span> <span class='ocrx_word' id='word_1_180' title='bbox 993 1471 1243 1528; x_wconf 82' lang='lat' dir='ltr'>personali</span> <span class='ocrx_word' id='word_1_181' title='bbox 1292 1472 1552 1515; x_wconf 87' lang='lat' dir='ltr'>interdicto</span> <span class='ocrx_word' id='word_1_182' title='bbox 1601 1474 1816 1512; x_wconf 89' lang='lat' dir='ltr'>enumerat</span> 
     </span>
     <span class='ocr_line' id='line_1_21' title="bbox 188 1539 1815 1597; baseline 0.001 -15"><span class='ocrx_word' id='word_1_183' title='bbox 188 1555 278 1583; x_wconf 83' lang='lat' dir='ltr'>can.</span> <span class='ocrx_word' id='word_1_184' title='bbox 311 1543 454 1584; x_wconf 66' lang='lat'><strong><em>2275.</em></strong></span> <span class='ocrx_word' id='word_1_185' title='bbox 491 1567 543 1571; x_wconf 83' lang='lat'>—-</span> <span class='ocrx_word' id='word_1_186' title='bbox 582 1539 867 1584; x_wconf 72' lang='lat' dir='ltr'>personaliter</span> <span class='ocrx_word' id='word_1_187' title='bbox 898 1540 1131 1597; x_wconf 77' lang='lat' dir='ltr'>interdicti,</span> <span class='ocrx_word' id='word_1_188' title='bbox 1164 1540 1344 1584; x_wconf 87' lang='lat' dir='ltr'>scilicet:</span> <span class='ocrx_word' id='word_1_189' title='bbox 1385 1540 1534 1596; x_wconf 80' lang='lat' dir='ltr'>singuli</span> <span class='ocrx_word' id='word_1_190' title='bbox 1574 1539 1650 1583; x_wconf 90' lang='lat' dir='ltr'>hac</span> <span class='ocrx_word' id='word_1_191' title='bbox 1684 1553 1815 1596; x_wconf 87' lang='lat' dir='ltr'>poena</span> 
     </span>
     <span class='ocr_line' id='line_1_22' title="bbox 188 1611 1815 1668; baseline -0.001 -13"><span class='ocrx_word' id='word_1_192' title='bbox 188 1612 344 1656; x_wconf 86' lang='lat' dir='ltr'>directe</span> <span class='ocrx_word' id='word_1_193' title='bbox 370 1612 570 1663; x_wconf 85' lang='lat' dir='ltr'>mulctati,</span> <span class='ocrx_word' id='word_1_194' title='bbox 594 1614 683 1655; x_wconf 88' lang='lat' dir='ltr'>sive</span> <span class='ocrx_word' id='word_1_195' title='bbox 707 1614 1047 1655; x_wconf 81' lang='lat' dir='ltr'>communitatem</span> <span class='ocrx_word' id='word_1_196' title='bbox 1082 1611 1362 1668; x_wconf 83' lang='lat' dir='ltr'>collegiumve</span> <span class='ocrx_word' id='word_1_197' title='bbox 1396 1616 1436 1654; x_wconf 88' lang='lat' dir='ltr'>ul</span> <span class='ocrx_word' id='word_1_198' title='bbox 1466 1613 1565 1654; x_wconf 87' lang='lat' dir='ltr'>socii</span> <span class='ocrx_word' id='word_1_199' title='bbox 1600 1611 1815 1655; x_wconf 84' lang='lat' dir='ltr'>efforment</span> 
     </span>
     <span class='ocr_line' id='line_1_23' title="bbox 188 1682 1734 1741; baseline -0.001 -15"><span class='ocrx_word' id='word_1_200' title='bbox 188 1685 224 1725; x_wconf 89' lang='lat' dir='ltr'>in</span> <span class='ocrx_word' id='word_1_201' title='bbox 260 1682 425 1726; x_wconf 87' lang='lat' dir='ltr'>casibus</span> <span class='ocrx_word' id='word_1_202' title='bbox 458 1682 514 1741; x_wconf 62' lang='lat' dir='ltr'>{g</span> <span class='ocrx_word' id='word_1_203' title='bbox 547 1683 569 1725; x_wconf 69' lang='lat'>⁶2</span> <span class='ocrx_word' id='word_1_204' title='bbox 604 1688 643 1726; x_wconf 91' lang='lat' dir='ltr'>et</span> <span class='ocrx_word' id='word_1_205' title='bbox 677 1683 699 1725; x_wconf 79' lang='lat'>4</span> <span class='ocrx_word' id='word_1_206' title='bbox 734 1689 841 1726; x_wconf 58' lang='lat' dir='ltr'>cans*</span> <span class='ocrx_word' id='word_1_207' title='bbox 876 1689 1040 1738; x_wconf 76' lang='lat' dir='ltr'>praec.³,</span> <span class='ocrx_word' id='word_1_208' title='bbox 1075 1685 1166 1726; x_wconf 87' lang='lat' dir='ltr'>sive</span> <span class='ocrx_word' id='word_1_209' title='bbox 1201 1687 1243 1725; x_wconf 94' lang='lat' dir='ltr'>ut</span> <span class='ocrx_word' id='word_1_210' title='bbox 1275 1682 1427 1738; x_wconf 83' lang='lat' dir='ltr'>singuli</span> <span class='ocrx_word' id='word_1_211' title='bbox 1462 1682 1734 1739; x_wconf 87' lang='lat' dir='ltr'>deliquerint:</span> 
     </span>
    </p>

    <p class='ocr_par' dir='ltr' id='par_1_7' title="bbox 184 1752 1814 2730">
     <span class='ocr_line' id='line_1_24' title="bbox 306 1752 1814 1811; baseline -0.001 -14"><span class='ocrx_word' id='word_1_212' title='bbox 306 1753 362 1797; x_wconf 81' lang='lat'>1.⁰</span> <span class='ocrx_word' id='word_1_213' title='bbox 396 1753 616 1811; x_wconf 80' lang='lat' dir='ltr'>Nequeunt</span> <span class='ocrx_word' id='word_1_214' title='bbox 651 1753 760 1797; x_wconf 84' lang='lat' dir='ltr'>licite</span> <span class='ocrx_word' id='word_1_215' title='bbox 794 1753 834 1811; x_wconf 88' lang='lat' dir='ltr'>a)</span> <span class='ocrx_word' id='word_1_216' title='bbox 869 1753 1015 1796; x_wconf 81' lang='lat' dir='ltr'>divina</span> <span class='ocrx_word' id='word_1_217' title='bbox 1042 1753 1176 1811; x_wconf 82' lang='lat' dir='ltr'>officia</span> <span class='ocrx_word' id='word_1_218' title='bbox 1211 1753 1320 1810; x_wconf 90' lang='lat' dir='ltr'>(can.</span> <span class='ocrx_word' id='word_1_219' title='bbox 1355 1753 1544 1807; x_wconf 64' lang='lat'>2256,§</span> <span class='ocrx_word' id='word_1_220' title='bbox 1578 1753 1635 1810; x_wconf 78' lang='lat' dir='ltr'>l),</span> <span class='ocrx_word' id='word_1_221' title='bbox 1668 1755 1699 1796; x_wconf 88' lang='lat' dir='ltr'>si</span> <span class='ocrx_word' id='word_1_222' title='bbox 1734 1752 1814 1797; x_wconf 90' lang='lat' dir='ltr'>cle-</span> 
     </span>
     <span class='ocr_line' id='line_1_25' title="bbox 186 1823 1814 1882; baseline 0 -14"><span class='ocrx_word' id='word_1_223' title='bbox 186 1828 258 1869; x_wconf 89' lang='lat' dir='ltr'>rici</span> <span class='ocrx_word' id='word_1_224' title='bbox 293 1827 387 1879; x_wconf 75' lang='lat' dir='ltr'>sint,</span> <span class='ocrx_word' id='word_1_225' title='bbox 421 1824 632 1868; x_wconf 80' lang='lat' dir='ltr'>celebrare</span> <span class='ocrx_word' id='word_1_226' title='bbox 666 1824 708 1882; x_wconf 85' lang='lat' dir='ltr'>b)</span> <span class='ocrx_word' id='word_1_227' title='bbox 741 1824 862 1875; x_wconf 71' lang='lat' dir='ltr'>eisne,</span> <span class='ocrx_word' id='word_1_228' title='bbox 896 1830 1068 1882; x_wconf 56' lang='lat' dir='ltr'>excepta</span> <span class='ocrx_word' id='word_1_229' title='bbox 1098 1823 1420 1882; x_wconf 84' lang='lat' dir='ltr'>praedicatione</span> <span class='ocrx_word' id='word_1_230' title='bbox 1452 1823 1564 1867; x_wconf 68' lang='lat' dir='ltr'>verbi</span> <span class='ocrx_word' id='word_1_231' title='bbox 1599 1823 1674 1867; x_wconf 89' lang='lat' dir='ltr'>Dei</span> <span class='ocrx_word' id='word_1_232' title='bbox 1701 1826 1814 1868; x_wconf 79' lang='lat' dir='ltr'>iuxta</span> 
     </span>
     <span class='ocr_line' id='line_1_26' title="bbox 185 1895 1813 1953; baseline -0.001 -13"><span class='ocrx_word' id='word_1_233' title='bbox 185 1909 275 1952; x_wconf 86' lang='lat' dir='ltr'>cap.</span> <span class='ocrx_word' id='word_1_234' title='bbox 301 1896 353 1939; x_wconf 79' lang='lat'>43</span> <span class='ocrx_word' id='word_1_235' title='bbox 378 1896 427 1939; x_wconf 95' lang='lat' dir='ltr'>ad</span> <span class='ocrx_word' id='word_1_236' title='bbox 463 1909 553 1940; x_wconf 93' lang='lat' dir='ltr'>can.</span> <span class='ocrx_word' id='word_1_237' title='bbox 580 1896 685 1939; x_wconf 64' lang='lat'>2271</span> <span class='ocrx_word' id='word_1_238' title='bbox 717 1895 908 1951; x_wconf 84' lang='lat' dir='ltr'>relatum,</span> <span class='ocrx_word' id='word_1_239' title='bbox 932 1895 1134 1938; x_wconf 83' lang='lat' dir='ltr'>assistere</span> <span class='ocrx_word' id='word_1_240' title='bbox 1165 1897 1359 1953; x_wconf 90' lang='lat' dir='ltr'>quamvis</span> <span class='ocrx_word' id='word_1_241' title='bbox 1393 1908 1506 1938; x_wconf 88' lang='lat' dir='ltr'>mera</span> <span class='ocrx_word' id='word_1_242' title='bbox 1539 1895 1672 1939; x_wconf 91' lang='lat' dir='ltr'>solum</span> <span class='ocrx_word' id='word_1_243' title='bbox 1698 1908 1813 1952; x_wconf 90' lang='lat' dir='ltr'>prae·</span> 
     </span>
     <span class='ocr_line' id='line_1_27' title="bbox 185 1966 1813 2024; baseline -0.001 -14"><span class='ocrx_word' id='word_1_244' title='bbox 185 1969 340 2021; x_wconf 79' lang='lat' dir='ltr'>sentia;</span> <span class='ocrx_word' id='word_1_245' title='bbox 367 1993 419 1997; x_wconf 85' lang='lat'>—</span> <span class='ocrx_word' id='word_1_246' title='bbox 442 1967 610 2024; x_wconf 67' lang='lat' dir='ltr'>passive</span> <span class='ocrx_word' id='word_1_247' title='bbox 642 1966 888 2009; x_wconf 83' lang='lat' dir='ltr'>assistentes</span> <span class='ocrx_word' id='word_1_248' title='bbox 916 1980 998 2010; x_wconf 89' lang='lat' dir='ltr'>non</span> <span class='ocrx_word' id='word_1_249' title='bbox 1021 1971 1083 2010; x_wconf 90' lang='lat' dir='ltr'>est</span> <span class='ocrx_word' id='word_1_250' title='bbox 1105 1980 1269 2009; x_wconf 91' lang='lat' dir='ltr'>necesse</span> <span class='ocrx_word' id='word_1_251' title='bbox 1301 1980 1373 2023; x_wconf 89' lang='lat' dir='ltr'>pro</span> <span class='ocrx_word' id='word_1_252' title='bbox 1407 1966 1497 2009; x_wconf 87' lang='lat' dir='ltr'>aliis</span> <span class='ocrx_word' id='word_1_253' title='bbox 1529 1966 1722 2009; x_wconf 86' lang='lat' dir='ltr'>fidelibus</span> <span class='ocrx_word' id='word_1_254' title='bbox 1745 1971 1813 2009; x_wconf 89' lang='lat' dir='ltr'>aut</span> 
     </span>
     <span class='ocr_line' id='line_1_28' title="bbox 185 2036 1811 2095; baseline -0.001 -15"><span class='ocrx_word' id='word_1_255' title='bbox 185 2037 361 2088; x_wconf 80' lang='lat' dir='ltr'>clericis,</span> <span class='ocrx_word' id='word_1_256' title='bbox 397 2043 440 2080; x_wconf 87' lang='lat' dir='ltr'>ut</span> <span class='ocrx_word' id='word_1_257' title='bbox 477 2037 533 2080; x_wconf 92' lang='lat' dir='ltr'>illi</span> <span class='ocrx_word' id='word_1_258' title='bbox 566 2037 837 2095; x_wconf 68' lang='lat' dir='ltr'>erpellantur</span> <span class='ocrx_word' id='word_1_259' title='bbox 869 2050 891 2080; x_wconf 87' lang='lat' dir='ltr'>a</span> <span class='ocrx_word' id='word_1_260' title='bbox 925 2037 1014 2081; x_wconf 93' lang='lat' dir='ltr'>loco</span> <span class='ocrx_word' id='word_1_261' title='bbox 1047 2049 1188 2091; x_wconf 74' lang='lat' dir='ltr'>sacro3</span> <span class='ocrx_word' id='word_1_262' title='bbox 1223 2036 1296 2080; x_wconf 89' lang='lat' dir='ltr'>sed</span> <span class='ocrx_word' id='word_1_263' title='bbox 1318 2036 1367 2079; x_wconf 85' lang='lat' dir='ltr'>ab</span> <span class='ocrx_word' id='word_1_264' title='bbox 1395 2036 1642 2079; x_wconf 75' lang='lat' dir='ltr'>assistentia</span> <span class='ocrx_word' id='word_1_265' title='bbox 1661 2037 1811 2087; x_wconf 67' lang='lat' dir='ltr'>activa,</span> 
     </span>
     <span class='ocr_line' id='line_1_29' title="bbox 188 2107 1814 2165; baseline 0.001 -16"><span class='ocrx_word' id='word_1_266' title='bbox 188 2121 225 2152; x_wconf 84' lang='lat' dir='ltr'>v.</span> <span class='ocrx_word' id='word_1_267' title='bbox 261 2122 320 2164; x_wconf 81' lang='lat' dir='ltr'>gr.</span> <span class='ocrx_word' id='word_1_268' title='bbox 356 2121 377 2151; x_wconf 89' lang='lat' dir='ltr'>a</span> <span class='ocrx_word' id='word_1_269' title='bbox 412 2109 634 2151; x_wconf 89' lang='lat' dir='ltr'>deterendo</span> <span class='ocrx_word' id='word_1_270' title='bbox 668 2121 790 2151; x_wconf 91' lang='lat' dir='ltr'>cereo</span> <span class='ocrx_word' id='word_1_271' title='bbox 825 2110 862 2150; x_wconf 93' lang='lat' dir='ltr'>in</span> <span class='ocrx_word' id='word_1_272' title='bbox 898 2107 1243 2162; x_wconf 78' lang='lat' dir='ltr'>processionibus,</span> <span class='ocrx_word' id='word_1_273' title='bbox 1266 2121 1286 2150; x_wconf 88' lang='lat' dir='ltr'>a</span> <span class='ocrx_word' id='word_1_274' title='bbox 1320 2112 1441 2150; x_wconf 88' lang='lat' dir='ltr'>cantu</span> <span class='ocrx_word' id='word_1_275' title='bbox 1477 2107 1684 2163; x_wconf 73' lang='lat' dir='ltr'>liturgico,</span> <span class='ocrx_word' id='word_1_276' title='bbox 1708 2121 1814 2165; x_wconf 83' lang='lat' dir='ltr'>quae</span> 
     </span>
     <span class='ocr_line' id='line_1_30' title="bbox 185 2177 1811 2236; baseline 0 -15"><span class='ocrx_word' id='word_1_277' title='bbox 185 2180 244 2222; x_wconf 88' lang='lat' dir='ltr'>sic</span> <span class='ocrx_word' id='word_1_278' title='bbox 277 2179 591 2233; x_wconf 81' lang='lat' dir='ltr'>determinatur,</span> <span class='ocrx_word' id='word_1_279' title='bbox 627 2192 797 2230; x_wconf 86' lang='lat' dir='ltr'>nempe:</span> <span class='ocrx_word' id='word_1_280' title='bbox 833 2178 1021 2236; x_wconf 89' lang='lat' dir='ltr'>aliquam</span> <span class='ocrx_word' id='word_1_281' title='bbox 1053 2178 1306 2236; x_wconf 81' lang='lat' dir='ltr'>secumserat</span> <span class='ocrx_word' id='word_1_282' title='bbox 1336 2177 1710 2235; x_wconf 80' lang='lat' dir='ltr'>participationem</span> <span class='ocrx_word' id='word_1_283' title='bbox 1738 2181 1811 2221; x_wconf 92' lang='lat' dir='ltr'>etsi</span> 
     </span>
     <span class='ocr_line' id='line_1_31' title="bbox 187 2248 1814 2306; baseline 0 -14"><span class='ocrx_word' id='word_1_284' title='bbox 187 2248 302 2292; x_wconf 90' lang='lat' dir='ltr'>laicis</span> <span class='ocrx_word' id='word_1_285' title='bbox 334 2262 572 2292; x_wconf 89' lang='lat' dir='ltr'>concessam</span> <span class='ocrx_word' id='word_1_286' title='bbox 608 2250 651 2291; x_wconf 91' lang='lat' dir='ltr'>in</span> <span class='ocrx_word' id='word_1_287' title='bbox 684 2248 841 2291; x_wconf 79' lang='lat' dir='ltr'>divinis</span> <span class='ocrx_word' id='word_1_288' title='bbox 873 2248 1019 2306; x_wconf 78' lang='lat' dir='ltr'>officiis</span> <span class='ocrx_word' id='word_1_289' title='bbox 1053 2251 1165 2292; x_wconf 89' lang='lat' dir='ltr'>iuxta</span> <span class='ocrx_word' id='word_1_290' title='bbox 1190 2249 1336 2291; x_wconf 87' lang='lat' dir='ltr'>horum</span> <span class='ocrx_word' id='word_1_291' title='bbox 1361 2249 1705 2304; x_wconf 84' lang='lat' dir='ltr'>significationem</span> <span class='ocrx_word' id='word_1_292' title='bbox 1743 2262 1814 2305; x_wconf 93' lang='lat' dir='ltr'>per</span> 
     </span>
     <span class='ocr_line' id='line_1_32' title="bbox 186 2318 1812 2376; baseline 0 -13"><span class='ocrx_word' id='word_1_293' title='bbox 186 2320 359 2363; x_wconf 84' lang='lat' dir='ltr'>clericos</span> <span class='ocrx_word' id='word_1_294' title='bbox 391 2319 666 2373; x_wconf 82' lang='lat' dir='ltr'>celebrandis,</span> <span class='ocrx_word' id='word_1_295' title='bbox 698 2333 748 2362; x_wconf 82' lang='lat' dir='ltr'>ex</span> <span class='ocrx_word' id='word_1_296' title='bbox 791 2322 961 2363; x_wconf 91' lang='lat' dir='ltr'>canonis</span> <span class='ocrx_word' id='word_1_297' title='bbox 1003 2322 1255 2376; x_wconf 84' lang='lat' dir='ltr'>praescripto</span> <span class='ocrx_word' id='word_1_298' title='bbox 1288 2318 1554 2376; x_wconf 85' lang='lat' dir='ltr'>repellantur</span> <span class='ocrx_word' id='word_1_299' title='bbox 1588 2319 1709 2362; x_wconf 91' lang='lat' dir='ltr'>modo</span> <span class='ocrx_word' id='word_1_300' title='bbox 1743 2319 1812 2363; x_wconf 92' lang='lat' dir='ltr'>de-</span> 
     </span>
     <span class='ocr_line' id='line_1_33' title="bbox 187 2389 1814 2448; baseline -0.001 -15"><span class='ocrx_word' id='word_1_301' title='bbox 187 2390 269 2434; x_wconf 83' lang='lat' dir='ltr'>bito</span> <span class='ocrx_word' id='word_1_302' title='bbox 304 2390 522 2433; x_wconf 80' lang='lat' dir='ltr'>interdicti</span> <span class='ocrx_word' id='word_1_303' title='bbox 555 2391 605 2434; x_wconf 91' lang='lat' dir='ltr'>de</span> <span class='ocrx_word' id='word_1_304' title='bbox 638 2390 789 2448; x_wconf 86' lang='lat' dir='ltr'>quibus</span> <span class='ocrx_word' id='word_1_305' title='bbox 822 2393 860 2433; x_wconf 94' lang='lat' dir='ltr'>in</span> <span class='ocrx_word' id='word_1_306' title='bbox 896 2403 1054 2433; x_wconf 91' lang='lat' dir='ltr'>canone</span> <span class='ocrx_word' id='word_1_307' title='bbox 1086 2391 1127 2447; x_wconf 91' lang='lat' dir='ltr'>a)</span> <span class='ocrx_word' id='word_1_308' title='bbox 1148 2395 1242 2448; x_wconf 89' lang='lat' dir='ltr'>post</span> <span class='ocrx_word' id='word_1_309' title='bbox 1275 2389 1408 2432; x_wconf 86' lang='lat' dir='ltr'>latam</span> <span class='ocrx_word' id='word_1_310' title='bbox 1439 2389 1691 2432; x_wconf 87' lang='lat' dir='ltr'>sententiam</span> <span class='ocrx_word' id='word_1_311' title='bbox 1723 2403 1814 2433; x_wconf 90' lang='lat' dir='ltr'>con-</span> 
     </span>
     <span class='ocr_line' id='line_1_34' title="bbox 184 2460 1812 2517; baseline 0 -14"><span class='ocrx_word' id='word_1_312' title='bbox 184 2460 494 2504; x_wconf 86' lang='lat' dir='ltr'>demnatoriam</span> <span class='ocrx_word' id='word_1_313' title='bbox 526 2461 589 2504; x_wconf 80' lang='lat' dir='ltr'>vel</span> <span class='ocrx_word' id='word_1_314' title='bbox 620 2461 952 2504; x_wconf 80' lang='lat' dir='ltr'>declaratoriam</span> <span class='ocrx_word' id='word_1_315' title='bbox 985 2461 1220 2504; x_wconf 90' lang='lat' dir='ltr'>huiusmodi</span> <span class='ocrx_word' id='word_1_316' title='bbox 1258 2473 1413 2517; x_wconf 85' lang='lat' dir='ltr'>poenae</span> <span class='ocrx_word' id='word_1_317' title='bbox 1453 2460 1711 2504; x_wconf 90' lang='lat' dir='ltr'>medicinalis</span> <span class='ocrx_word' id='word_1_318' title='bbox 1743 2465 1812 2503; x_wconf 93' lang='lat' dir='ltr'>aut</span> 
     </span>
     <span class='ocr_line' id='line_1_35' title="bbox 186 2530 1810 2588; baseline 0.001 -16"><span class='ocrx_word' id='word_1_319' title='bbox 186 2531 483 2587; x_wconf 82' lang='lat' dir='ltr'>vindicativae‚</span> <span class='ocrx_word' id='word_1_320' title='bbox 509 2544 614 2588; x_wconf 89' lang='lat' dir='ltr'>quae</span> <span class='ocrx_word' id='word_1_321' title='bbox 639 2532 822 2575; x_wconf 86' lang='lat' dir='ltr'>clausula</span> <span class='ocrx_word' id='word_1_322' title='bbox 849 2533 922 2574; x_wconf 81' lang='lat' dir='ltr'>fuit</span> <span class='ocrx_word' id='word_1_323' title='bbox 956 2531 1007 2575; x_wconf 90' lang='lat' dir='ltr'>ad</span> <span class='ocrx_word' id='word_1_324' title='bbox 1040 2544 1131 2575; x_wconf 90' lang='lat' dir='ltr'>can.</span> <span class='ocrx_word' id='word_1_325' title='bbox 1157 2531 1270 2574; x_wconf 68' lang='lat'>2258</span> <span class='ocrx_word' id='word_1_326' title='bbox 1293 2531 1515 2586; x_wconf 76' lang='lat' dir='ltr'>declarata,</span> <span class='ocrx_word' id='word_1_327' title='bbox 1542 2530 1584 2588; x_wconf 89' lang='lat' dir='ltr'>b)</span> <span class='ocrx_word' id='word_1_328' title='bbox 1608 2536 1683 2573; x_wconf 88' lang='lat' dir='ltr'>aut</span> <span class='ocrx_word' id='word_1_329' title='bbox 1706 2530 1810 2573; x_wconf 89' lang='lat' dir='ltr'>alio-</span> 
     </span>
     <span class='ocr_line' id='line_1_36' title="bbox 184 2600 1809 2659; baseline 0 -15"><span class='ocrx_word' id='word_1_330' title='bbox 184 2601 285 2659; x_wconf 85' lang='lat' dir='ltr'>quin</span> <span class='ocrx_word' id='word_1_331' title='bbox 318 2605 440 2645; x_wconf 89' lang='lat' dir='ltr'>etiam</span> <span class='ocrx_word' id='word_1_332' title='bbox 491 2604 579 2645; x_wconf 87' lang='lat' dir='ltr'>sine</span> <span class='ocrx_word' id='word_1_333' title='bbox 628 2602 695 2645; x_wconf 89' lang='lat' dir='ltr'>illa</span> <span class='ocrx_word' id='word_1_334' title='bbox 738 2602 903 2645; x_wconf 90' lang='lat' dir='ltr'>notorie</span> <span class='ocrx_word' id='word_1_335' title='bbox 940 2617 960 2643; x_wconf 80' lang='lat'>«</span> <span class='ocrx_word' id='word_1_336' title='bbox 985 2604 1229 2645; x_wconf 84' lang='lat' dir='ltr'>notorietate</span> <span class='ocrx_word' id='word_1_337' title='bbox 1264 2604 1364 2645; x_wconf 91' lang='lat' dir='ltr'>iuris</span> <span class='ocrx_word' id='word_1_338' title='bbox 1396 2606 1467 2644; x_wconf 90' lang='lat' dir='ltr'>aut</span> <span class='ocrx_word' id='word_1_339' title='bbox 1499 2602 1593 2645; x_wconf 86' lang='lat' dir='ltr'>facti</span> <span class='ocrx_word' id='word_1_340' title='bbox 1616 2616 1636 2642; x_wconf 69' lang='lat'>1&gt;</span> <span class='ocrx_word' id='word_1_341' title='bbox 1675 2600 1809 2658; x_wconf 90' lang='lat' dir='ltr'>quoad</span> 
     </span>
     <span class='ocr_line' id='line_1_37' title="bbox 184 2671 1521 2730; baseline 0 -15"><span class='ocrx_word' id='word_1_342' title='bbox 184 2672 381 2716; x_wconf 90' lang='lat' dir='ltr'>delictum</span> <span class='ocrx_word' id='word_1_343' title='bbox 416 2677 456 2716; x_wconf 88' lang='lat' dir='ltr'>et</span> <span class='ocrx_word' id='word_1_344' title='bbox 488 2673 621 2730; x_wconf 89' lang='lat' dir='ltr'>quoad</span> <span class='ocrx_word' id='word_1_345' title='bbox 658 2685 831 2729; x_wconf 89' lang='lat' dir='ltr'>poenam</span> <span class='ocrx_word' id='word_1_346' title='bbox 868 2671 923 2715; x_wconf 92' lang='lat' dir='ltr'>illi</span> <span class='ocrx_word' id='word_1_347' title='bbox 956 2672 1160 2716; x_wconf 88' lang='lat' dir='ltr'>adnexam</span> <span class='ocrx_word' id='word_1_348' title='bbox 1196 2671 1425 2715; x_wconf 87' lang='lat' dir='ltr'>interdicti.</span> <span class='ocrx_word' id='word_1_349' title='bbox 1517 2675 1521 2678; x_wconf 76' lang='grc'><em>’</em></span> 
     </span>
    </p>

    <p class='ocr_par' dir='ltr' id='par_1_8' title="bbox 185 2740 1809 2939">
     <span class='ocr_line' id='line_1_38' title="bbox 302 2740 1809 2799; baseline -0.001 -14"><span class='ocrx_word' id='word_1_350' title='bbox 302 2743 366 2787; x_wconf 60' lang='grc'>20</span> <span class='ocrx_word' id='word_1_351' title='bbox 402 2741 683 2786; x_wconf 80' lang='lat' dir='ltr'>Prohibentur</span> <span class='ocrx_word' id='word_1_352' title='bbox 716 2743 991 2786; x_wconf 80' lang='lat' dir='ltr'>Sacramenta</span> <span class='ocrx_word' id='word_1_353' title='bbox 1024 2741 1232 2799; x_wconf 85' lang='lat' dir='ltr'>quaelibet</span> <span class='ocrx_word' id='word_1_354' title='bbox 1270 2748 1308 2785; x_wconf 92' lang='lat' dir='ltr'>et</span> <span class='ocrx_word' id='word_1_355' title='bbox 1342 2740 1694 2797; x_wconf 68' lang='lat' dir='ltr'>Sacramentalia⁷</span> <span class='ocrx_word' id='word_1_356' title='bbox 1729 2753 1809 2798; x_wconf 87' lang='lat' dir='ltr'>qua</span> 
     </span>
     <span class='ocr_line' id='line_1_39' title="bbox 185 2810 1808 2871; baseline -0.001 -15"><span class='ocrx_word' id='word_1_357' title='bbox 185 2815 367 2856; x_wconf 85' lang='lat' dir='ltr'>actiones</span> <span class='ocrx_word' id='word_1_358' title='bbox 400 2813 440 2870; x_wconf 87' lang='lat' dir='ltr'>a)</span> <span class='ocrx_word' id='word_1_359' title='bbox 475 2813 737 2869; x_wconf 77' lang='lat' dir='ltr'>ministrare,</span> <span class='ocrx_word' id='word_1_360' title='bbox 771 2826 851 2871; x_wconf 90' lang='lat' dir='ltr'>qua</span> <span class='ocrx_word' id='word_1_361' title='bbox 885 2826 950 2856; x_wconf 90' lang='lat' dir='ltr'>res</span> <span class='ocrx_word' id='word_1_362' title='bbox 982 2811 1026 2870; x_wconf 84' lang='lat' dir='ltr'>h)</span> <span class='ocrx_word' id='word_1_363' title='bbox 1060 2813 1272 2869; x_wconf 82' lang='lat' dir='ltr'>conficere,</span> <span class='ocrx_word' id='word_1_364' title='bbox 1306 2817 1429 2870; x_wconf 82' lang='lat' dir='ltr'>atque</span> <span class='ocrx_word' id='word_1_365' title='bbox 1466 2812 1567 2856; x_wconf 84' lang='lat' dir='ltr'>haec</span> <span class='ocrx_word' id='word_1_366' title='bbox 1600 2812 1681 2855; x_wconf 90' lang='lat' dir='ltr'>duo</span> <span class='ocrx_word' id='word_1_367' title='bbox 1714 2810 1808 2868; x_wconf 74' lang='lat' dir='ltr'>Sup-</span> 
     </span>
     <span class='ocr_line' id='line_1_40' title="bbox 188 2881 1808 2939; baseline -0.001 -14"><span class='ocrx_word' id='word_1_368' title='bbox 188 2888 343 2938; x_wconf 86' lang='lat' dir='ltr'>ponunt</span> <span class='ocrx_word' id='word_1_369' title='bbox 375 2884 425 2926; x_wconf 92' lang='lat' dir='ltr'>ad</span> <span class='ocrx_word' id='word_1_370' title='bbox 461 2896 648 2926; x_wconf 88' lang='lat' dir='ltr'>normam</span> <span class='ocrx_word' id='word_1_371' title='bbox 683 2896 773 2927; x_wconf 91' lang='lat' dir='ltr'>can.</span> <span class='ocrx_word' id='word_1_372' title='bbox 813 2883 937 2938; x_wconf 69' lang='lat'>1147,</span> <span class='ocrx_word' id='word_1_373' title='bbox 971 2883 1233 2926; x_wconf 86' lang='lat' dir='ltr'>interdictam</span> <span class='ocrx_word' id='word_1_374' title='bbox 1270 2895 1484 2939; x_wconf 86' lang='lat' dir='ltr'>personam</span> <span class='ocrx_word' id='word_1_375' title='bbox 1520 2895 1611 2926; x_wconf 87' lang='lat' dir='ltr'>esse</span> <span class='ocrx_word' id='word_1_376' title='bbox 1639 2897 1661 2922; x_wconf 73' lang='grc' dir='ltr'>α</span> <span class='ocrx_word' id='word_1_377' title='bbox 1684 2881 1808 2924; x_wconf 90' lang='lat' dir='ltr'>lecto-</span> 
     </span>
    </p>
   </div>
   <div class='ocr_carea' id='block_1_5' title="bbox 1936 2842 1950 2968">
    <p class='ocr_par' dir='ltr' id='par_1_9' title="bbox 1936 2842 1950 3006">
     <span class='ocr_line' id='line_1_41' title="bbox 1936 2842 1950 2968; baseline 0 0"><span class='ocrx_word' id='word_1_378' title='bbox 1936 2842 1950 2968; x_wconf 69' lang='lat' dir='ltr'>i</span> 
     </span>
    </p>
   </div>
   <div class='ocr_carea' id='block_1_6' title="bbox 1933 3119 1950 3313">
    <p class='ocr_par' dir='ltr' id='par_1_10' title="bbox 1933 3119 1950 3313">
     <span class='ocr_line' id='line_1_42' title="bbox 1933 3119 1950 3313; textangle 90"><span class='ocrx_word' id='word_1_379' title='bbox 1933 3275 1950 3313; x_wconf 54' lang='lat' dir='ltr'>m</span> <span class='ocrx_word' id='word_1_380' title='bbox 1935 3230 1950 3246; x_wconf 81' lang='grc'>-,</span> <span class='ocrx_word' id='word_1_381' title='bbox 1936 3187 1950 3202; x_wconf 69' lang='lat' dir='ltr'>-n</span> <span class='ocrx_word' id='word_1_382' title='bbox 1940 3119 1942 3121; x_wconf 78' lang='grc'>,</span> 
     </span>
    </p>
   </div>
  </div>
 </body>
</html>
