1950 3313
149 154 218 188 286
519 152 602 185 Lm.
629 153 668 186 V.
691 172 703 177 -
722 152 832 186 PARS
850 152 922 186 III.
945 172 958 178 -
975 153 1033 188 De
1044 156 1182 197 poenis
1200 155 1243 188 in
1260 154 1401 188 delicta
1451 152 1543 187 Can.
1570 151 1781 186 eaeo-aava

149 277 368 317 serventur
402 285 473 328 pro
508 273 656 314 minori
690 271 854 327 delicto,
880 284 927 315 ac
952 274 1055 315 iuste
1081 286 1247 328 prorsus
1278 273 1506 316 secundum
1542 276 1771 315 extremam

148 342 269 386 huius
302 341 440 384 delicti
475 343 667 384 nocivam
703 344 967 398 pravitatem.
1006 341 1108 386 Cau.
1141 344 1281 387 2369.
1314 343 1342 400 ἓ
1375 346 1411 386 1.
1440 341 1768 400 Forisessarium,

147 426 225 456 non
250 415 571 468 «interpretem,
591 411 776 470 aliosque
795 426 938 456 omnes
961 413 1010 456 ad
1036 426 1138 470 quos
1156 416 1299 457 notitia
1323 414 1590 457 consessionis
1608 426 1773 470 quoquo

150 484 269 526 modo
304 485 585 539 pervenerit»
625 482 733 540 (can.
769 484 869 538 889,
900 484 928 542 ξ
962 484 1019 541 2),
1055 485 1125 528 sed
1171 485 1428 528 sacerdotem
1463 483 1503 541 a)
1539 484 1611 542 qui
1641 495 1781 527 sacra-

149 553 366 597 mentalem
402 554 704 597 confessionem
741 556 909 610 recepit,
957 559 996 598 et
1041 554 1233 611 siyitlum
1270 554 1580 597 sacramentale
1601 557 1650 597 ·in
1685 556 1778 598 cit.⁰·

146 630 253 668 can.‘³
277 624 542 681 explicatum,
576 623 734 667 directe
771 641 792 666 «
815 625 954 680 verbo,
979 628 1110 682 signo,
1138 626 1315 682 prodens
1349 630 1607 682 peccatorem
1633 641 1654 665 »
1691 637 1772 683 qua

146 695 269 738 talem
305 697 342 738 in
377 696 650 747 confessione,
685 695 846 738 violare
877 710 948 739 seu
985 697 1176 752 frangere
1212 697 1326 750 illud,
1348 688 1479 747 idest,
1506 701 1548 740 ut
1571 698 1626 739 ait
1648 694 1776 741 Cone,

146 765 279 808 Later.
315 767 352 808 in
387 778 476 821 cap.
517 763 708 810 «Omnis
744 769 958 824 utriusque
992 781 1159 810 sexus->³
1202 767 1252 810 1⁶2
1287 766 1353 825 (V,
1374 766 1468 823 38):
1509 783 1530 808 «
1556 771 1768 823 peccatum

148 838 184 878 in
220 836 501 892 poenitentiali
535 836 688 880 iudicio
726 836 803 880 sibi
846 837 1056 881 detectum
1093 837 1324 881 revelare»
1349 837 1684 895 praesumpserit
1717 839 1773 881 ita

149 912 190 950 ut
223 907 329 950 desit
366 923 388 948 «
410 906 619 964 quaelibet
653 907 985 963 imputabilitatis
1029 910 1263 951 imminutio
1296 909 1388 952 sive
1421 921 1471 951 ex
1507 913 1620 964 parte
1655 908 1776 951 intel-v

148 977 276 1021 lectus
298 977 491 1035 (excepta
520 980 790 1033 «ignorantia
815 979 1003 1022 ati'eetata
1038 981 1127 1022 sive
1161 979 1263 1035 legis
1285 981 1374 1022 sive
1396 978 1523 1022 solius
1546 992 1702 1035 poenae
1725 980 1777 1035 )))»1

145 1051 234 1092 sive
268 1062 316 1092 ex
353 1054 467 1105 parte
502 1049 725 1092 voluntatis
748 1065 768 1090 ))
799 1049 906 1107 (can.
934 1050 1061 1104 2229,
1083 1050 1140 1108 §g
1166 1051 1203 1102 l,
1229 1050 1286 1107 Q),
1311 1049 1433 1093 talem
1463 1049 1769 1107 delinquentem

145 1125 297 1174 maurel,
333 1122 426 1177 quia
477 1122 563 1176 ipso
613 1121 719 1164 iacto
769 1123 1011 1174 incurritur,
1043 1121 1417 1163 &communicatio
1466 1120 1780 1178 specialissimo

146 1189 265 1234 modo
291 1190 388 1233 Sedi'
411 1190 676 1248 Aposlolicae
698 1197 939 1245 reservam‚-
965 1191 1004 1244 bl
1028 1192 1100 1249 qui
1124 1206 1217 1235 vero
1241 1191 1386 1248 supple
1417 1207 1435 1232 (‹
1456 1192 1775 1235 confessarius»

148 1260 353 1304 indirecte
401 1267 577 1318 tautum,
612 1262 791 1306 scilicet:
831 1278 852 1303 «
880 1262 1022 1317 verbo,
1053 1265 1197 1319 signis,
1230 1263 1366 1306 aliove
1410 1266 1558 1320 quovis
1584 1263 1723 1305 modo
1746 1278 1774 1303 nv

146 1333 373 1390 quidquam
410 1336 572 1376 incaute
605 1346 746 1390 agens,
780 1347 862 1391 quo
900 1333 1092 1390 «prodat
1125 1339 1383 1393 peccatorem
1408 1350 1448 1388 ›>,
1472 1339 1651 1378 attamen
1676 1333 1771 1377 sub-

147 1403 414 1459 intelligendo
448 1417 496 1446 ex
532 1409 752 1447 contextu:
793 1404 1021 1460 «sigillum
1069 1405 1369 1448 sacramentale
1419 1405 1606 1449 revelare
1656 1417 1777 1461 prae-—

145 1477 429 1531 sumpserit»,
467 1488 538 1531 per
580 1476 688 1532 quod
739 1474 910 1519 verbum
958 1476 1199 1532 designatur
1233 1476 1353 1520 liuius
1387 1476 1612 1519 indirectae
1650 1475 1774 1519 viola—

146 1547 266 1588 tionis
315 1545 431 1602 plena
481 1545 739 1599 deliberatio,
774 1545 977 1588 obuooeius
1021 1552 1082 1589 est
1119 1546 1269 1604 'poeuis
1313 1547 1506 1590 ferendae
1543 1549 1775 1589 sententiae

145 1615 349 1664 omnibus,
393 1615 444 1659 de
486 1616 633 1673 quibus
681 1616 725 1659 iu
773 1631 862 1659 caii.
897 1618 1038 1668 2368,
1070 1617 1098 1675 ἓ
1132 1618 1168 1672 1,
1202 1631 1296 1661 cum
1336 1617 1577 1674 gradatione
1613 1615 1771 1660 ibidem·

145 1686 377 1741 declarata3
402 1686 552 1744 quibus
580 1702 599 1728 ((
624 1686 761 1731 verbis
785 1687 1036 1731 facultativis
1053 1703 1092 1743 n,
1120 1690 1380 1745 potiusquam
1411 1703 1431 1729 «
1451 1689 1727 1745 praeceptivis
1745 1703 1764 1728 ))

146 1759 184 1800 in
238 1770 327 1801 can.
368 1770 504 1814 praec.
559 1758 769 1813 adhibitis,
822 1761 996 1802 «utitur
1044 1772 1174 1802 canon
1200 1775 1220 1800 ³>
1272 1772 1466 1815 praesens
1502 1760 1606 1814 (can.
1644 1758 1775 1813 2223,

261 1899 312 1944 Ut
344 1899 523 1956 sigillum
550 1900 851 1944 sacramentale
877 1901 1155 1958 undequaque
1182 1903 1378 1944 intactum
1407 1905 1660 1956 permaneat,
1682 1899 1772 1944 sub-

145 1971 256 2013 ditur
278 1973 303 2024 ἓ
326 1971 363 2013 ⁶2.
387 1969 659 2028 Quicumque,
676 1983 848 2028 nempe:
878 1973 1137 2028 «interpres,
1161 1971 1315 2028 aliique
1338 1985 1481 2014 ornnes
1504 1972 1554 2015 ad
1579 1984 1682 2029 quos
1707 1985 1779 2013 no—

145 2043 230 2084 titia
255 2042 524 2085 confessionis
546 2056 713 2099 quoquo
738 2042 860 2086 modo
885 2045 1124 2099 pervenerit
1148 2032 1185 2094 »ζ
1209 2042 1522 2100 praescriptum
1547 2056 1636 2085 cau.
1662 2043 1768 2097 889,

143 2111 170 2169 ξ
197 2114 229 2154 2
265 2113 504 2155 «servandi
537 2113 826 2156 sacramentali
861 2113 1044 2169 sigillum
1069 2130 1090 2154 »
1121 2119 1272 2156 temere
1295 2112 1488 2170 (verbum
1517 2113 1676 2169 plenam
1702 2126 1768 2156 co-

145 2184 370 2238 gnitionem
415 2196 462 2227 ac
503 2183 844 2227 deliberationem
889 2185 1078 2240 exigens)
1112 2183 1334 2227 violaverit
1366 2184 1522 2231 directe
1566 2183 1627 2226 vel
1665 2183 1768 2226 indi-

147 2258 256 2297 recte
289 2254 451 2311 aequali
487 2255 608 2297 modo
641 2267 689 2298 ac
721 2254 798 2298 sub
828 2254 874 2312 §0
912 2255 966 2310 10,
999 2269 1077 2312 pro
1109 2259 1254 2297 reatus
1284 2254 1513 2311 yracitate,
1537 2256 1768 2298 necessaria

144 2329 204 2367 est
236 2326 361 2380 igitur
394 2325 514 2381 culpa
548 2327 701 2381 gravis,
732 2324 947 2382 plectatur
979 2325 1165 2368 salutari
1197 2324 1273 2368 sibi
1313 2325 1459 2368 aliisve
1490 2339 1625 2382 pecua
1664 2340 1685 2366 c(
1709 2328 1767 2368 in-

142 2394 477 2447 determinata»,
513 2409 618 2451 quae
646 2400 783 2453 potest
816 2410 904 2438 esse
936 2396 1064 2438 eliam
1097 2395 1485 2445 excommimicatio,
1511 2401 1551 2438 ut
1580 2398 1772 2452 superior

144 2464 274 2521 limes,
311 2468 479 2522 praevie
512 2466 802 2510 comminanda
846 2472 1058 2524 tamquam
1095 2469 1182 2522 ipso
1217 2467 1324 2510 facto
1360 2467 1631 2519 incurrenda;
1666 2466 1768 2510 haec

142 2537 249 2578 enim
284 2540 344 2579 est
376 2550 541 2593 semper
574 2537 847 2592 medicinaliS,
880 2550 959 2580 non
997 2537 1264 2582 vindicativa.

261 2606 356 2649 ⁶212.
393 2608 583 2653 Delicta
606 2610 652 2652 in
676 2610 969 2665 peragenda
991 2610 1373 2666 recipiendaque
1396 2609 1771 2654 consecratione

142 2678 427 2734 episcopali.
461 2703 513 2707 —
550 2676 888 2721 Reservationem
914 2676 1135 2721 cuiuslibet
1168 2680 1490 2721 consecrationis
1523 2677 1769 2733 episcopalis

142 2749 273 2789 sancit
305 2760 395 2790 cau.
429 2748 568 2791 9370.
603 2745 853 2805 Episcopus,
901 2750 1023 2791 etiam
1073 2747 1250 2790 titularis
1297 2748 1366 2791 sed
1408 2751 1763 2792 «consecratus»

145 2815 251 2872 (can.
289 2816 404 2874 951),
440 2817 622 2874 ali‘quem
660 2833 681 2858 «
708 2820 842 2861 virum
878 2817 1170 2874 baptizatum»
1208 2818 1315 2874 (can.
1341 2819 1454 2873 968),
1487 2820 1561 2861 etsi
1597 2816 1766 2874 presby·

145 2891 278 2930 terum
298 2901 344 2930 ac
367 2890 443 2931 rite
462 2892 694 2944 promotum
715 2888 764 2931 ad
786 2888 1092 2944 Episcopatum,
1112 2891 1149 2941 a)
1172 2902 1419 2931 consecrans
1437 2889 1480 2930 iu
1497 2887 1766 2945 Episcopum,
