1950 3313
109 161 204 198 can.
230 161 325 196 2280
509 162 594 197 ΤΙΤ.
623 163 730 199 VIII.
759 186 772 190 -
797 167 852 201 De.
874 172 1009 211 poenis
1036 172 1332 206 medicinalibus·
1668 182 1731 214 1025

116 281 211 324 «de
248 283 328 324 vita
363 285 404 324 et
441 280 655 325 honestate
698 283 943 329 elericorum
969 304 989 328 »
1026 289 1103 341 (ΙΙΙ,
1146 291 1181 345 l)
1213 291 1291 333 illis
1328 294 1485 337 verbis:
1525 312 1542 336 α
1567 299 1606 340 Si
1641 302 1732 355 quis

112 354 238 409 igitur
271 351 348 395 hac
381 352 432 394 de
465 364 588 395 causa
622 366 845 409 suspensus
870 364 1189 415 praesumpserit
1212 362 1421 406 celebrare
1445 366 1584 410 divina
1611 384 1648 415 n,
1680 372 1730 412 ita

112 425 236 466 etiam
272 424 310 465 in
347 422 390 464 6Ο
426 421 702 466 Decretalium
755 434 1035 471 memorantur
1083 430 1186 473 aliae
1234 438 1534 489 suspensiones,
1568 441 1732 495 quando

114 493 268 537 dieitur
293 492 330 535 ¹:
369 491 462 535 «Et
495 492 764 537 nihilominus
800 497 1013 551 praelatus,
1049 503 1116 556 qui
1151 516 1268 544 sevus
1304 505 1486 555 iecerint,
1513 509 1597 562 ipso
1627 510 1732 551 taeta

113 563 164 608 ab
197 564 333 607 officio
366 567 404 606 et
437 563 809 619 administratione,
833 566 1005 609 clericos
1028 572 1148 612 etiam
1175 574 1242 627 qui
1267 575 1441 616 scientes
1464 582 1602 619 vonit-a
1631 579 1732 621 inlii-

115 634 311 678 bitionem
347 633 603 690 praedictam
628 634 784 692 aliquid
809 650 896 680 esse
923 646 1246 696 praesumptum,
1283 644 1317 684 id
1352 649 1550 700 superiori
1576 648 1732 691 ‹lenun-

114 707 216 749 tiare
250 705 524 762 neglexerint,
558 717 579 748 a
614 708 878 762 perceptione
913 707 1220 756 beneficiorum.
1246 726 1350 769 quae
1386 717 1421 756 in
1457 717 1627 760 ecelesia
1662 720 1730 762 ‹tl›-

113 778 245 820 tinent
276 778 335 819 sic
368 781 558 833 gravata,
592 778 768 820 triennio
811 782 1028 822 statuimus
1067 794 1154 824 esse
1196 796 1413 838 suspensos
1437 802 1474 830 ».
1510 787 1639 831 lluius
1671 804 1734 832 su-

112 849 345 904 spensionis
378 847 550 890 effectus
583 847 831 891 determinat
867 848 983 905 plene
1017 865 1106 895 ean.
1140 856 1278 897 3380.
1306 880 1355 883 -
1380 857 1407 911 ,ξ
1445 860 1474 900 l,
1510 858 1732 915 Suspensia

112 933 140 987 a
171 917 366 974 beneficio
402 922 444 961 ut
477 919 535 961 sic
568 919 609 975 a)
640 918 784 976 privat
816 918 1023 976 frea‘libas
1056 921 1254 978 beneficii,
1284 937 1385 981 ques
1418 940 1465 968 ex
1500 930 1587 970 eius
1621 943 1732 984 prae-

115 989 248 1034 benda
283 988 575 1033 beneficiarius
609 991 696 1032 iure
731 995 1002 1047 percepturus
1036 998 1152 1040 esset,
1192 996 1281 1037 sive
1321 997 1475 1039 reditus
1510 1003 1731 1053 pecuniarii

113 1063 206 1117 sint,
240 1063 330 1104 sive
363 1061 522 1104 fructus
555 1063 658 1117 agri,
696 1063 786 1104 sive
830 1064 1004 1118 pretium
1051 1063 1263 1107 locationis
1304 1066 1462 1113 domus,
1511 1069 1570 1111 vet
1617 1070 1735 1113 liuius·

116 1131 374 1186 inhabitatio,
408 1136 662 1189 quapropter
693 1131 879 1175 additum
916 1138 996 1177 est:
1032 1140 1203 1191 areepta
1238 1134 1510 1192 habitatione,
1534 1152 1654 1196 quam
1683 1144 1736 1183 in-

115 1206 254 1260 cipere
281 1202 343 1246 vel
381 1205 576 1260 prosequi
614 1206 746 1259 potest
779 1206 974 1259 gratuito,
999 1205 1038 1246 in
1064 1204 1235 1248 aedibus
1259 1205 1565 1262 beneficialibus
1591 1211 1626 1252 id
1653 1217 1733 1254 est:

115 1273 164 1317 ad
214 1277 368 1316 sortem
420 1272 610 1317 beneficii
660 1273 977 1330 pertinentibus,
1015 1275 1055 1332 b)
1089 1289 1169 1318 non
1213 1282 1348 1318 antem
1389 1279 1556 1334 supple:
1591 1281 1733 1324 eadem

121 1346 382 1400 «suspensio
416 1346 597 1401 privat»
631 1343 682 1388 ab
705 1345 940 1389 exercendo
973 1346 1066 1388 iure
1098 1346 1430 1390 adminis-trama·
1461 1348 1564 1392 bana
1598 1350 1737 1407 benesi-

115 1413 262 1469 eialia,
294 1414 402 1472 quod
438 1413 705 1458 beneficiarie
737 1429 936 1472 suspenso
968 1419 1164 1473 competit
1196 1418 1244 1460 ad
1281 1431 1465 1461 normam
1496 1433 1584 1464 can.
1614 1422 1736 1477 1476,

117 1486 201 1530 nisi
223 1485 434 1529 decretum
457 1485 520 1528 vel
542 1485 752 1529 sententia
775 1487 1075 1544 suspensionis,
1111 1490 1243 1543 prouti
1280 1488 1379 1532 llaec
1402 1489 1453 1532 de
1476 1503 1554 1548 qua
1588 1495 1736 1547 agitur,

116 1556 490 1602 extraiudieialiter
511 1556 573 1600 vel
600 1557 850 1601 iudicialiter
872 1559 994 1601 fuerit
1013 1559 1180 1613 inflicta,
1199 1564 1238 1602 et
1257 1559 1387 1616 ipsam
1408 1560 1738 1606 adnn‘nistramli

114 1633 365 1687 potestatem
387 1641 588 1686 suspenso
612 1628 848 1672 huiusmodi
874 1642 1068 1686 expresse
1092 1632 1129 1672 in
1154 1632 1242 1673 eius
1271 1634 1410 1674 tenore
1434 1631 1594 1675 adimat
1616 1634 1735 1677 simul

117 1704 156 1742 et
188 1698 269 1742 alii
303 1698 475 1754 tribnat,
508 1712 588 1742 non
623 1701 731 1742 enim
768 1701 850 1756 pati
885 1699 1005 1743 debet
1041 1702 1331 1756 patrimonium
1370 1700 1556 1746 benetieii
1591 1703 1641 1747 eb
1674 1705 1739 1747 de-

119 1771 271 1813 fectum
306 1769 668 1813 administratoris.

235 1839 338 1885 Cum
372 1854 494 1883 nemo
526 1840 676 1884 debeat
710 1843 888 1885 retinere
921 1841 1098 1884 alienum
1141 1841 1279 1884 illicite
1317 1848 1566 1899 susceptum,
1600 1848 1737 1888 statuit

117 1915 422 1969 consequenter
453 1911 480 1969 ἓ
511 1914 554 1954 2.
590 1912 648 1966 Si,
683 1912 873 1970 quamvis
906 1925 1081 1953 eensara
1115 1911 1244 1954 abste!
1277 1912 1327 1954 de
1361 1926 1438 1969 qua
1475 1916 1511 1956 in
1545 1914 1572 1971 ἐ
1600 1915 1652 1967 1“’,
1676 1915 1737 1957 be-

119 1981 363 2038 neficiarius
399 1994 575 2038 peccans
606 1981 773 2040 fruetus
804 1982 1013 2041 pereipiat
1046 1982 1096 2025 de
1131 1983 1235 2025 sacto
1268 1996 1315 2025 ac
1348 1983 1529 2040 quelibet
1553 1998 1600 2027 ex
1629 1998 1740 2041 prae-

118 2057 247 2108 textu,
279 2051 447 2111 fructus
478 2055 538 2096 sic
572 2059 788 2111 perceptos
809 2054 1034 2107 restituere
1055 2052 1184 2106 (lebet,
1209 2053 1379 2109 proinde
1413 2056 1485 2110 ipsi
1519 2055 1602 2098 doti
1624 2055 1740 2099 bene·

118 2124 213 2175 ficii,
247 2129 287 2166 et
320 2122 376 2167 ad
399 2122 506 2167 lianc
527 2124 840 2169 restitutionem
864 2129 901 2169 in
928 2128 1176 2170 conscientia
1202 2131 1239 2169 et
1264 2126 1417 2183 absque
1459 2126 1535 2169 ulla
1573 2129 1738 2182 praevia

118 2195 400 2239 declaratione
431 2201 502 2240 aut
535 2197 732 2240 mandate
766 2196 1044 2254 peragendam
1070 2197 1160 2255 eayi
1179 2203 1314 2255 potes!
1337 2197 1387 2240 al)
1415 2194 1637 2239 Ordinatio
1663 2197 1736 2240 leci

117 2265 254 2310 aliove
286 2266 509 2323 Superiore
542 2272 803 2324 competente
837 2268 1050 2311 canonicis
1083 2282 1254 2325 quoqne,
1292 2268 1503 2310 videlieet:
1530 2270 1566 2309 in
1591 2266 1740 2311 Codice

118 2335 347 2393 explicatis,
370 2336 409 2380 si
440 2350 544 2395 opas
575 2337 631 2380 sil
664 2338 714 2382 ad
748 2337 1017 2382 obtinendum
1045 2338 1157 2393 titud,
1182 2337 1466 2380 sanctionibus
1489 2351 1558 2380 seu
1587 2340 1737 2393 poenis

238 2407 336 2450 110-
372 2409 655 2466 Amplitudo
688 2412 1027 2467 suspensionis
1070 2409 1240 2465 triplicis
1282 2408 1358 2451 sul)
1391 2411 1415 2461 ξ
1450 2409 1471 2450 ’2
1504 2421 1591 2451 can.
1629 2408 1740 2450 2278

120 2479 277 2534 positae
309 2478 626 2534 determinatur,
659 2480 826 2538 quando
860 2479 936 2523 hae
969 2482 1257 2536 suspensiones
1289 2481 1365 2521 sint
1400 2478 1451 2521 ab
1486 2478 1647 2520 hennino
1683 2480 1737 2520 in-

120 2549 269 2591 tlietae.
303 2548 347 2592 ln
381 2562 470 2606 cap.
507 2550 559 2593 ⁶27
600 2566 619 2591 <c
643 2551 694 2598 tte
728 2550 929 2594 electione
963 2556 999 2594 et
1035 2550 1151 2593 electi
1190 2555 1431 2605 potestate»
1460 2549 1506 2605 (Ι,
1532 2549 1573 2604 (ί)
1611 2551 1645 2589 in
1683 2550 1739 2588 tw

121 2623 338 2676 postquam
371 2620 477 2663 dixit
511 2621 641 2666 Bonis.
680 2620 786 2666 Vlll:
817 2638 836 2662 «
863 2621 985 2664 Porro
1018 2635 1066 2663 eo
1099 2633 1210 2674 casu,
1235 2634 1326 2662 cum
1362 2621 1515 2662 scilieet
1552 2619 1740 2673 indignus

120 2690 288 2747 eligitur
319 2702 342 2733 a
375 2695 754 2748 compi-emissario,
791 2695 921 2749 ...ipse
954 2691 1013 2748 (ut
1049 2704 1176 2747 poena
1210 2704 1327 2733 suum
1355 2696 1561 2733 auctorem
1591 2688 1739 2743 teneat)

119 2773 142 2804 a
176 2759 388 2805 benetieiis
421 2761 715 2807 ecclesiasticis
749 2765 938 2816 triennio,
974 2765 1083 2805 iuxta
1115 2761 1385 2804 lateranense
1417 2761 1537 2801 (Iane.
1572 2772 1738 2814 ¹suspen-

215 2914 258 2958 (1)
288 2913 383 2959 Cap.
413 2915 436 2947 2
467 2930 480 2944 ‹
501 2914 546 2949 de
572 2915 689 2950 rebus
715 2916 901 2950 eeclesiae
928 2926 1005 2949 non
1032 2913 1249 2948 alienandis
1270 2929 1282 2942 »
1316 2912 1402 2954 (ΙΙΙ,
1432 2914 1466 2947 9)
1495 2911 1533 2944 in
1562 2913 1610 2942 ἐν’.
