1950 3313
769 140 937 176 Normcze
968 144 1166 186 yenerczlcs
1735 150 1779 183 :39

153 253 265 306 ralia,
303 259 342 297 ut
380 257 416 297 in
443 254 627 299 Ecclesia
668 272 686 297 «
712 262 847 301 onmia
875 259 1043 303 honeste
1068 266 1106 304 et
1134 264 1362 307 secundum
1388 266 1575 308 ordinem
1613 268 1707 309 liant
1730 284 1746 305 »
1769 285 1775 310 z

150 325 259 381 quod
298 327 499 381 praestitit
532 326 668 369 Codex
707 330 743 370 in
781 329 907 372 titulis
941 332 991 374 de
1028 332 1239 375 beneticiis
1272 334 1576 389 ecclesiasticis,
1610 337 1660 379 de
1688 337 1778 379 aliis

150 397 346 438 institutis
364 395 657 439 ecclesiasticis
691 411 768 441 non
794 401 1097 456 collegialilius,
1122 403 1172 445 de
1199 403 1314 446 lionis
1338 405 1629 449 ecclesiasticis
1652 408 1778 450 admi-

151 467 386 520 nistrandis,
420 480 467 510 ac
502 467 552 510 de
587 471 663 524 piis
698 471 1019 515 t'undatumilius.

269 536 332 579 lus
365 540 610 581 canonicum
659 539 719 583 liis
762 542 1082 586 concluderetur
1118 544 1315 587 limitibus
1357 549 1387 587 si
1423 561 1525 602 opus
1560 561 1635 590 non
1672 555 1774 592 esset

149 609 256 664 quod
295 609 405 665 leges
441 608 645 653 humanae
678 613 907 655 secundum
946 616 1006 657 ius
1039 619 1075 657 ct
1111 628 1288 672 aequum
1330 617 1590 672 aiqiliccntur
1613 620 1776 662 casibus

150 678 358 722 multoties
390 679 541 733 dubiis,
563 681 671 724 unde
694 687 1004 727 controversiae
1038 687 1135 727 oriri
1170 686 1300 729 solent
1336 689 1440 730 inter
1475 688 1628 732 lidclcs.
1654 695 1774 746 atquc

146 751 178 792 si
213 752 331 806 pravi
366 751 567 805 homines,
602 754 671 809 qui
707 752 915 797 Ecclesiae
950 756 1197 799 ordinationi
1226 759 1430 809 resistunt,
1457 772 1533 800 non
1567 766 1773 815 cogerent,

147 825 189 864 ut
221 823 327 864 sacri
372 835 553 865 canones
601 824 757 867 ellicaci
810 829 1048 869 muniantur
1095 831 1320 871 sanctione.
1357 828 1428 871 llis
1463 831 1775 874 necessitatilms

147 895 357 948 prospexit
393 892 576 937 Ecclesia
614 908 685 950 per
707 909 847 939 sacras
873 897 995 953 leges,
1021 897 1172 955 quilius
1197 904 1375 954 potestas
1401 899 1562 955 publica
1588 902 1774 944 ordinate

143 967 390 1006 exerceatur
425 965 463 1006 in
501 964 579 1007 illis
612 969 908 1009 controversiis
932 968 1179 1011 deliniendis
1203 982 1248 1012 ac
1275 971 1311 1011 in
1339 972 1480 1025 poenis
1503 970 1775 1026 applicandis,

142 1034 232 1076 sive
268 1034 517 1078 iudicialiter
552 1035 650 1079 illud
688 1038 769 1093 liat,
804 1040 892 1080 sire
926 1040 1310 1092 extraiudicialiter,
1345 1045 1597 1097 quapropter
1629 1056 1775 1083 conre-

144 1106 260 1147 niens
281 1106 355 1148 t'uit
375 1108 546 1149 mutatio
566 1108 845 1164 inscriptionis
872 1109 977 1151 Libri
1001 1109 1063 1162 ΙΥ,
1086 1115 1124 1153 ut
1150 1113 1199 1153 sit
1235 1126 1253 1150 «
1277 1110 1331 1153 De
1358 1111 1618 1167 processibus
1638 1131 1655 1151 >›
1688 1113 1774 1155 loco

142 1175 312 1219 alterius
333 1175 611 1220 Decretalium
652 1194 671 1219 α
690 1179 741 1222 de
766 1180 986 1223 iudiciis».
1014 1180 1096 1223 lmo
1120 1195 1169 1224 ex
1197 1184 1359 1237 propria
1387 1181 1595 1224 Ecclesiae
1631 1189 1772 1226 natura

142 1247 215 1289 fuit
247 1247 325 1291 sul)
358 1248 503 1291 eodem
544 1248 662 1292 Libro
698 1263 791 1306 pars
830 1251 1032 1308 quaedam
1080 1258 1290 1295 reservata
1341 1252 1601 1308 processibus
1634 1256 1773 1297 stricte

141 1317 418 1373 iudicialibus,
454 1333 558 1377 quos
592 1320 775 1364 Ecclesia
810 1335 981 1365 serrare
1017 1325 1233 1365 consuerit
1267 1322 1318 1366 ol)
1360 1336 1554 1379 magnum
1592 1327 1773 1380 negotiu-

141 1403 232 1432 rum
268 1395 538 1444 momentum,
573 1392 739 1448 quando
788 1395 925 1449 agitur
973 1394 1023 1436 de
1073 1394 1348 1437 decernendis
1400 1393 1703 1437 lteatiticatinne
1736 1401 1773 1438 et

138 1458 457 1504 Canonizatione
490 1461 717 1505 Servorum
759 1462 845 1506 Dei.
882 1490 934 1494 —
984 1464 1141 1507 Delicta
1195 1478 1291 1508 vero
1341 1465 1635 1519 determinare,
1669 1478 1773 1521 quae

138 1533 373 1589 animarum
409 1532 530 1575 saluti
572 1536 702 1589 magis
750 1534 911 1577 obstant
965 1549 1036 1591 pro
1089 1535 1298 1578 Ecclesiae
1350 1537 1429 1578 line
1480 1536 1691 1591 peculiari,
1728 1552 1773 1579 ac

141 1615 294 1658 poenas
329 1607 413 1645 tum
451 1606 638 1660 proprias
674 1605 782 1648 illius
817 1611 900 1648 tum
935 1620 1178 1649 communes
1211 1606 1302 1649 aliis
1336 1605 1603 1649 societatibus
1637 1608 1775 1650 decer-

139 1686 252 1726 nere,
286 1674 359 1716 l'uit
395 1680 656 1718 reservatum
694 1675 777 1719 Lib.
818 1676 843 1719 t*
886 1694 903 1717 a
928 1676 982 1720 l)e
1016 1677 1179 1720 delictis
1212 1683 1250 1720 et
1286 1681 1485 1734 poenis».

261 1744 324 1787 49.
349 1747 601 1791 Canonum
625 1750 1040 1803 praeliminarium
1060 1751 1383 1794 coordinatio.
1401 1749 1502 1792 (jum
1522 1749 1660 1791 (halex
1705 1763 1770 1792 su-

137 1818 355 1871 perveniat
391 1818 467 1859 iuri
504 1819 581 1860 iam
605 1818 881 1875 undequaque
921 1821 1155 1867 constituto,
1193 1821 1229 1861 in
1256 1822 1344 1862 eius
1369 1819 1508 1862 limine
1534 1821 1606 1862 suit
1633 1820 1767 1862 deter-

138 1886 331 1929 minanda
375 1887 602 1943 digerentis
646 1888 760 1931 illum
805 1891 1003 1945 intenti03
1040 1903 1214 1946 nempe:
1250 1903 1328 1946 qua
1376 1903 1566 1933 mensura
1603 1891 1675 1933 fuit
1715 1891 1763 1933 ad

136 1959 296 2012 praxim
331 1958 557 2002 deductum
598 1975 616 1999 (‹
641 1959 858 2003 consilium
885 1960 1011 2017 (quod
1057 1960 1148 2003 l'ius
1172 1959 1223 2017 XI>
1258 1963 1359 2015 iniit,
1380 1963 1596 2004 universas
1631 1960 1770 2004 Eccle-

133 2029 219 2071 siae
255 2028 379 2085 leges,
414 2029 463 2072 ad
510 2028 611 2072 liaec
657 2044 785 2087 usque
831 2035 1014 2087 tempora
1050 2031 1192 2077 editas.
1230 2031 1365 2075 lucido
1408 2032 1552 2074 ordine
1589 2032 1771 2088 digestas

133 2100 172 2141 in
209 2112 334 2142 unum
360 2100 581 2156 colligendi
608 2116 646 2155 »,
667 2105 705 2144 et
725 2115 773 2143 an
800 2117 820 2144 o
845 2107 987 2157 contra
1011 2104 1234 2145 necessitas
1257 2102 1317 2145 rel
1346 2103 1562 2158 prudentia
1591 2106 1771 2145 suaserit

133 2170 333 2226 quasdam
370 2178 486 2214 extra
523 2170 637 2214 illum
675 2171 922 2229 relinquere.
957 2172 1211 2229 Principium
1246 2186 1345 2229 ergo
1380 2173 1600 2216 iuridicum
1645 2173 1695 2216 de
1721 2173 1771 2216 le-

132 2254 232 2297 gum
265 2241 542 2297 applicatione
576 2240 860 2286 (Lu-tentatibus
894 2243 1081 2287 ecclesiis
1113 2243 1276 2286 salvum
1319 2247 1465 2286 mansit
1487 2245 1524 2286 in
1550 2257 1639 2286 can.
1670 2245 1704 2297 l,
1729 2250 1765 2287 et

135 2311 352 2368 liturgicae
373 2312 498 2370 leges,
512 2326 618 2370 quae
638 2313 690 2356 ol)
711 2314 1016 2357 multitudinem
1037 2316 1288 2358 constituere
1309 2314 1559 2371 peculiarem
1575 2314 1768 2357 (Iudicem

134 2381 288 2437 valent,
322 2383 372 2427 ad
408 2397 597 2428 normam
630 2397 720 2428 can.
756 2385 779 2427 ’Ξ
816 2399 887 2441 pro
924 2388 1103 2428 maxima
1143 2398 1286 2428 earum
1338 2389 1451 2442 parte
1497 2391 1612 2428 extra
1653 2386 1771 2429 (jodi-

135 2466 225 2496 cem
278 2459 458 2499 manent.
494 2454 715 2512 Disciplina
767 2456 1043 2513 quarumdam
1095 2458 1325 2512 regionum,
1359 2470 1465 2514 quae
1508 2458 1645 2512 nequit
1685 2456 1768 2499 sola

136 2524 254 2569 Rom.
290 2525 498 2570 pontilicis
535 2526 746 2570 voluntate
793 2530 940 2571 mutari
966 2526 1017 2571 ob
1043 2529 1325 2584 interpositam
1365 2527 1483 2571 Sedis
1525 2527 1692 2583 Aplcae.
1730 2529 1770 2568 ti-

131 2596 243 2645 dem,
278 2598 429 2640 iutacta
464 2598 537 2640 fuit
572 2611 622 2641 ex
657 2611 746 2641 can.
782 2599 821 2652 3,
854 2599 952 2642 dum
988 2612 1077 2642 can.
1114 2599 1132 2641 4
1177 2598 1314 2651 edicit,
1340 2611 1420 2656 qua
1462 2610 1651 2641 mensura
1690 2611 1765 2639 non

134 2671 358 2723 tangantur
381 2669 483 2711 iuris
519 2671 742 2712 varietates
774 2668 826 2712 ob
862 2669 1083 2725 peculiaria
1128 2670 1302 2712 Sanctae
1345 2670 1463 2711 Sedis
1506 2669 1766 2717 documenta,

132 2739 326 2794 quamvis
370 2743 532 2793 possent
579 2741 780 2782 revocari.
821 2738 977 2796 Hisque
1022 2737 1220 2782 limitibus
1253 2740 1593 2794 circumscriptus
1626 2737 1762 2781 thidex

132 2807 422 2850 consideratur
457 2809 511 2850 uti
538 2807 692 2852 relatus
725 2809 775 2852 ad
802 2809 1055 2865 praecedens
1080 2811 1142 2851 ius
1167 2822 1238 2865 pro
1263 2809 1416 2864 duplici
1444 2810 1570 2864 ipsius
1594 2808 1700 2849 sonte
1727 2809 1763 2849 in

132 2890 223 2921 can.
258 2879 282 2921 ὃ
316 2883 355 2922 et
389 2880 428 2934 6,
462 2891 638 2935 nempe:
675 2885 794 2935 prout
826 2892 848 2923 a
883 2879 1181 2923 consuetudine
1216 2880 1285 2922 t'uit
1327 2884 1462 2921 ortum
1507 2878 1567 2921 rel
1607 2880 1760 2933 scripto
