1950 3313
587 164 670 199 TIT.
700 164 765 199 VI.
793 151 888 199 -‘De
912 165 1270 209 dispensationibus
1675 166 1744 200 179

113 285 341 329 secundum
379 283 678 342 plenitudinem
714 286 926 340 potestatis
959 283 1010 327 de
1044 286 1132 327 iure
1178 297 1396 340 possumus
1434 298 1557 340 supra
1594 288 1655 328 ius
1687 285 1744 328 di-

114 369 310 413 spensare
334 372 372 400 )).

238 427 333 471 156.
369 428 635 473 Facultatis
667 429 986 483 dispensandi
1021 429 1375 483 interpretatio.
1412 427 1511 483 Reg.
1551 429 1602 470 28
1643 431 1742 471 iuris

117 501 154 542 iu
191 500 256 541 6⁰:
296 514 315 539 1(
339 496 456 551 Quae
489 510 510 540 a
546 499 634 540 iure
673 500 883 540 communi
928 497 1163 541 exorbitant
1208 510 1468 555 nequaquam
1513 499 1561 541 ad
1598 513 1741 543 consc-

115 572 326 628 quentiam
350 573 445 612 sunt
469 568 708 611 trahenda»
738 568 1056 624 explicationem
1084 571 1338 611 nanciscitur
1357 582 1405 611 cx
1431 583 1521 611 ean.
1541 571 1602 612 85
1621 570 1740 613 simul

116 654 208 684 cum
242 640 369 683 altero
404 640 471 682 50.
506 638 690 682 Strictae
719 638 856 682 sulm!
891 639 1250 696 interpretationi,
1274 639 1455 682 scilicet:
1491 641 1624 696 quoad
1658 655 1745 684 rer-

118 712 262 756 borum
297 723 461 753 sensum
503 713 584 753 ((111
620 710 808 754 obscuris
853 712 1069 753 minimum
1103 715 1161 753 est
1195 711 1452 768 sequendum
1483 727 1501 751 ›>
1546 711 1650 768 (reg.
1687 712 1741 754 :30

118 783 217 824 iuris
241 783 278 823 in
305 780 367 837 60)
392 788 533 824 contra
561 781 706 837 legem,
734 781 773 837 a)
798 794 878 823 non
902 780 1034 823 solum
1069 779 1332 838 (lispensatio
1362 796 1381 820 «
1406 794 1511 838 quae
1541 781 1742 839 (semper)

116 852 364 896 adversatur
399 852 476 909 legi
513 855 550 895 in
595 853 861 896 commodum
910 854 1230 908 privatorum»,
1266 852 1521 909 proindeque
1560 851 1614 894 ad
1648 866 1742 895 nor-

118 938 225 966 mam
249 938 340 967 ean.
363 926 425 967 ‚30
451 927 529 967 iam
555 924 822 978 declaratam,
860 923 900 980 b)
935 922 1007 966 sed
1041 923 1218 981 ipsamet
1240 922 1427 980 simultas
1451 923 1740 981 dispensamli,

116 1008 222 1052 quae
246 1008 340 1038 cum
365 997 416 1038 sit
440 1000 603 1051 praeter
628 997 688 1038 ius
714 997 848 1051 potius
876 1010 895 1034 ((
921 997 1301 1050 interpretationem
1330 994 1451 1037 latam
1479 996 1681 1050 reciperet
1705 1011 1744 1047 »,

117 1071 161 1110 ut
195 1065 347 1110 ibidem
384 1068 459 1109 fuit
491 1066 758 1122 explicatum,
781 1066 852 1109 sed
878 1065 1042 1123 quando
1065 1067 1116 1108 sit
1139 1064 1194 1107 ml
1217 1070 1372 1107 eertum
1398 1065 1533 1120 quoad
1569 1068 1743 1108 circum-

117 1140 287 1180 stantias
319 1150 532 1194 personae,
569 1139 641 1190 rei,
675 1142 753 1182 etc,
786 1150 928 1179 casum
962 1150 1170 1186 concessa,
1203 1138 1293 1179 site
1336 1135 1541 1192 delegatio
1587 1138 1654 1179 liat
1694 1138 1742 1180 ad

118 1210 356 1264 petitionem
393 1210 533 1264 partis.
558 1210 646 1251 sive
669 1208 719 1251 ad
746 1210 983 1264 petitionem
1009 1207 1202 1262 delegati,
1230 1212 1315 1249 tum
1340 1208 1410 1249 liat
1442 1207 1741 1251 determinatae

118 1291 330 1335 personae,
365 1283 449 1321 tum
483 1278 630 1322 electio
666 1268 866 1332 personae
899 1279 1183 1321 committatur
1207 1277 1506 1333 dispensando:
1534 1290 1626 1320 nam
1652 1292 1745 1321 cou-

116 1351 246 1392 cessio
280 1351 490 1405 potestatis
523 1349 729 1392 censenda
764 1353 824 1391 est
859 1347 1070 1391 moraliter
1105 1350 1190 1403 ipsa
1223 1347 1492 1404 dispensatio.

240 1420 333 1462 157.
372 1421 805 1477 Dispensationum
850 1421 1081 1466 cessatio.
1121 1418 1230 1462 luter
1273 1419 1601 1475 dispensationes
1643 1434 1746 1478 quas

117 1491 382 1535 distinximus
413 1496 537 1548 atque
569 1491 875 1548 explicavimus
907 1491 957 1534 ad
992 1503 1081 1533 can.
1118 1491 1186 1544 80,
1220 1493 1330 1534 circa
1376 1504 1497 1533 unam
1544 1496 1604 1534 est
1648 1492 1746 1535 utile

117 1564 350 1618 quaesitum
384 1562 435 1605 de
470 1564 683 1618 ipsiusmet
716 1564 959 1615 cessatione,
994 1574 1117 1618 quam
1162 1563 1357 1617 exprimit
1399 1576 1490 1605 ean.
1524 1565 1586 1604 86
1625 1562 1746 1606 huius

118 1631 226 1675 Libri
263 1637 506 1688 postremus.
546 1632 814 1690 lhls‘pensalio
848 1646 955 1690 quae
989 1637 1170 1674 linctum,
1190 1631 1311 1674 habet
1334 1632 1747 1686 seeceesse'vmn,(sive

120 1703 160 1745 in
199 1702 308 1746 diem
347 1703 546 1746 duratura
579 1717 651 1747 seu
686 1704 735 1746 ad
773 1708 934 1760 tempus
966 1715 1162 1746 concessa
1197 1706 1260 1757 sit,
1296 1705 1384 1745 sire
1420 1703 1461 1746 in
1497 1710 1746 1761 perpetuam

118 1788 190 1818 seu
226 1774 467 1829 indefinite),
503 1780 636 1817 cessat
679 1775 813 1832 quoad
851 1777 934 1817 vim
984 1775 1203 1817 iuridicam
1248 1773 1397 1817 iisdem
1433 1774 1568 1817 'modis
1601 1775 1748 1833 quibus

115 1845 399 1903 privileyt'um,
418 1848 484 1889 cui
518 1850 662 1889 contra
687 1848 749 1889 ius
772 1845 919 1889 similis
942 1850 1017 1897 est,
1040 1845 1218 1890 scincet:
1254 1844 1306 1902 a)
1335 1859 1407 1902 per
1437 1848 1742 1889 revocationem

118 1929 168 1960 ex
193 1916 389 1973 peculiari
415 1918 650 1973 Superioris
684 1921 779 1960 actu
802 1916 852 1960 ad
888 1929 1075 1960 normam
1111 1929 1200 1959 can.
1228 1918 1298 1969 60,
1323 1916 1361 1973 b)
1388 1932 1408 1957 <c
1434 1930 1504 1973 per
1530 1920 1747 1960 renuncia-

120 1990 272 2031 tionem
306 2000 327 2032 a
361 1993 623 2044 competente
655 1988 877 2043 Super-iore
925 1993 1225 2043 acceptatam»
1270 1988 1378 2045 (can.
1419 1988 1508 2044 72),
1542 1987 1578 2045 c)
1613 1988 1743 2031 solum

120 2059 368 2116 quaudoque
407 2075 426 2100 (1
451 2059 630 2102 resoluto
664 2061 753 2102 iure
786 2059 1052 2102 concedentis
1075 2075 1096 2100 »
1126 2059 1232 2116 (can.
1260 2058 1346 2116 73),
1372 2058 1417 2115 d)
1440 2072 1535 2102 cum
1572 2072 1743 2115 persona

118 2143 241 2188 quam
276 2133 464 2187 sequitur
497 2130 602 2186 (can.
639 2130 725 2188 74),
761 2130 799 2187 e)
830 2129 986 2173 statiis
1009 2143 1179 2173 onerosa
1205 2132 1270 2184 sit,
1295 2130 1545 2187 quaudoque
1570 2143 1642 2186 per
1665 2143 1743 2173 non

121 2214 239 2244 usum
277 2201 338 2244 vel
374 2214 446 2257 per
479 2215 600 2244 usum
645 2203 899 2244 contrarium
944 2213 1107 2244 cessare
1151 2206 1300 2257 posset,
1335 2201 1442 2258 (can.
1479 2200 1568 2257 76),
1601 2214 1648 2244 ac
1682 2201 1751 2244 de-

121 2286 232 2315 mum
265 2271 310 2330 f)
343 2277 475 2316 cessat
508 2286 674 2330 quoque
707 2273 757 2315 ad
794 2285 980 2316 normam
1005 2285 1095 2316 can.
1121 2273 1192 2326 77,
1215 2274 1246 2315 si
1271 2284 1390 2315 casus
1413 2274 1592 2325 eveniat,
1610 2271 1654 2329 y)
1676 2286 1747 2314 nee

121 2357 201 2386 non
224 2344 460 2400 specialiter
485 2344 695 2400 praedicta
735 2359 754 2384 «
778 2343 1030 2400 dispensatio
1064 2348 1237 2386 cessat»
1267 2357 1315 2386 ex
1343 2343 1444 2400 legis
1477 2343 1743 2399 dispositione

121 2415 260 2456 innixa
292 2419 465 2458 naturae
499 2414 735 2458 huiusmodi
770 2414 1104 2470 dispensationis,
1127 2419 1241 2456 certa
1265 2418 1381 2457 extra
1416 2413 1588 2457 dubium
1616 2428 1664 2455 ac
1689 2419 1747 2456 lo-

124 2483 201 2526 mli
232 2498 303 2527 seu
337 2488 447 2528 omni
482 2499 532 2529 ex
569 2490 683 2542 parte
717 2485 949 2528 cessatione
971 2498 1125 2527 causae
1149 2485 1326 2528 motivae
1348 2498 1419 2528 seu
1446 2484 1554 2528 illius
1578 2489 1744 2541 propter

122 2567 244 2612 quam
269 2557 321 2599 sit
342 2568 550 2612 concessa,
580 2570 614 2598 v.
640 2571 701 2612 gr.
727 2557 991 2610 infirmitatis,
1028 2561 1242 2613 postquam
1268 2556 1528 2612 dispensatus
1552 2557 1631 2598 iam
1656 2569 1749 2599 con-

125 2626 252 2670 valuit
286 2629 354 2681 ita,
390 2633 431 2670 ut
464 2632 577 2671 certo
609 2641 656 2672 ac
690 2627 924 2671 nullatenus
958 2628 1140 2684 indigeat
1173 2628 1496 2683 dispensatione.

675 2698 802 2742 Tamo
836 2698 918 2741 Deo
952 2712 995 2741 ET
1028 2700 1199 2742 simmei

411 2783 478 2811 van
512 2783 615 2818 Quen
651 2783 779 2813 taccu
812 2782 1052 2812 com'rouas
1086 2782 1192 2812 usu
1232 2782 1463 2812 occeanum

440 2839 581 2883 Honori
617 2853 660 2882 ar
692 2838 842 2883 Gtoari
878 2853 917 2882 IN
951 2852 1205 2882 sexcentorum
1240 2852 1427 2883 siacum.

874 2910 1005 2952 Amas.
