1950 3313
120 122 167 155 64
715 122 717 125 ’
784 120 912 155 LIBER
939 130 1088 156 PRtMUS

123 244 228 285 rium
254 241 449 284 subiectis
472 240 558 282 sive
572 238 775 297 physicis,
794 241 926 284 idest:
952 241 1245 298 singularibus,
1265 242 1351 285 sive
1367 241 1598 286 moralibus
1618 243 1747 286 idest:

120 318 191 356 aut
224 312 452 355 collectivis
493 317 563 354 aut
606 313 696 355 iure
739 312 929 367 conditis,
963 326 1156 355 concessa
1193 326 1289 357 vere
1322 312 1507 371 quolibet
1543 314 1664 357 modo
1689 313 1744 356 le-

122 386 276 439 gitimo.
327 382 388 425 vel
434 382 512 425 illis
545 385 830 439 aequiparata,
864 396 944 426 non
985 388 1141 426 tantum
1189 389 1467 440 praesumpta,
1510 384 1551 439 d)
1588 384 1632 426 in
1672 397 1748 427 usu

118 453 257 496 <ulline
289 459 398 508 seint,
435 466 512 495 non
546 453 729 496 obsoleta
765 466 838 510 per
870 466 948 496 nou
983 467 1103 497 usum
1137 458 1208 497 aut
1240 453 1291 497 ob
1325 454 1552 510 legitimam
1587 459 1748 498 contra-

123 527 222 567 riam
260 526 643 580 praescriptionem,
677 524 718 582 e)
752 538 824 566 nec·
856 530 1050 567 revocata
1070 538 1165 568 cum
1190 525 1353 579 effectu,
1379 525 1548 580 iiileyra
1565 530 1747 581 manent,

118 599 217 652 quin
253 599 496 651 augeantur,
533 597 773 638 minuantur
810 594 872 637 vel
909 599 1132 651 mutentur,
1168 595 1254 638 iiisi
1287 594 1412 638 liuius
1450 594 1615 639 Codicis
1633 609 1751 639 eano-

121 665 336 708 nibusnon
371 665 503 708 solum
539 671 813 722 opponantur,
848 666 919 709 secl
945 665 1024 709 illis
1057 665 1230 723 singulis
1264 680 1460 724 eoepresse
1490 671 1751 718 revocentur,

117 749 224 793 quae
275 739 498 791 revocatio,
541 750 634 780 cum
681 739 905 794 positivum
939 742 1075 780 aetum
1122 741 1341 794 supponat,
1384 737 1579 794 explicite
1622 750 1747 794 appo-

122 808 254 850 nenda
290 810 381 852 erit.

236 878 324 922 Hoc
359 881 396 922 in
433 879 520 923 loco
560 881 716 923 referre
761 879 894 936 placet
927 879 1333 923 animadversionem
1370 880 1420 924 cl.
1454 880 1673 924 Secretarii
1708 881 1745 924 S.

115 947 157 993 C.
193 948 234 993 C.
270 949 296 992 l.
332 949 432 992 Mori
466 952 505 994 in
541 966 575 994 c.
609 950 793 995 Cuneen:
810 956 849 994 et
872 950 1034 995 Utinen.
1061 951 1380 994 Praeeetlentiae
1402 950 1431 1005 1,
1463 953 1559 1009 quia
1585 951 1650 994 illa
1676 953 1746 994 mi-

118 1020 232 1064 rifice
264 1021 440 1065 illustrat
474 1027 732 1078 praesentem
768 1034 983 1065 canonem.
1025 1037 1045 1062 «
1069 1022 1301 1070 Praeterea,
1337 1034 1426 1065 can.
1452 1022 1475 1065 4
1501 1022 1552 1065 tle
1577 1035 1656 1065 non
1680 1036 1745 1065 su-

118 1090 238 1134 blatis
281 1106 353 1148 per
394 1092 585 1137 Codicem
633 1092 792 1136 iuribus
835 1095 1043 1150 quaesitis,
1079 1095 1116 1135 in
1163 1106 1211 1136 eo
1251 1092 1375 1136 babet
1417 1093 1747 1148 fundamentum,

113 1163 222 1219 quod
260 1163 338 1218 lex,
374 1178 445 1220 per
476 1178 534 1218 se,
559 1177 637 1207 non
671 1166 756 1220 agit
791 1169 1030 1218 retrorsum,
1064 1177 1135 1207 seu
1162 1163 1388 1207 nonhabet
1425 1166 1506 1206 vim
1534 1166 1745 1207 retroacti-

52 1282 56 1288 ,
120 1246 210 1276 vam
249 1240 289 1277 ut.
322 1235 401 1278 (liei
436 1235 550 1283 solet,
584 1248 710 1293 quum
751 1237 989 1291 «respiciat
1022 1235 1171 1289 futura,
1197 1248 1274 1277 non
1301 1237 1567 1292 praeterita»
1607 1236 1742 1291 pronti

116 1303 239 1348 babet
261 1318 349 1348 can.
388 1306 453 1349 to.
488 1306 528 1349 ld
565 1311 700 1350 tamen
737 1319 815 1349 non
849 1307 1053 1363 significat
1087 1308 1316 1362 generatim
1355 1306 1487 1362 legem
1524 1319 1602 1349 non
1629 1318 1748 1362 posse

117 1378 153 1418 in
190 1377 368 1420 l'uturum
404 1380 666 1434 supprimere
700 1380 762 1421 ius
795 1378 903 1435 quoti
939 1380 1030 1435 quis
1065 1377 1188 1421 babet
1222 1378 1321 1421 ilum
1349 1377 1413 1420 illa
1443 1377 1743 1434 promulgatur,

112 1447 183 1490 sed
222 1452 378 1491 tantum
414 1462 491 1492 non
529 1462 646 1505 posse
680 1461 770 1492 eam
807 1448 948 1492 tollere
984 1451 1021 1491 in
1059 1449 1239 1492 futurum
1283 1451 1344 1491 ius
1377 1448 1485 1506 quod
1512 1451 1616 1506 quis,
1644 1448 1742 1491 (lum

116 1514 180 1561 lex
217 1519 516 1576 promulgatur,
551 1519 674 1563 babet
706 1518 989 1577 dependenter
1021 1533 1044 1562 a
1078 1519 1192 1576 sacto
1225 1519 1472 1576 praeterito,
1507 1519 1604 1562 dum
1642 1517 1745 1562 bene

115 1595 248 1648 potest
282 1590 360 1634 tale
395 1593 456 1634 ius
490 1590 633 1634 tollere
669 1593 705 1633 in
732 1591 930 1641 futurum,
956 1592 987 1633 si
1011 1592 1061 1633 sit
1085 1589 1368 1648 iiiclependens
1401 1589 1452 1633 ab
1475 1589 1614 1647 aliquo
1639 1590 1744 1633 facto

114 1664 350 1718 praeterito.
385 1661 440 1704 lta
478 1675 513 1703 v.
550 1675 610 1718 gr.
645 1661 849 1704 diaeonus
892 1663 961 1718 qui
986 1661 1098 1704 *ante
1143 1660 1336 1705 Coclicem
1372 1663 1532 1717 aceepit
1565 1659 1745 1704 collatio-

113 1746 205 1775 nem
243 1734 470 1788 paroeciaQ
508 1732 630 1776 babet
662 1746 711 1775 ex
749 1734 854 1776 facto
888 1734 1109 1789 praeterito
1150 1731 1381 1775 collationis
1416 1733 1477 1774 ius
1510 1733 1742 1788 quaesitum

112 1805 151 1846 in
188 1806 449 1859 paroeciam:
485 1803 755 1860 quamobrem
793 1803 856 1846 lex
891 1815 980 1847 can.
1017 1803 1100 1846 453
1134 1805 1306 1859 exigens
1339 1803 1389 1846 acl
1425 1803 1605 1846 officium
1629 1814 1741 1859 paro-

109 1874 177 1918 chi
211 1873 491 1917 sacerdotium
527 1879 566 1917 et
598 1875 791 1918 auferens
824 1874 1009 1917 (liaconis
1042 1876 1313 1930 capacitatem
1349 1875 1399 1916 atl
1440 1872 1519 1916 tale
1544 1872 1740 1926 officium,

113 1946 297 2001 prolecto
322 1948 462 2002 nequit
479 1947 645 1989 auferre
671 1945 739 1988 tali
758 1945 932 1988 diacono
956 1947 1228 2001 capacitatem
1250 1961 1257 1988 :
1292 1957 1338 1987 eo
1374 1947 1460 2001 ipso
1484 1945 1579 2001 quia
1601 1945 1743 2000 nequit

110 2029 234 2073 agere
268 2021 506 2068 retrorsum„
549 2019 689 2074 nequit
727 2018 790 2059 ius
822 2018 1055 2073 quaesitum
1091 2015 1248 2068 tollere,
1283 2015 1380 2058 (lum
1415 2019 1558 2072 ageret
1593 2018 1742 2057 retror-

109 2100 201 2129 sum
236 2086 479 2143 tolleretque
515 2089 575 2129 ius
609 2087 908 2144 quaesitum‚si
943 2087 1105 2129 auferre
1140 2085 1429 2142 praetenderet
1462 2086 1735 2140 capacitatem

109 2157 412 2213 dependentem
447 2160 613 2200 oinnino
646 2170 666 2200 a
704 2159 810 2200 l'aeto
846 2159 1081 2213 praeterito,
1118 2156 1147 2200 E
1172 2157 1378 2200 contrario
1406 2157 1468 2198 vir
1492 2157 1739 2198 constitutus

112 2230 149 2270 in
184 2226 256 2270 XV
290 2230 435 2271 aetatis
457 2241 564 2271 anno
599 2230 636 2270 in
675 2228 814 2284 vigilia
843 2228 1103 2271 Pentecostes
1136 2229 1229 2270 anni
1270 2226 1378 2269 1918
1404 2225 1552 2269 babilis
1575 2230 1662 2269 erat
1687 2224 1737 2267 ad

106 2298 437 2342 contrabendum
476 2301 797 2353 matrimonium,
833 2311 955 2356 quam
993 2297 1247 2341 habilitatem
1282 2296 1447 2340 sustulit
1472 2297 1655 2352 profecto
1682 2297 1742 2337 in-

108 2371 295 2425 sequenti
330 2369 396 2412 die
427 2367 590 2412 Codicis
622 2382 710 2414 can.
758 2370 868 2412 1067
912 2371 1083 2424 exigens
1130 2366 1219 2410 XVl
1253 2370 1599 2410 aetatis'annum.
1635 2365 1741 2421 Age-

111 2438 230 2482 batur
263 2441 371 2482 enim
407 2439 457 2482 (le
489 2439 786 2495 supprimendo
822 2441 859 2481 in
895 2439 1091 2492 futurum,
1119 2440 1181 2480 ius
1205 2436 1320 2480 nullo
1362 2436 1481 2480 modo
1505 2434 1740 2494 dependens

107 2524 132 2552 a
165 2509 278 2567 facto
318 2510 566 2566 praeterito,
613 2510 786 2567 ideoque
832 2509 895 2553 lex
939 2509 1050 2552 illam
1097 2508 1353 2552 habilitatem
1389 2507 1549 2561 tollens,
1585 2518 1738 2564 nequa-

107 2594 229 2638 quam
265 2583 347 2636 egit
382 2585 607 2624 retrorsum
643 2594 717 2624 nec
750 2580 943 2624 substulit
966 2582 1200 2638 quaesitum
1226 2582 1301 2622 ius.
1327 2579 1443 2623 Ratio
1468 2591 1647 2635 namque
1667 2590 1741 2620 cur

109 2654 270 2694 iuvenis
302 2650 375 2694 ΧΥ
409 2663 612 2694 annorum
645 2653 695 2694 sit
732 2650 923 2694 inhabilis
956 2650 1005 2693 ad
1043 2652 1356 2693 matrimonium
1390 2653 1449 2692 est
1494 2648 1584 2691 eius
1614 2660 1737 2705 prae-

105 2736 200 2764 sens
234 2727 364 2771 aelim,
398 2735 476 2764 non
523 2723 676 2765 factum
722 2723 1006 2775 praeteritum,
1040 2723 1135 2778 quia
1183 2720 1294 2763 nullo
1329 2732 1510 2776 unquam
1553 2724 1739 2774 tempore

229 2875 238 2896 1
268 2875 309 2909 17
337 2874 430 2908 Maii
460 2874 559 2908 1919.
589 2873 667 2909 CO.
695 2874 767 2917 XL
797 2873 876 2908 531.
