1950 3313
66 190 134 223 120
530 186 616 219 LIB.
647 186 691 220 V.
720 206 732 210 -
759 185 872 220 PARS
898 186 949 220 II.
978 205 990 212 -
1023 187 1074 221 De
1093 190 1231 232 poenis

66 309 213 363 impar,
249 305 381 348 eidem
418 303 672 347 confessario
706 315 727 346 a
762 316 843 360 quo
878 305 917 345 vi
955 303 966 325 ¹
1002 304 1156 347 decret.
1196 305 1305 348 1886
1351 310 1390 348 et
1423 305 1533 348 ‘1897
1577 305 1696 349 abso—

65 377 174 420 lutus
208 376 343 425 suerit,
377 388 420 417 se
456 377 720 429 praesentare
754 378 945 431 nequeat,
980 379 1019 417 et
1053 376 1127 431 ipsi
1162 370 1312 419 durum
1347 378 1398 419 sit
1432 375 1557 419 alium
1598 389 1694 419 con-

63 447 276 490 fessarium
312 444 447 497 adire,
484 443 579 487 licet
612 444 890 486 confessarius
926 443 1159 500 absolvens,
1206 459 1278 502 pro
1326 448 1573 502 poenitente,
1608 449 1691 503 epi-

61 517 205 560 stolam
243 516 291 558 ad
334 514 374 558 S.
409 514 557 557 Sedent
608 515 772 557 mittere
823 517 961 570 possit.
995 540 1052 546 —
1084 515 1131 560 R.
1165 515 1369 572 Negative
1416 517 1465 560 ad
1517 519 1692 573 primam

63 593 243 645 partem,
280 586 542 629 Atlirmative
575 585 624 627 ad
659 586 900 628 secundam.
935 611 988 616 —
1022 586 1166 630 Ssfiius
1199 587 1507 644 adprobavit».

179 657 340 700 Dictum
377 655 598 699 Decretum
635 655 835 699 limitatur
875 669 947 713 per
988 656 1099 700 aliud
1151 658 1338 701 ciusdem
1383 658 1422 701 S.
1456 656 1690 715 Congrega·

62 731 183 772 tionis
217 729 463 783 rescriptum
490 727 518 769 ².
550 726 791 770 «Sacerdos
813 726 942 770 Titius
967 729 1005 770 in
1031 730 1242 783 regionem
1269 734 1509 772 extraneam
1534 743 1578 772 se
1601 743 1694 773 con-

60 799 150 842 tulit
183 799 233 842 ad
268 798 549 841 confitendum
587 802 802 854 peccatum
838 797 876 842 S.
912 797 951 840 P.
989 803 1264 842 reservatum.
1302 800 1425 842 l'orro
1465 800 1689 843 consessori

57 870 310 914 declaravit:
347 868 390 911 10
425 882 500 912 nec
532 882 656 925 opera
694 870 908 912 ministerii
943 871 1005 912 sui
1041 882 1116 912 nec
1149 869 1421 913 substantiam
1447 871 1688 914 facultatum

56 940 132 984 sibi
170 942 409 997 permittere
434 941 582 982 iterum
608 939 881 995 aggrediendi
908 941 985 982 iter
1003 939 1053 983 ad
1076 940 1357 996 recipiendam
1379 943 1687 998 responsionem

55 1013 91 1054 5.
129 1011 499 1062 Poenitentiariae;
533 1010 576 1051 ⁶2⁰
598 1012 719 1052 nimis
752 1023 972 1052 onerosum
1008 1009 1085 1053 sibi
1122 1011 1206 1053 fore
1240 1011 1289 1053 ad
1325 1010 1451 1054 alium
1486 1013 1689 1056 confessa—

58 1083 163 1125 rium
198 1095 241 1124 se
275 1085 539 1137 praesentare
573 1082 610 1122 in
648 1082 811 1136 propria
850 1083 1032 1136 regione,
1067 1081 1177 1138 quod
1213 1083 1427 1137 signanter
1463 1081 1592 1125 voluit
1623 1082 1691 1125 de-

59 1154 188 1194 vitare
223 1154 299 1194 iter
331 1151 569 1194 adsumens.

173 1220 295 1265 Hisce
329 1222 539 1277 expositis,
575 1220 803 1277 Episcopus
836 1219 882 1264 N.
920 1234 992 1277 pro
1026 1233 1098 1264 sua
1135 1234 1277 1264 norma
1313 1220 1526 1265 humiliter
1548 1235 1568 1265 a
1592 1221 1688 1265 San-

55 1294 196 1336 ctitate
233 1291 373 1335 Vestra
411 1294 509 1348 petit
545 1296 681 1334 utrum
717 1292 982 1348 supradictus
1016 1304 1148 1343 casus,
1183 1294 1343 1335 etiamsi
1378 1298 1526 1349 agatur
1547 1293 1599 1336 de
1621 1291 1687 1336 ab·

53 1363 257 1406 solutione
275 1363 504 1419 complicis,
524 1364 717 1405 intereos
739 1365 1004 1406 annumerari
1029 1362 1176 1406 debeat
1202 1365 1416 1419 praevisos
1440 1365 1476 1406 in
1511 1363 1687 1407 Decreto

53 1439 90 1477 S.
126 1432 261 1479 Officii
297 1434 378 1476 dici
414 1435 437 1475 9
472 1432 575 1476 Nov.
614 1433 739 1487 1898,
773 1438 813 1477 et
845 1435 1124 1477 confessarius
1158 1436 1230 1476 niti
1266 1436 1391 1490 possit
1417 1434 1685 1491 praelaudato

53 1507 220 1549 decreto
252 1505 302 1547 ad
327 1504 626 1547 absolutionem
653 1504 972 1560 impertiendam
997 1506 1085 1547 sine
1111 1518 1282 1548 recursu
1307 1505 1356 1548 ad
1382 1505 1420 1548 S.
1443 1505 1685 1555 Poenitcnt.,

55 1590 129 1620 nec
164 1590 225 1619 no.
261 1602 312 1606 —
348 1575 393 1618 R.
428 1574 515 1617 Non
550 1574 913 1631 comprehendi».

175 1651 283 1690 Haec
316 1646 481 1689 decreta
517 1646 652 1703 quoad
689 1650 867 1689 mentem
906 1648 1053 1689 retinet
1086 1651 1210 1703 atque
1233 1645 1413 1702 explicat
1446 1648 1534 1700 {3-
1564 1646 1686 1701 Quod

52 1717 90 1761 si
122 1717 165 1760 in
199 1731 298 1760 casa
332 1716 489 1774 aliquo,
527 1716 638 1759 velut
672 1730 744 1773 per
777 1718 1082 1773 exceptionem,
1122 1730 1193 1759 seu
1228 1716 1578 1760 extraordinario
1617 1716 1686 1760 laic·

51 1802 261 1840 rectarum,
298 1802 446 1844 nempe
480 1790 518 1830 in
551 1787 579 1845 ἓ
613 1787 655 1829 1ο
671 1801 907 1843 cspressus,
930 1787 985 1830 sit
1007 1787 1232 1830 moraliter
1254 1786 1541 1846 impossibilis,
1565 1802 1599 1831 v.
1620 1802 1680 1845 gr.

53 1863 164 1903 iuxta
199 1862 321 1902 citata
359 1858 543 1913 Decreta,
597 1864 693 1901 lum
742 1863 898 1901 tantum
945 1858 1118 1916 ipsemet
1165 1857 1452 1916 confessarius
1499 1858 1681 1902 scilicet:

56 1929 276 1988 «quilibet
310 1932 347 1972 in
385 1931 470 1972 t'oro
503 1928 838 1973 sacramentali»
877 1942 999 1985 supra
1044 1928 1089 1987 (ξ
1124 1928 1185 1985 10)
1219 1929 1468 1980 declaratus,
1512 1935 1680 1987 eoeeepto

52 2015 150 2044 casu
184 2002 233 2044 ad
270 2013 457 2043 normam
494 1999 605 2043 Dec.¹
642 2000 785 2043 ultimo
828 1999 960 2053 relati,
1009 2013 1087 2057 quo
1131 2004 1288 2057 ayatm·
1329 1999 1380 2043 de
1418 1999 1683 2043 absolutione

51 2085 252 2114 censurae
283 2070 333 2114 de
365 2085 446 2128 qua
479 2071 520 2113 in
556 2085 645 2113 can.
680 2072 820 2125 2367,
847 2084 994 2127 nempe
1018 2083 1067 2113 ex
1095 2072 1251 2113 motivo
1275 2069 1544 2113 absolutionis
1567 2084 1678 2114 com-

52 2142 183 2199 plicis,
216 2144 283 2198 qui
319 2154 438 2184 casus
472 2144 629 2197 regitur
662 2141 824 2184 duobus
860 2147 1011 2196 praec.³
1045 2141 1126 2195 §gis
1160 2146 1333 2195 tantum,
1368 2140 1420 2184 ab
1453 2141 1544 2184 aliis
1581 2154 1680 2184 vero

51 2215 236 2256 censuris
274 2228 296 2253 «
319 2212 424 2254 latae
447 2215 674 2254 sententiae
698 2225 864 2269 quoquo
890 2212 1012 2254 modo
1037 2214 1261 2254 reservatis
1284 2227 1304 2252 ))
1330 2216 1468 2269 potest
1495 2214 1531 2253 vi
1558 2211 1681 2255 buius

50 2285 218 2327 canonis
251 2281 554 2325 absolutionem
588 2281 811 2324 concedere
848 2281 938 2323 sine
985 2294 1111 2324 onere
1159 2281 1402 2324 recurrendi
1451 2286 1490 2324 et
1533 2295 1675 2325 conse—

49 2358 201 2411 quente
233 2352 284 2395 a'e
316 2366 394 2410 qao
427 2365 559 2409 supra
597 2365 667 2395 seu
694 2354 732 2394 in
755 2350 801 2409 ἕο
822 2351 879 2406 1⁰,
900 2351 940 2407 a)
965 2351 1168 2394 iniunctis
1193 2356 1329 2393 tamen
1352 2350 1403 2393 de
1425 2350 1518 2393 iure
1540 2351 1678 2394 intem-

46 2423 208 2481 qendis,
232 2437 343 2479 v.gr.
370 2422 540 2466 «debita
554 2423 801 2465 damnorum
822 2421 883 2465 vel
899 2420 1083 2466 scandali
1104 2424 1397 2478 reparatione»
1423 2421 1531 2478 (can.
1548 2422 1674 2473 2242,

47 2497 72 2549 ἓ
106 2493 164 2550 ⁶2),
204 2495 417 2549 «praevia
462 2493 721 2536 abiuratione
744 2508 766 2533 »
806 2492 987 2535 haeresis
1024 2496 1094 2535 aut
1135 2491 1370 2535 schismatis
1404 2491 1512 2549 (can.
1547 2493 1675 2545 2314,

46 2565 74 2623 ξ
108 2565 161 2620 ⁶2),
195 2570 271 2608 etc.
309 2578 381 2620 pro
414 2577 584 2607 casuum
623 2566 837 2613 varietate,
861 2568 899 2605 et
924 2562 966 2620 b)
990 2562 1189 2620 imposita
1212 2576 1398 2620 conyrua
1423 2563 1562 2606 delicti
1586 2577 1672 2619 gra-

51 2638 163 2679 vitati
194 2634 471 2692 poenitentia,
507 2647 682 2692 quarum
724 2636 1017 2690 «praecipuae
1049 2638 1188 2676 sunt»
1228 2635 1265 2676 in
1300 2646 1390 2678 can.
1428 2634 1555 2688 2313,
1588 2634 1615 2689 ξ
1650 2635 1664 2677 1

47 2710 326 2760 enumeratae,
361 2711 399 2748 et
432 2703 727 2762 satisfactione
757 2718 835 2762 pro
869 2718 1059 2755 censura,
1098 2717 1134 2744 v.
1159 2717 1220 2760 gr.
1241 2706 1674 2762 protestatione,quae

48 2779 85 2819 in
121 2776 212 2820 Rir.
235 2775 407 2819 Romani
443 2774 848 2819 t'ormasabsolvendi
874 2779 932 2817 est
959 2776 1102 2830 posita,
1129 2776 1391 2829 reparatione
1415 2773 1582 2817 honoris
1609 2774 1669 2817 vel

164 2884 174 2904 1
203 2883 452 2916 Cotleetanea
478 2881 515 2915 S.
546 2882 586 2916 O.
617 2882 662 2915 de
691 2882 733 2915 P.
759 2881 801 2915 F.
831 2892 937 2914 num.
969 2880 1074 2923 1658,
1104 2881 1206 2914 1971.

163 2930 176 2951 ‘²
203 2929 223 2963 7
249 2929 342 2964 Jun.
372 2929 473 2963 18⁹9.
503 2929 752 2963 Collectanea
779 2928 815 2961 S.
847 2928 886 2962 C.
914 2927 959 2961 de
985 2927 1029 2961 P.
1059 2927 1101 2961 F.
1130 2939 1168 2960 n.
1197 2927 1305 2967 2052,

1484 187 1577 224 Gan.
1604 188 1698 223 2254
1856 0 1909 202 γ’
