1950 3313
194 171 239 202 *20
662 168 746 202 Lus.
773 169 818 202 V.
846 188 858 192 -
885 167 995 201 PARS
1019 167 1049 200 Ι.
1080 187 1090 193 -
1118 167 1175 202 De
1198 168 1349 203 delictis
1493 168 1586 204 Can.
1612 169 1817 204 2202-2203

195 289 330 331 calent
364 302 522 345 quoque
557 290 592 329 vi
628 287 750 329 huius
782 286 819 339 §¹
853 286 903 329 de
935 286 1246 330 inadverlentia
1280 287 1465 330 eiusdem
1501 290 1691 344 cognitae
1715 287 1817 344 legis

191 372 296 416 qnae
333 359 519 410 violatur,
555 363 593 399 el
626 370 783 410 errore,
808 359 876 414 qui
913 371 990 399 non
1026 362 1086 401 est
1121 370 1233 401 mera
1268 360 1449 401 carentia
1484 360 1681 402 scientiae
1701 358 1816 414 legis,

189 429 259 472 sed
294 431 546 471 contrarium
583 428 683 482 legis
720 429 844 469 vetito
881 427 943 470 vel
981 430 1234 484 praescripto
1278 429 1474 471 iudicium
1512 429 1696 472 includit.

314 499 376 540 16.
412 499 769 554 Imputabilitas
792 511 855 542 ex
878 500 1144 544 omissione
1166 500 1365 544 debitae
1387 501 1684 555 diligentiae.
1711 496 1817 551 Quia

192 569 282 611 talis
315 571 480 611 omissio
514 573 572 610 est
606 570 722 623 origo
757 571 874 611 tertia
918 568 1026 612 illins
1055 569 1384 625 imputabilitatis
1417 570 1466 612 ad
1503 583 1698 612 normam
1724 582 1815 612 can.

194 640 318 691 2199,
355 639 457 687 ideo,
495 643 709 695 postquam
746 641 784 680 in
819 651 908 682 can.
947 639 1052 682 02201
1093 642 1176 695 egit
1208 638 1346 683 Codex
1381 642 1538 683 directe
1571 640 1621 682 de
1651 640 1744 683 dolo
1777 645 1816 683 et

192 713 228 752 in
263 722 353 751 can.
389 708 499 751 2202
534 709 584 751 de
616 708 811 765 culpabili
858 712 1102 766 ignorantia,
1148 709 1256 752 illam
1298 712 1561 753 omissionem
1606 713 1817 753 examinat

190 795 279 824 ean.
313 781 451 823 3903.
483 779 510 838 ἓ
543 782 576 822 1.
614 780 659 823 Si
691 780 784 837 quis
820 780 1034 836 poenalem
1069 794 1119 824 ex
1152 785 1348 824 contextu
1383 780 1512 837 leyem
1551 784 1720 824 actione·
1746 786 1816 824 aut

190 853 410 893 omissione
442 850 676 901 violaverit,
710 865 761 893 ezr
793 851 978 894 eiusdem
1023 851 1218 907 culpabili
1251 852 1300 894 ad
1337 865 1523 894 normam
1559 865 1648 896 can.
1685 852 1813 901 2199,

190 921 296 978 quod
334 923 623 976 praesumitur,
657 922 884 964 omissione
916 920 1080 964 debitae
1113 923 1223 964 iuxta
1262 922 1503 977 prudentiae
1527 936 1693 965 normas
1716 922 1812 966 dili-

185 991 367 1049 yenffiae,
405 996 446 1034 ut
479 991 580 1034 haec
603 991 811 1034 declarata
838 996 898 1034 est
921 991 971 1034 ad
996 994 1064 1035 cit.
1099 1004 1314 1042 canonem,
1349 992 1675 1049 imputabilitas,
1708 1006 1813 1049 qnae

188 1062 239 1105 ab
275 1061 339 1104 illa
377 1061 558 1117 pendens
591 1065 838 1118 supponitur
871 1061 1030 1112 adesse,
1064 1061 1271 1104 minuitur
1294 1068 1481 1118 respectu
1505 1063 1553 1106 ad
1575 1063 1694 1105 aliam
1725 1077 1812 1106 «ex

187 1132 465 1188 delinquentis
497 1132 591 1175 dolo
616 1148 635 1173 >)
675 1132 781 1189 (can.
806 1131 951 1189 2199),
984 1146 1061 1190 pro
1095 1132 1228 1186 modo,
1262 1146 1331 1176 seu
1355 1145 1546 1176 mensura
1570 1147 1594 1175 a
1615 1133 1817 1190 prudenti

187 1203 325 1246 iiidice
359 1216 534 1259 poenam
570 1204 782 1259 infligente
815 1208 885 1247 aut
927 1203 1179 1257 declarante,
1221 1217 1273 1245 eoe
1300 1203 1513 1246 adiunctis
1555 1204 1812 1260 singulorum

187 1286 356 1317 casuum
392 1273 724 1327 determinando,
761 1280 880 1329 prout
913 1274 1056 1317 eadem
1093 1277 1130 1317 in
1175 1276 1277 1318 actis
1319 1279 1518 1318 constent.
1564 1274 1815 1331 Hypotliesis

190 1344 408 1399 peculiaris
441 1347 576 1387 statim
604 1343 863 1387 subinfertur
895 1347 981 1387 sic:
1017 1344 1125 1401 quod
1155 1345 1193 1387 si
1214 1358 1301 1387 rem
1323 1345 1508 1388 scilicet:
1549 1345 1813 1388 violationem

191 1415 251 1458 vel
284 1420 556 1471 sequuturun]
594 1415 790 1457 damnum
823 1414 1086 1472 praeviderit
1119 1415 1170 1458 de
1204 1416 1324 1471 facto,
1359 1420 1397 1458 et
1421 1414 1699 1458 nihilominus
1722 1429 1813 1458 eau-

139 1503 143 1506 ’
187 1485 319 1528 (iones
353 1484 408 1527 ad
439 1498 530 1527 eam
563 1485 815 1528 declaratam
856 1499 1025 1528 «rem»
1065 1485 1304 1528 evitandam.
1348 1485 1549 1537 omiserit,
1583 1500 1687 1543 quas
1720 1485 1816 1528 dili-

182 1569 282 1612 qens
315 1555 450 1612 quivis
482 1568 553 1598 seu
587 1558 866 1599 communiter
900 1555 1107 1613 loquendo
1141 1554 1413 1605 adhibuisset,
1449 1569 1526 1598 non
1556 1569 1652 1598 vero
1676 1559 1707 1598 si
1734 1569 1815 1599 ma-

186 1629 248 1682 gis
280 1628 505 1683 exquisitas
543 1642 564 1666 «
587 1629 800 1669 cautiones
834 1629 1019 1669 omiserit
1042 1642 1082 1678 n,
1117 1625 1239 1683 culpa
1273 1626 1382 1670 illius
1422 1626 1587 1670 moralis
1620 1627 1689 1670 sed
1717 1629 1812 1669 iuri-

185 1698 275 1740 dice
298 1698 556 1740 considerata
589 1702 651 1739 est
675 1700 762 1740 iure
784 1697 982 1754 prooeima
1006 1697 1116 1752 dolo,
1141 1698 1245 1740 idest
1282 1713 1303 1738 «
1325 1697 1578 1741 deliberatae
1614 1697 1811 1740 voluntati

188 1768 365 1810 violandi
402 1768 589 1824 (directe)
623 1767 802 1823 legem»
843 1768 967 1811 illam.

300 1837 620 1894 Congruentiam
654 1841 824 1882 canonis
858 1852 952 1882 cun]
991 1841 1118 1882 veteri
1145 1841 1232 1882 iure
1254 1845 1474 1896 sequentes
1493 1838 1712 1881 ostendunt
1738 1837 1811 1881 De-

184 1909 369 1953 cretales.
406 1909 446 1951 ln
481 1922 570 1965 cap.
608 1910 623 1952 1
671 1925 690 1949 ((
715 1909 765 1952 cle
785 1909 970 1952 custodia
996 1908 1295 1963 Eucharistiae,
1319 1908 1553 1953 chrismatis
1576 1914 1616 1952 et
1638 1908 1811 1952 aliorum

183 1985 582 2023 sacramentorum»
630 1979 716 2036 (ΙΙΙ,
760 1980 833 2036 44)
878 1982 934 2023 ait
976 1980 1113 2024 lnnoe.
1147 1980 1226 2024 111:
1267 1995 1287 2021 ((
1310 1980 1350 2024 Si
1384 1993 1483 2023 vero
1516 1982 1561 2034 is,
1604 1980 1653 2022 ad
1689 1993 1811 2036 quem

182 2055 339 2107 spectat
381 2051 580 2105 custodia,
616 2064 661 2094 ea
705 2053 869 2094 incaute
917 2051 1142 2108 reliquerit,
1188 2051 1320 2094 tribus
1352 2050 1563 2094 mensibus
1594 2050 1646 2093 ab
1678 2050 1813 2093 officio

183 2122 458 2177 suspendatur
480 2136 519 2161 )).
557 2122 680 2164 Porro
704 2121 808 2164 lianc
827 2123 1092 2164 omissionem
1117 2122 1355 2177 diligentiae
1379 2134 1479 2164 vero
1499 2120 1592 2163 dolo
1611 2122 1812 2163 minorem

183 2205 271 2234 esse
304 2192 482 2234 ostendit
516 2191 666 2234 Lucius
700 2191 750 2233 ΙΙΙ
785 2194 823 2234 in
857 2204 946 2247 cap.
984 2191 1008 2234 3
1048 2207 1067 2232 <(
1091 2192 1141 2234 de
1175 2191 1249 2239 liis,
1285 2193 1352 2248 qui
1395 2191 1498 2234 tilios
1521 2190 1764 2233 occiderunt
1785 2205 1807 2230 »

182 2261 246 2318 (V,
284 2262 355 2319 10)
392 2261 425 2304 X
458 2263 628 2305 dicens:
663 2264 696 2305 si
735 2278 755 2303 (<
780 2276 858 2305 non
901 2267 1085 2319 apparet,
1129 2267 1265 2305 utrum
1312 2275 1332 2305 a
1377 2266 1492 2318 patre
1529 2261 1590 2304 vel
1625 2274 1644 2303 a
1682 2266 1811 2303 matre

183 2347 403 2389 oppressus
436 2335 486 2376 sit
519 2335 604 2388 ipse
648 2332 836 2390 (infans),
885 2333 947 2376 vel
990 2333 1228 2386 suffocatus,
1276 2332 1339 2375 vel
1380 2334 1542 2388 propria
1578 2336 1709 2374 morte
1743 2331 1810 2373 de-

182 2405 373 2457 functus,
409 2417 487 2446 non
509 2403 659 2447 debent
680 2403 775 2446 inde
794 2406 930 2447 securi
955 2417 1043 2446 esse
1068 2408 1273 2459 parentes,
1298 2416 1373 2446 nec
1397 2404 1519 2445 etiam
1544 2404 1632 2445 sine
1657 2414 1810 2457 poena:

179 2474 249 2517 sed
285 2479 421 2517 tamen
454 2474 732 2517 consideratio
766 2474 891 2518 debet
925 2487 1014 2517 esse
1048 2476 1223 2530 pietatis,
1268 2472 1335 2516 ubi
1381 2486 1459 2515 non
1502 2472 1704 2525 voluntas,
1739 2471 1809 2514 sed

179 2550 353 2587 eventus
389 2547 530 2587 mortis
563 2558 685 2587 causa
721 2545 858 2589 tuerit.
892 2545 931 2588 Si
956 2549 1093 2587 autem
1128 2557 1197 2587 eos
1231 2557 1309 2586 non
1344 2543 1456 2595 latet,
1501 2545 1609 2599 ipsos
1643 2543 1811 2585 interfe-

181 2620 315 2658 ctores
348 2629 450 2665 esse,
482 2618 588 2659 seire
622 2614 777 2658 debent
809 2628 852 2658 se
887 2617 1074 2671 graviter
1107 2613 1329 2671 deliquisse
1352 2629 1391 2655 ».
1416 2639 1472 2644 —
1504 2613 1705 2669 Exempla
1740 2626 1808 2655 ne-

178 2685 402 2741 gligentiae
444 2685 662 2741 culpabilis
696 2688 734 2728 iu
770 2685 912 2728 Exodo
956 2684 1201 2741 quamplura
1246 2686 1529 2738 inveniuntur,
1573 2697 1622 2726 ex
1656 2682 1807 2740 quibus

179 2755 329 2799 selecta
363 2761 456 2798 sunt
489 2769 605 2811 capp.
643 2756 665 2798 2
690 2761 729 2798 et
755 2756 778 2798 3
818 2771 837 2796 α
862 2756 913 2799 de
947 2757 1108 2798 iniuriis
1141 2759 1180 2798 et
1202 2755 1353 2798 (lanino
1382 2754 1520 2797 dato»
1560 2753 1624 2811 (V,
1661 2752 1732 2809 36)
1757 2751 1808 2807 X,

182 2840 228 2869 ac
269 2827 448 2883 denique
491 2829 619 2882 ipsam
667 2826 962 2882 negligentiam
1008 2827 1176 2881 exponit
1218 2838 1307 2881 cap.
1352 2824 1422 2868 ult.
1468 2825 1652 2868 eiusdem
1689 2822 1808 2876 tituli,

181 2898 315 2938 aiente
348 2895 470 2952 Greg
509 2895 591 2939 lX:
632 2912 652 2937 (ε
676 2897 715 2940 Si
750 2895 871 2952 culpa
906 2901 973 2939 tna
1014 2896 1155 2939 datum
1200 2899 1259 2938 est
1292 2895 1505 2948 damnum,
1552 2894 1614 2937 vel
1660 2894 1808 2936 iniuria
