1950 3313
133 154 202 188 236
503 151 586 184 Lm.
606 150 651 184 V.
673 170 683 175 -
706 150 814 183 PARS
832 149 903 183 111.
927 169 940 174 —
959 149 1017 184 De
1028 152 1166 194 poenis
1186 151 1227 183 in
1244 150 1385 184 delicta
1435 148 1528 184 Can.
1555 148 1759 184 2342-2343

135 287 173 316 n.
195 273 251 327 10,
274 271 495 329 priventur
528 270 568 327 a)
602 270 741 328 officio
774 272 916 313 stricto
948 283 1071 313 sensu
1094 269 1340 327 (can.145),
1364 269 1402 312 si
1424 269 1534 327 quod
1566 268 1759 323 habeant,

135 343 178 401 b)
202 349 240 386 el
265 356 356 386 voce
378 342 516 385 activa
539 347 578 384 el
596 341 783 400 passiva.
805 341 937 384 Poena
961 341 1234 385 determinata
1259 345 1299 385 et
1322 343 1598 398 praeceptivis
1621 339 1761 384 verbis

136 415 258 458 edita.
292 412 407 471 (Cau.
442 415 509 457 cit.
545 415 583 455 in
619 413 699 456 line
732 425 869 469 praec.
903 411 1028 469 can).

252 486 300 527 3⁰
331 483 541 527 Moniales
573 486 714 527 stricto
747 497 885 537 sensu,
916 485 1023 527 sicut
1055 483 1210 527 dictum
1244 488 1305 527 est
1338 485 1375 526 in
1410 495 1500 526 can.
1534 482 1712 538 citando,
1741 495 1763 524 e

136 555 336 598 clausura
369 554 592 611 illeyitime
623 550 821 597 exeuntes
853 559 1002 598 contra
1033 554 1345 612 praescripcmn
1379 567 1470 596 cau.
1493 555 1581 596 601
1605 551 1759 596 ibidem

136 625 402 682 explicatum,
427 639 476 669 ex
512 638 590 683 qua
626 628 819 669 citatione
855 625 1066 668 videretur
1098 627 1380 681 argumentari
1415 624 1548 681 logice
1581 625 1764 667 omissio-

139 710 231 740 nem
263 699 404 753 scripti
440 698 734 753 recognitionis
777 695 964 752 periculi,
1003 711 1022 736 «
1045 696 1211 753 quando
1245 701 1407 752 tempus
1439 699 1673 752 suppetat»
1711 706 1761 736 ex

136 767 182 825 ἕο
217 766 273 822 2⁰,
310 769 446 811 facere
480 766 740 824 illegitimum
774 769 930 810 exitum
965 769 1002 809 in
1039 769 1244 823 praesenti
1278 779 1435 809 canone
1472 767 1660 822 punitum
1693 776 1762 807 ex-

138 840 516 882 communicatione
551 837 656 881 latae
689 839 917 881 sententiae
939 837 1034 880 Sedi
1057 836 1318 893 Apostolicae
1351 837 1595 893 simpliciter
1632 848 1765 878 reser-

140 914 250 953 vata.
272 909 350 953 Sed
377 909 606 966 respondeo
632 909 888 952 retinendam
923 910 1167 951 sententiam
1202 910 1431 964 oppositam
1455 907 1511 951 ibi
1536 905 1764 963 probatam,

140 982 236 1038 quia
271 980 460 1024 monialis
503 981 648 1023 exiens
689 982 778 1023 sine
811 979 879 1022 illo
911 981 1064 1036 scripto
1108 981 1278 1035 praevio
1311 976 1523 1023 Ordinarii
1560 977 1652 1031 loci,
1685 989 1764 1019 non

142 1053 238 1096 facit
269 1057 412 1095 contra
452 1053 751 1108 praescriptum
797 1052 980 1103 canonis,
1013 1063 1060 1093 eo
1093 1050 1201 1107 quod
1236 1062 1372 1101 causa,
1408 1053 1452 1092 ut
1483 1049 1765 1105 supponlmUS,

140 1122 293 1177 subest,
330 1135 404 1166 nec
438 1121 601 1165 licentia
626 1119 838 1166 Ordinarii
862 1135 912 1164 ex
939 1120 1006 1164 illo
1039 1123 1192 1177 scripto
1229 1122 1432 1177 provenit,
1456 1119 1525 1163 sed
1561 1120 1639 1162 hoc
1670 1131 1765 1162 con-

142 1196 243 1237 tinet
273 1193 401 1237 solam
436 1195 763 1249 recognitionem
788 1204 947 1236 causae
982 1195 1060 1234 non
1096 1193 1369 1235 necessariam
1397 1204 1471 1247 pro
1495 1203 1677 1246 egressu,
1695 1188 1765 1232 sed

142 1278 192 1308 ne
227 1253 303 1308 lex'
326 1266 500 1320 privatis
534 1266 719 1320 personis
752 1266 935 1307 remittat
968 1263 1166 1306 iudicium
1201 1263 1251 1306 de
1285 1265 1412 1319 ipsius
1449 1262 1679 1305 existentia.

263 1335 360 1378 184.
398 1337 713 1393 Privilegium
747 1337 950 1381 canonis
984 1337 1030 1380 in
1063 1338 1170 1381 tota
1206 1337 1311 1381 eius
1348 1334 1682 1390 amplitudine.
1712 1355 1771 1361 ——

144 1404 249 1459 Quia
284 1409 321 1449 in
356 1408 542 1464 sequenti
576 1419 666 1450 can.
700 1405 884 1449 adhibita
924 1411 984 1449 est
1027 1406 1170 1449 eadem
1215 1404 1399 1449 clausula
1443 1417 1550 1462 quae
1582 1403 1633 1446 ab
1666 1403 1768 1445 anti-

144 1479 301 1534 quitate
334 1477 550 1520 derivatur
584 1490 656 1533 pro
689 1479 859 1521 canonis
903 1476 1137 1533 privilegio,
1170 1476 1298 1519 altera
1341 1478 1489 1518 omissa
1528 1473 1771 1517 «suadente

145 1548 310 1592 diabolo
335 1564 353 1589 ))
383 1553 523 1605 utpote
547 1550 847 1603 innecessaria;
883 1548 1059 1591 tenenda
1093 1551 1154 1590 est
1187 1548 1470 1603 interpretatio
1503 1544 1769 1602 probatorum

147 1619 373 1662 Auctorum
408 1619 458 1662 ad
493 1632 678 1662 normam
714 1632 804 1662 can.
826 1619 863 1661 6.
893 1634 914 1660 ε(
938 1618 981 1661 <2⁰
1005 1617 1192 1663 Canones
1215 1620 1282 1674 qui
1308 1621 1370 1661 ius
1396 1622 1514 1660 vetus
1537 1629 1586 1659 ex
1612 1617 1772 1671 integro

149 1690 333 1733 referunt
365 1703 413 1733 ex
451 1692 603 1733 veteris
646 1692 747 1733 iuris
787 1692 1045 1745 auctoritate,
1079 1694 1202 1746 atque
1237 1689 1328 1732 ideo
1361 1703 1409 1732 ex
1446 1689 1621 1743 receptis
1663 1687 1770 1743 apud

148 1759 340 1816 probatos
382 1765 573 1804 auctores
615 1759 1024 1817 interpretationibus
1064 1765 1158 1803 suut
1203 1759 1478 1810 aestimandi3
1511 1758 1555 1801 30
1588 1756 1775 1802 Canones

149 1832 216 1887 qui
252 1844 300 1873 ex
338 1835 452 1887 parte
484 1835 642 1874 tautum
687 1844 780 1874 cum
830 1833 956 1874 veteri
1002 1833 1090 1874 iure
1132 1834 1379 1887 congruunt,
1413 1842 1494 1887 qua
1526 1833 1773 1884 congruunt,

149 1915 197 1943 ex
243 1903 331 1944 iure
379 1903 548 1959 antiquo
596 1902 841 1945 aestimandi
890 1906 1012 1955 sunt,
1062 1914 1141 1960 qua
1189 1901 1440 1958 discrepant,
1472 1905 1566 1943 suut
1608 1913 1656 1942 ex
1701 1911 1775 1941 sua

151 1974 332 2028 ipsorum
375 1975 580 2016 sententia
621 1973 876 2016 diiudicandi
901 1988 941 2015 ›>.
977 1998 1028 2003 —
1068 1971 1280 2016 Gradatim
1325 1983 1477 2028 poenas
1519 1972 1660 2014 statuit
1703 1983 1775 2026 pro

151 2038 460 2087 ecclesiasticis*
483 2043 682 2100 gradibus
724 2056 992 2100 personarum
1033 2057 1123 2086 can.
1156 2044 1295 2087 2343.
1329 2042 1357 2100 ἓ
1393 2043 1427 2084 l.
1467 2040 1549 2094 Qui
1581 2039 1773 2098 (verbum

152 2113 363 2170 generale)
396 2113 601 2157 m'olentas
638 2128 800 2168 mames,
835 2127 907 2170 per
949 2126 1055 2171 quae
1101 2112 1226 2156 verba
1273 2126 1349 2156 non
1394 2117 1550 2155 tantum
1595 2113 1778 2154 actiones

156 2197 350 2227 manuum
375 2185 445 2228 sed
471 2197 772 2242 quaecumque,
792 2189 911 2241 prout
934 2184 1010 2228 hae
1033 2188 1298 2240 opponuntur
1333 2181 1569 2226 verbalibus
1602 2183 1777 2235 iniuriis,

154 2256 437 2311 designantur,
460 2256 686 2299 dummodo
720 2255 925 2298 violentae
947 2257 1026 2298 sint
1052 2259 1218 2311 propter
1242 2253 1481 2310 implicitam
1518 2255 1710 2296 iniuriam
1735 2252 1779 2294 in

151 2339 389 2383 personam,
414 2339 493 2369 non
529 2328 566 2368 in
601 2329 690 2368 eius
722 2326 900 2382 effigiem
939 2325 999 2368 vel
1037 2327 1259 2380 imaginem
1298 2324 1358 2367 vel
1394 2324 1588 2379 cadaver,
1614 2322 1680 2366 vel
1715 2336 1780 2366 res

157 2399 283 2453 ipsius
320 2411 356 2437 v.
381 2411 441 2450 gr.
478 2399 515 2439 in
551 2396 758 2450 thronum,
795 2400 929 2439 vestes
964 2395 1142 2452 papales,
1176 2397 1251 2438 uisi
1286 2395 1452 2452 quando
1488 2399 1656 2451 propter
1688 2407 1781 2437 con-

157 2469 422 2521 iunctionem,
462 2469 500 2510 in
544 2467 774 2511 Romanum
821 2466 1057 2510 Pontificem
1104 2465 1156 2509 ihi
1199 2465 1425 2518 sedentem,
1472 2465 1532 2507 his
1576 2465 1779 2518 indutum,

158 2539 439 2582 redundarent
471 2538 696 2581 offensivae
739 2540 944 2590 actiones,
992 2549 1165 2594 persona
1198 2535 1379 2579 Romani
1415 2535 1630 2592 Pontifieis
1659 2534 1782 2578 debet

158 2611 287 2666 accipi
314 2611 478 2666 proprie
510 2622 581 2652 seu
618 2609 799 2666 physice,
821 2621 926 2666 quae
950 2606 1140 2651 manibus
1161 2609 1371 2650 attrectari
1397 2611 1541 2663 potest,
1564 2606 1634 2650 sed
1661 2609 1781 2662 prout

158 2680 357 2736 dignitate
389 2681 548 2724 Summi
583 2680 848 2723 Pont.iticatus
879 2683 1022 2722 ornata
1057 2676 1203 2720 violari
1238 2682 1380 2734 potest,
1416 2682 1499 2720 turn
1536 2679 1575 2719 in
1608 2687 1782 2731 corpore

159 2751 293 2808 quoad
335 2750 660 2794 incolumitatem
696 2764 734 2792 v.
769 2763 828 2806 gr.
865 2749 1163 2796 interfectione,
1198 2747 1466 2803 mutilatione,
1504 2748 1780 2804 percussione,

161 2827 245 2864 tum
282 2824 319 2864 in
356 2821 544 2865 libertate
578 2821 749 2878 physica
784 2834 820 2863 v.
846 2834 906 2876 gr.
932 2821 1134 2876 captione,
1160 2821 1499 2873 incarceratione,
1533 2817 1780 2866 detentione,

163 2898 247 2935 tum
284 2895 321 2935 in
355 2895 444 2936 eius
476 2892 675 2948 dignitate
702 2905 738 2936 v.
763 2905 823 2948 gr.
850 2904 922 2947 per
954 2889 1142 2933 hostilem
1178 2891 1509 2946 insequutionem
1544 2887 1782 2944 physicam,
