1950 3313
185 172 252 205 150
644 169 729 202 LIB.
758 168 803 202 V.
834 188 846 192 -
873 168 983 202 PARS
1009 168 1060 202 ΙΙ.
1090 189 1103 194 -
1129 169 1186 204 De
1206 173 1344 214 poenis
1601 159 1693 205 03η.
1720 171 1814 206 2271

183 291 374 335 exclusis.
399 288 615 332 Missarum
644 287 848 331 solemnia
883 287 1096 332 celebrare
1129 301 1252 332 causa
1286 289 1534 333 conficiendi
1566 302 1717 346 corpus
1741 289 1813 334 Do-

183 364 295 414 mini,
331 360 439 418 quod
485 358 786 402 decedentibus
830 361 867 401 in
915 361 1163 415 poenitentia
1214 373 1292 402 non
1342 365 1579 417 negatur».
1614 360 1699 404 lmo
1738 375 1813 406 nec

178 434 302 485 sanis,
334 433 520 487 sequitur
553 432 661 473 enim
698 431 736 472 in
771 442 951 473 canone:
996 429 1315 474 administratio
1349 432 1385 487 c)
1418 430 1686 488 baptismatis
1719 435 1809 490 qui·
1850 487 1853 490 Ι

180 501 370 555 buslibet,
414 501 485 544 sed
535 502 740 543 omittitur
788 501 1048 544 confirmatio
1097 513 1293 558 expressa
1337 504 1375 544 in
1420 514 1508 558 cap.
1544 502 1597 544 42
1642 505 1708 546 cit.
1750 505 1808 548 tit.

179 572 247 629 (V,
265 574 340 629 39)
364 572 421 616 X:
451 571 627 628 «Super
660 584 742 629 quo
776 572 1090 628 respondemus,
1125 572 1234 630 quod
1269 574 1376 616 sicut
1409 571 1607 629 baptizari
1641 578 1811 629 possunt

179 646 295 700 pueri
329 645 439 694 (cum
477 642 637 686 Forrar.
656 645 804 686 civitas
836 644 886 686 sit
921 643 1141 686 interdicto
1174 642 1420 700 supposita),
1453 645 1512 687 sic
1545 648 1585 687 et
1617 643 1809 701 baptizati

175 716 224 758 ad
259 714 619 758 confirmationem
654 716 692 756 in
728 713 931 757 frontibus
963 726 983 756 a
1018 718 1057 757 te
1091 718 1260 770 possunt
1293 726 1412 757 sacro
1443 713 1668 758 chrismate
1707 715 1809 759 deli-

174 788 252 828 niri
276 801 317 840 )),
350 798 372 828 e
404 798 605 828 converso
643 785 812 828 additur
844 784 886 840 dl
919 783 1241 838 Eucharistiae,
1272 797 1379 842 quae
1423 784 1527 829 bene
1572 785 1807 830 valentibus

174 857 444 911 ministratur,
485 856 524 912 e)
566 855 869 912 poenitentiae,
907 854 1136 898 secundum
1184 854 1312 898 xeiba
1359 855 1490 900 Bonis.
1533 854 1617 898 Vlll
1659 858 1804 911 (const.

176 943 196 968 «
220 926 339 970 Alma
375 932 508 970 mater
529 930 593 982 »);
634 943 656 967 «
678 926 960 980 concedimus
985 927 1095 983 quod
1121 931 1308 982 tempore
1332 926 1540 970 interdicti
1563 925 1614 970 ab
1637 926 1804 971 homine

174 987 235 1041 ve'l
271 1010 293 1041 a
327 1000 416 1041 iure
451 997 612 1054 prolati
633 1010 713 1040 non
749 997 1038 1040 tantummodo
1074 999 1308 1050 morientes,
1332 996 1403 1040 sed
1438 999 1560 1040 etiam
1598 999 1803 1053 xi,ventes

168 1074 252 1112 tam
286 1071 374 1112 sani
409 1071 533 1112 etiam
567 1081 692 1126 qnam
728 1069 895 1113 infirmi
929 1068 978 1111 ad
1015 1070 1309 1125 poenitentiam
1347 1067 1473 1125 (quae
1506 1073 1675 1125 pr·optei
1709 1083 1800 1125 pro-

167 1142 337 1184 nitatem
373 1145 410 1183 et
445 1139 681 1183 facilitatem
728 1139 942 1182 hominum
977 1140 1025 1182 ad
1065 1139 1320 1195 peccandum
1365 1152 1527 1183 summe
1567 1142 1800 1184 necessaria

167 1210 245 1268 est)
280 1211 390 1254 licite
423 1211 763 1255 admittanturz...
797 1209 882 1254 Nec
915 1215 1012 1254 tunc
1046 1212 1169 1253 etiam
1205 1223 1286 1267 quo
1309 1210 1359 1253 ad
1385 1212 1482 1253 istos
1507 1210 1570 1253 vel
1595 1210 1697 1254 alios
1729 1213 1798 1269 qui

164 1285 275 1326 circa
310 1283 577 1326 interdictum
613 1284 783 1325 minime
815 1281 1081 1339 deliquerunt
1115 1280 1203 1338 (ubi
1237 1282 1397 1335 civitas,
1433 1280 1498 1324 vel
1534 1280 1648 1325 locus
1680 1281 1797 1326 alius.

162 1367 234 1397 seu
271 1356 522 1397 universitas
555 1353 764 1397 interdicti
799 1351 999 1409 existunt)
1026 1352 1212 1395 iacienda
1248 1356 1306 1395 est
1342 1351 1542 1395 relaxatio
1576 1352 1810 1408 interdicti,

162 1425 234 1468 sed
268 1429 326 1468 est
361 1427 421 1468 eis
453 1424 714 1468 solummodo
749 1423 1002 1480 iniungenda
1043 1425 1294 1479 poenitentia
1337 1423 1530 1466 salutaris
1553 1439 1591 1468 )).
1627 1422 1798 1480 Propter

162 1500 352 1539 naturam
387 1500 424 1538 et
460 1497 746 1539 necessitatem
772 1496 1281 1538 contractiis-sacramenti
1304 1509 1324 1534 c(
1350 1495 1643 1550 permittitur»
1671 1497 1795 1538 etiam

160 1569 249 1609 sine
283 1566 527 1608 limitatione
561 1565 596 1622 f)
632 1565 879 1608 assistentia
913 1565 961 1608 ad
1001 1564 1256 1608 validitatem
1300 1566 1533 1607 necessaria
1576 1565 1793 1608 matrimo-

160 1637 260 1690 niis,
290 1637 360 1680 sed
396 1636 565 1679 eoeelusa
592 1636 885 1680 ,benedictione
916 1634 1116 1693 nuptiali,
1151 1637 1274 1678 etiam
1309 1647 1415 1692 qnae
1460 1634 1568 1678 licita
1614 1641 1719 1678 esset
1754 1638 1792 1679 in

164 1713 395 1764 «tempore
428 1720 508 1750 non
543 1708 730 1751 feriato»
771 1708 878 1764 (can.
901 1706 1029 1760 1101,
1051 1706 1079 1764 ἓ
1105 1705 1160 1763 1),
1195 1710 1336 1762 utpote
1369 1711 1476 1763 quae
1509 1719 1588 1748 non
1623 1711 1683 1749 est
1716 1706 1793 1751 sub

158 1781 279 1835 gravi
314 1781 581 1834 praescripta.
615 1803 673 1808 —
705 1778 843 1821 lnnoc.
867 1777 916 1820 111
951 1776 1179 1821 declaravit
1214 1778 1337 1819 etiam
1364 1775 1400 1820 1;
1440 1778 1524 1819 «in
1560 1776 1628 1819 illo
1665 1776 1792 1820 verbo

159 1864 230 1907 per
263 1850 373 1907 quod
425 1851 672 1905 poenitentia
724 1848 997 1892 morientibus
1046 1861 1122 1890 non
1168 1860 1384 1904 negamus,
1420 1849 1616 1891 viaticum
1650 1850 1790 1904 etiam,

156 1921 266 1978 quod
303 1934 401 1964 vere
437 1920 741 1977 poenitentibus
773 1919 1009 1974 exhibetur,
1034 1918 1206 1975 intelligi
1244 1918 1448 1974 volumus,
1468 1923 1511 1961 ut
1546 1931 1620 1962 nec
1653 1920 1787 1975 ipsum

155 1991 454 2040 decedentibus
487 1991 729 2048 denegetur.
765 1990 875 2034 Licet
909 1995 1046 2033 autem
1083 2003 1156 2045 per
1187 1988 1383 2046 generale
1417 1989 1682 2032 interdictum
1717 1989 1788 2032 de—

154 2067 329 2119 negetur
362 2061 554 2105 omnibus
587 2067 670 2105 tam
706 2064 857 2115 unctio,
892 2073 1015 2118 quam
1050 2060 1331 2104 ecclesiastica
1364 2059 1599 2116 sepultura:
1639 2073 1786 2103 conce-

153 2134 291 2177 dimus
322 2138 460 2176 tamen
495 2146 544 2176 ex
578 2135 725 2189 gratia,
759 2139 803 2176 ut.
834 2132 975 2175 cleriei
1009 2131 1272 2186 decedentes,
1307 2132 1375 2187 qui
1411 2136 1546 2173 tamen
1587 2143 1783 2174 servave-

153 2207 235 2247 rint
267 2204 550 2258 interdictum,
585 2206 622 2246 in
657 2205 907 2247 coemeterio
941 2202 1156 2256 ecclesiae,
1189 2203 1278 2245 sine
1311 2213 1607 2258 campanarum
1648 2201 1783 2257 pulsa-

152 2277 276 2329 tione,
299 2273 556 2318 cessantibus
588 2273 920 2317 solemnitatibus
943 2271 1135 2316 omnibus
1157 2286 1252 2316 cum
1276 2271 1438 2315 silentio
1462 2271 1719 2315 tumulentur
1741 2287 1781 2314 ».

153 2345 264 2389 Haec
295 2347 509 2388 concessio
542 2344 721 2401 amplius
754 2345 939 2400 mitigata
965 2343 1014 2386 ad
1040 2356 1183 2386 omnes
1216 2342 1359 2385 fideles
1392 2342 1630 2385 extenditur
1654 2344 1691 2385 in
1717 2355 1782 2386 ca-

150 2429 270 2468 none,
315 2415 481 2473 quando
524 2414 686 2459 subdit:
736 2416 1120 2471 «permittuntur»
1167 2412 1210 2470 g)
1254 2418 1512 2455 mortuorum
1557 2413 1782 2470 eoeseqiiiae

154 2500 323 2543 «super
355 2487 537 2530 cadaver
571 2488 611 2529 in
644 2485 818 2529 ecclesia
841 2484 1090 2538 celebratae,
1115 2483 1306 2541 illiusque
1329 2483 1587 2540 depositione
1617 2486 1654 2527 in
1690 2483 1779 2527 loco

148 2557 332 2614 legitime
364 2557 560 2613 deputato
594 2555 786 2600 fidelibus
819 2556 1024 2599 defunctis
1055 2554 1282 2598 condendis
1306 2570 1324 2595 ))
1349 2553 1458 2610 (can.
1486 2554 1627 2610 1204),
1650 2554 1779 2597 vetita

150 2634 287 2671 tamen
321 2628 466 2686 quavis
499 2627 765 2671 solemnitate
807 2631 848 2670 ut
893 2629 931 2669 in
977 2627 1107 2669 veteri
1147 2627 1248 2668 iure.
1285 2651 1337 2655 —
1372 2624 1548 2668 Demum
1587 2625 1776 2669 additur:

147 2698 190 2756 b)
214 2698 443 2742 benedictio
477 2712 612 2756 aquae
634 2697 914 2755 baptismalis,
933 2696 1098 2754 quando
1124 2698 1377 2753 praescripta
1400 2700 1473 2749 est,
1497 2700 1537 2738 et
1558 2709 1776 2738 sacrorum

145 2770 346 2822 oleorum,
379 2772 405 2823 i)
432 2768 700 2827 praedicatio
734 2768 846 2811 verbi
880 2767 968 2811 Dei.
1002 2767 1061 2810 De
1094 2766 1173 2810 illis
1215 2769 1296 2810 iam
1339 2772 1505 2810 cautum
1540 2771 1626 2809 erat
1659 2768 1718 2809 sic
1751 2778 1773 2809 a

262 2924 273 2945 1
302 2922 391 2967 Cap.
420 2923 474 2964 11,
508 2938 521 2952 «
542 2921 586 2956 de
605 2922 864 2967 poenitentiis
890 2925 930 2955 et
956 2920 1253 2954 remissionibus
1273 2936 1286 2951 ι
1321 2920 1381 2965 (V,
1410 2919 1470 2962 38)
1496 2919 1546 2952 X.
