1950 3313
152 174 198 206 48
616 170 700 204 [ΑΒ.
729 170 774 203 V.
805 189 818 194 -
844 169 953 203 PARS
977 169 1029 203 II.
1059 190 1070 195 -
1096 170 1155 205 De
1173 173 1311 215 poenis
1453 171 1546 207 Gan.
1573 172 1778 208 2215-2216
1813 209 1816 213 ,

151 291 300 334 clesiae
334 295 439 334 sunt.
475 289 642 332 notione
684 288 761 331 sub
808 301 898 332 can.
950 289 1075 345 2215,
1125 290 1351 347 speciebus,
1399 295 1485 334 tum
1530 304 1580 333 ex
1630 296 1774 335 natura

153 364 330 417 ipsarum
369 363 503 416 petitis
538 363 574 402 in
608 372 698 404 can.
733 359 860 414 2216,
897 364 980 402 tum
1016 374 1064 403 ex
1101 360 1162 404 his
1196 374 1302 418 quae
1335 361 1606 405 accidentalia
1642 364 1776 418 potius

150 436 242 474 sunt
277 434 334 473 eis
362 430 422 472 vel
458 432 690 473 extrinseca
738 429 815 473 sub
863 443 953 473 can.
982 430 1110 485 2217,
1149 431 1500 489 interpretatione
1538 437 1664 489 atque
1700 446 1774 490 op-

145 501 389 558 pticotione,
423 503 616 557 quamvis
650 500 731 543 duo
765 503 959 557 postremi
995 515 1173 545 canones
1208 502 1336 556 2218,
1376 503 1488 545 2219
1523 502 1596 546 llas
1628 503 1773 546 ordine

151 577 304 614 mutato
341 576 603 627 pertractent.

268 642 333 684 32.
369 644 513 688 Notio
550 642 757 698 praedicta
793 645 945 698 optime
978 643 1099 686 (latur
1146 657 1219 699 per
1262 649 1440 700 quatuor
1473 643 1580 686 illius
1613 656 1772 687 causas.

153 713 250 754 s'an.
284 715 417 757 2215.
456 711 593 756 Poena
616 712 915 767 ecclesiastica,
934 718 1019 756 tum
1046 719 1213 770 propter
1237 713 1442 770 publicam
1467 716 1771 769 auctoritatem,

148 789 232 826 tum
269 788 436 840 propter
483 785 715 827 subiectum
761 786 849 827 eius
898 787 1125 840 proprium,
1173 790 1256 828 tum
1306 787 1428 832 etiam
1469 785 1769 841 utplurimum

148 859 315 910 propter
339 854 447 897 illius
471 860 660 898 naturam
686 855 953 911 peculiarem,
980 860 1054 907 est,
1079 868 1157 897 non
1182 855 1313 898 solum
1334 857 1515 899 carentia
1550 855 1772 898 cuiuslibet

147 924 258 977 boni,
292 925 400 982 quod
435 925 557 968 homo
592 925 744 968 habere
785 930 933 981 posset,
977 926 1047 968 sed
1086 928 1250 981 proprie
1285 925 1472 982 privatio
1506 926 1633 969 debiti
1668 939 1768 983 qua-

146 996 420 1053 litercumque
453 996 639 1039 subiecto
673 995 856 1038 alicuius
879 995 986 1047 boni,
1010 996 1231 1052 quodcum
1257 1009 1346 1039 esse
1379 999 1505 1052 possit
1539 996 1769 1052 multiplex,

145 1073 223 1110 tam
259 1067 474 1123 spirituale
507 1080 631 1124 quam
667 1066 908 1123 temporale,
945 1069 981 1109 in
1016 1080 1059 1110 se
1095 1069 1192 1123 ipsis
1235 1079 1282 1110 ea
1326 1080 1498 1110 numero
1542 1069 1769 1123 constringi

144 1152 221 1181 non
260 1142 436 1195 possent,
472 1141 547 1181 nisi
582 1143 786 1195 quatenus
820 1152 892 1194 per
926 1140 1179 1194 privationes
1212 1138 1510 1181 determinatas
1544 1137 1610 1180 illa
1647 1142 1771 1180 mate-

145 1209 300 1252 rialiter
348 1209 607 1252 considerata
658 1211 695 1251 in
741 1209 940 1266 quasdam
989 1209 1141 1252 classes
1189 1208 1383 1252 collocari
1433 1213 1615 1265 possunt,
1663 1221 1769 1266 quae

144 1293 368 1336 poenarum
395 1280 679 1323 distinctiones
702 1279 894 1322 formales
917 1279 1163 1336 producunt.
1190 1279 1299 1322 Finis
1324 1293 1422 1322 vero
1446 1292 1588 1322 earum
1613 1272 1780 1336 duplex>

141 1354 393 1404 enuntiatur,
414 1354 571 1407 primus
594 1350 649 1393 aas
671 1350 955 1408 delinquentis
977 1351 1273 1394 correctionem
1294 1364 1365 1407 per
1388 1350 1526 1394 delicti
1553 1353 1766 1406 praeviam

141 1422 424 1465 exclusionem
458 1424 656 1465 canonica
689 1424 1011 1465 comminatione
1056 1434 1223 1477 poenae,
1266 1426 1389 1478 atque
1423 1434 1494 1478 per
1528 1421 1636 1464 illius
1667 1423 1767 1464 resi-

142 1495 382 1549 piscentiam
419 1494 643 1536 inflictione
679 1505 833 1549 poenae
867 1492 1148 1547 obtinendam,
1183 1497 1222 1535 el
1254 1492 1462 1536 secundus
1498 1493 1589 1535 finis
1622 1497 1682 1535 est
1715 1492 1764 1535 ad

139 1563 284 1606 delicti
313 1564 590 1622 punitionem,
635 1569 680 1606 ut
722 1566 780 1607 sic
831 1576 958 1619 poena
995 1568 1240 1619 reparentur
1287 1563 1544 1616 scandalum,
1588 1565 1619 1606 si
1654 1563 1763 1620 quod

138 1637 286 1687 extitit,
321 1640 445 1691 atque
477 1635 640 1678 socialis
673 1635 774 1677 ordo
807 1634 858 1678 ad
892 1633 1103 1677 Ecclesiae
1137 1634 1259 1676 tinem
1295 1647 1440 1677 secure
1472 1633 1762 1687 obtinendum3

138 1717 185 1748 ac
221 1710 393 1762 uterque
424 1718 574 1761 scopus
597 1706 739 1761 exigit,
766 1708 807 1747 ut
836 1717 1003 1760 «poena
1038 1703 1357 1747 ecclesiastica»
1386 1717 1411 1745 o
1435 1702 1626 1760 lcqitimo
1652 1705 1763 1746 iuxta

137 1789 188 1818 ss.
223 1788 403 1818 canones
436 1789 508 1831 pro
543 1775 785 1818 diversitate
818 1787 1043 1831 poenarum
1069 1788 1116 1818 ac
1139 1773 1399 1817 subditorum
1435 1773 1691 1816 anctoritate
1713 1775 1763 1816 sit

138 1846 203 1889 illa
238 1846 402 1903 inflicta
435 1846 621 1902 singulis.

256 1916 321 1959 33.
357 1918 597 1973 Suprema
630 1919 809 1962 divisio
843 1930 1113 1973 poenarum
1147 1929 1197 1959 ex
1232 1917 1389 1958 motivo
1424 1917 1647 1972 praecipuo
1680 1916 1764 1957 sin—

136 1986 325 2043 gularum
361 1987 483 2030 (latur
513 1989 650 2030 statim
685 2000 707 2030 a
740 1986 905 2031 Codice.
940 1986 1212 2030 Considerare
1255 1990 1416 2042 oportet
1459 1999 1602 2029 omnes
1635 1985 1764 2029 eccle—

134 2060 320 2101 siasticas
356 2070 520 2114 poenas,
555 2060 611 2100 uti
647 2058 737 2114 lege
770 2059 1055 2111 comminatas,
1090 2057 1271 2100 ordinari
1297 2056 1347 2100 ad
1375 2056 1662 2111 praecavenda
1695 2056 1762 2098 de-

136 2129 244 2182 licta,
279 2132 321 2170 ut
344 2131 554 2171 innuimus
578 2130 615 2170 in
643 2141 777 2184 praec.
803 2140 973 2182 canone,
998 2128 1067 2171 sed
1094 2129 1200 2170 inter
1219 2127 1308 2169 illas
1331 2126 1507 2169 inflictas
1529 2126 1758 2169 secundum

135 2212 276 2242 earum
322 2204 526 2252 naturam,
567 2212 638 2255 per
680 2198 840 2254 aliquas
878 2198 1061 2241 Ecclesia
1106 2199 1328 2254 praecipue
1371 2197 1543 2240 intendit
1584 2214 1603 2237 ι(
1629 2196 1758 2239 delin-

133 2272 296 2327 quentis
329 2272 629 2313 correctionem
651 2286 688 2319 )),
716 2283 787 2325 per
810 2269 912 2312 alias
950 2269 1127 2311 «delicti
1156 2270 1408 2324 punitionem
1431 2283 1468 2321 >),
1505 2281 1575 2323 per
1599 2272 1759 2311 ceteras

136 2353 234 2383 vero
269 2342 437 2396 praevie
469 2340 694 2384 excludere
728 2339 877 2383 delicta
914 2339 1189 2396 perpetranda
1226 2338 1288 2381 vel
1323 2351 1464 2381 eorum
1501 2340 1755 2394 punitionem

133 2424 210 2454 non
246 2411 433 2454 absolute
467 2414 759 2465 necessariam,
793 2413 952 2454 etiamsi
987 2410 1197 2468 quaelibet
1241 2409 1394 2452 inflicta
1429 2421 1559 2465 poena
1593 2422 1756 2451 secum-

133 2483 240 2524 ferre
276 2484 400 2536 possit
433 2484 734 2525 correctionem
769 2481 1048 2538 delinquentis
1080 2480 1294 2523 subeuntis
1327 2491 1432 2532 eam,
1465 2479 1561 2522 dum
1599 2481 1757 2535 insepa-

134 2551 272 2595 rabilis
305 2564 326 2594 a
362 2565 492 2608 poena
527 2553 735 2596 iudicatur
767 2552 934 2595 afflictio
970 2555 1138 2607 propter
1170 2550 1367 2593 delictum
1395 2552 1664 2605 praeteritum
1692 2549 1755 2592 vel

131 2624 328 2678 futurum,
362 2635 410 2666 ac
443 2623 564 2666 huius
596 2625 647 2665 sit
667 2625 1025 2679 praeservativum
1050 2621 1278 2665 secundum
1303 2625 1490 2663 naturam
1517 2620 1753 2673 humanam,

128 2706 234 2750 quae
267 2694 417 2749 refugit
450 2693 555 2736 mala
587 2698 904 2749 superventura.
943 2693 1111 2748 Propter
1145 2691 1257 2734 illum
1290 2691 1557 2747 principalem
1582 2704 1752 2747 scopum

128 2767 187 2807 sic
222 2776 374 2820 poenas
406 2763 622 2819 distinguit
654 2778 744 2807 can.
769 2766 904 2807 2216.
939 2762 984 2806 ln
1014 2762 1206 2806 Ecclesia
1238 2761 1540 2819 delinquentes,
1564 2763 1622 2804 sic
1655 2761 1752 2804 dicti

131 2839 298 2890 propter
346 2834 544 2877 delictum
595 2837 860 2890 praeteritum
892 2834 944 2877 ad
980 2846 1167 2876 normam
1215 2835 1340 2875 totius
1387 2844 1476 2876 can.
1527 2831 1653 2882 2195,
1689 2830 1751 2874 vel

130 2905 303 2948 relative
336 2906 386 2948 ad
422 2905 519 2948 illud
556 2907 790 2960 imminens,
823 2904 1091 2963 plectuntur:
