<?xml version="1.0" encoding="UTF-8"?>
<!DOCTYPE html PUBLIC "-//W3C//DTD XHTML 1.0 Transitional//EN"
    "http://www.w3.org/TR/xhtml1/DTD/xhtml1-transitional.dtd">
<html xmlns="http://www.w3.org/1999/xhtml" xml:lang="en" lang="en">
 <head>
  <title>
</title>
<meta http-equiv="Content-Type" content="text/html;charset=utf-8" />
  <meta name='ocr-system' content='tesseract 3.04.00' />
  <meta name='ocr-capabilities' content='ocr_page ocr_carea ocr_par ocr_line ocrx_word'/>
</head>
<body>
  <div class='ocr_page' id='page_1' title='image "./commentariumtext01blatuoft_0109.png"; bbox 0 0 1950 3313; ppageno 0'>
   <div class='ocr_carea' id='block_1_1' title="bbox 91 161 1709 206">
    <p class='ocr_par' dir='ltr' id='par_1_1' title="bbox 91 161 1709 206">
     <span class='ocr_line' id='line_1_1' title="bbox 91 161 1709 206; baseline -0.004 -6"><span class='ocrx_word' id='word_1_1' title='bbox 91 165 186 200; x_wconf 78' lang='lat' dir='ltr'>Cau.</span> <span class='ocrx_word' id='word_1_2' title='bbox 212 162 305 198; x_wconf 76' lang='lat'>2243</span> <span class='ocrx_word' id='word_1_3' title='bbox 492 161 576 195; x_wconf 77' lang='lat' dir='ltr'>TIT.</span> <span class='ocrx_word' id='word_1_4' title='bbox 608 161 714 195; x_wconf 86' lang='lat' dir='ltr'>VIII.</span> <span class='ocrx_word' id='word_1_5' title='bbox 737 181 748 186; x_wconf 90' lang='lat'><em>—</em></span> <span class='ocrx_word' id='word_1_6' title='bbox 768 162 823 195; x_wconf 68' lang='lat' dir='ltr'>De</span> <span class='ocrx_word' id='word_1_7' title='bbox 847 166 978 206; x_wconf 68' lang='lat' dir='ltr'>poenis·</span> <span class='ocrx_word' id='word_1_8' title='bbox 1005 163 1302 197; x_wconf 72' lang='lat' dir='ltr'>medicinalibus</span> <span class='ocrx_word' id='word_1_9' title='bbox 1666 162 1709 194; x_wconf 71' lang='lat'>97</span> 
     </span>
    </p>
   </div>
   <div class='ocr_carea' id='block_1_2' title="bbox 127 223 835 228">
    <p class='ocr_par' dir='ltr' id='par_1_2' title="bbox 127 223 835 228">
     <span class='ocr_line' id='line_1_2' title="bbox 127 223 835 228; baseline 0 0"><span class='ocrx_word' id='word_1_10' title='bbox 127 223 835 228; x_wconf 95' lang='lat' dir='ltr'> </span> 
     </span>
    </p>
   </div>
   <div class='ocr_carea' id='block_1_3' title="bbox 91 278 1739 2947">
    <p class='ocr_par' dir='ltr' id='par_1_3' title="bbox 91 278 1716 1250">
     <span class='ocr_line' id='line_1_3' title="bbox 94 278 1710 338; baseline -0.004 -11"><span class='ocrx_word' id='word_1_11' title='bbox 94 286 264 327; x_wconf 89' lang='lat' dir='ltr'>niuntur</span> <span class='ocrx_word' id='word_1_12' title='bbox 304 283 478 338; x_wconf 76' lang='lat' dir='ltr'>sparsim</span> <span class='ocrx_word' id='word_1_13' title='bbox 515 283 553 323; x_wconf 93' lang='lat' dir='ltr'>in</span> <span class='ocrx_word' id='word_1_14' title='bbox 600 283 688 323; x_wconf 90' lang='lat' dir='ltr'>iure</span> <span class='ocrx_word' id='word_1_15' title='bbox 734 282 1010 336; x_wconf 60' lang='lat' dir='ltr'>praecedenti.</span> <span class='ocrx_word' id='word_1_16' title='bbox 1061 282 1183 324; x_wconf 85' lang='lat' dir='ltr'>l&#39;orro</span> <span class='ocrx_word' id='word_1_17' title='bbox 1230 281 1378 323; x_wconf 79' lang='lat' dir='ltr'>Bened.</span> <span class='ocrx_word' id='word_1_18' title='bbox 1426 278 1511 322; x_wconf 77' lang='lat' dir='ltr'>XlV</span> <span class='ocrx_word' id='word_1_19' title='bbox 1560 282 1595 321; x_wconf 91' lang='lat' dir='ltr'>in</span> <span class='ocrx_word' id='word_1_20' title='bbox 1640 292 1710 321; x_wconf 85' lang='lat' dir='ltr'>sua</span> 
     </span>
     <span class='ocr_line' id='line_1_4' title="bbox 91 348 1714 407; baseline -0.006 -9"><span class='ocrx_word' id='word_1_21' title='bbox 91 358 222 398; x_wconf 87' lang='lat' dir='ltr'>const.</span> <span class='ocrx_word' id='word_1_22' title='bbox 262 351 563 395; x_wconf 85' lang='lat' dir='ltr'>«Militantis»</span> <span class='ocrx_word' id='word_1_23' title='bbox 603 350 615 372; x_wconf 73' lang='lat'>²</span> <span class='ocrx_word' id='word_1_24' title='bbox 650 351 835 393; x_wconf 82' lang='lat' dir='ltr'>districte</span> <span class='ocrx_word' id='word_1_25' title='bbox 870 354 1090 407; x_wconf 75' lang='lat' dir='ltr'>praecepit.</span> <span class='ocrx_word' id='word_1_26' title='bbox 1127 366 1175 394; x_wconf 88' lang='lat' dir='ltr'>ne</span> <span class='ocrx_word' id='word_1_27' title='bbox 1208 351 1342 407; x_wconf 79' lang='lat' dir='ltr'>aliqua</span> <span class='ocrx_word' id='word_1_28' title='bbox 1372 368 1392 389; x_wconf 92' lang='lat'>«</span> <span class='ocrx_word' id='word_1_29' title='bbox 1418 364 1489 406; x_wconf 89' lang='lat' dir='ltr'>per</span> <span class='ocrx_word' id='word_1_30' title='bbox 1511 362 1617 407; x_wconf 76' lang='lat' dir='ltr'>quae</span> <span class='ocrx_word' id='word_1_31' title='bbox 1643 348 1714 391; x_wconf 81' lang='lat' dir='ltr'>De-</span> 
     </span>
     <span class='ocr_line' id='line_1_5' title="bbox 91 420 1711 477; baseline -0.005 -9"><span class='ocrx_word' id='word_1_32' title='bbox 91 430 300 469; x_wconf 88' lang='lat' dir='ltr'>cretornm</span> <span class='ocrx_word' id='word_1_33' title='bbox 335 422 457 466; x_wconf 85' lang='lat' dir='ltr'>Cone.</span> <span class='ocrx_word' id='word_1_34' title='bbox 492 420 718 463; x_wconf 74' lang='lat' dir='ltr'>Tridentini</span> <span class='ocrx_word' id='word_1_35' title='bbox 755 424 979 477; x_wconf 77' lang='lat' dir='ltr'>exequutio</span> <span class='ocrx_word' id='word_1_36' title='bbox 1015 422 1260 474; x_wconf 69' lang='lat' dir='ltr'>retardetur,</span> <span class='ocrx_word' id='word_1_37' title='bbox 1291 426 1358 463; x_wconf 87' lang='lat' dir='ltr'>ant</span> <span class='ocrx_word' id='word_1_38' title='bbox 1405 434 1619 476; x_wconf 68' lang='lat' dir='ltr'>processus</span> <span class='ocrx_word' id='word_1_39' title='bbox 1662 420 1711 461; x_wconf 90' lang='lat' dir='ltr'>ad</span> 
     </span>
     <span class='ocr_line' id='line_1_6' title="bbox 94 492 1712 547; baseline -0.007 -8"><span class='ocrx_word' id='word_1_40' title='bbox 94 495 291 540; x_wconf 76' lang='lat' dir='ltr'>ulteriora</span> <span class='ocrx_word' id='word_1_41' title='bbox 323 496 359 535; x_wconf 95' lang='lat' dir='ltr'>in</span> <span class='ocrx_word' id='word_1_42' title='bbox 384 492 528 536; x_wconf 86' lang='lat' dir='ltr'>eadem</span> <span class='ocrx_word' id='word_1_43' title='bbox 555 494 833 547; x_wconf 75' lang='lat' dir='ltr'>exequutione</span> <span class='ocrx_word' id='word_1_44' title='bbox 857 493 1145 547; x_wconf 74' lang='lat' dir='ltr'>suspendatur,</span> <span class='ocrx_word' id='word_1_45' title='bbox 1171 497 1237 533; x_wconf 86' lang='lat' dir='ltr'>aut</span> <span class='ocrx_word' id='word_1_46' title='bbox 1264 492 1523 547; x_wconf 69' lang='lat' dir='ltr'>innpvdiaiur,</span> <span class='ocrx_word' id='word_1_47' title='bbox 1548 504 1712 547; x_wconf 74' lang='lat' dir='ltr'>quoquo</span> 
     </span>
     <span class='ocr_line' id='line_1_7' title="bbox 96 561 1710 613; baseline -0.004 -4"><span class='ocrx_word' id='word_1_48' title='bbox 96 566 217 609; x_wconf 89' lang='lat' dir='ltr'>modo</span> <span class='ocrx_word' id='word_1_49' title='bbox 251 563 533 608; x_wconf 83' lang='lat' dir='ltr'>concedantur</span> <span class='ocrx_word' id='word_1_50' title='bbox 556 577 594 604; x_wconf 88' lang='lat'>».</span> <span class='ocrx_word' id='word_1_51' title='bbox 631 561 787 604; x_wconf 85' lang='lat' dir='ltr'>Deinde</span> <span class='ocrx_word' id='word_1_52' title='bbox 822 564 858 603; x_wconf 90' lang='lat' dir='ltr'>in</span> <span class='ocrx_word' id='word_1_53' title='bbox 885 575 995 605; x_wconf 90' lang='lat' dir='ltr'>num.</span> <span class='ocrx_word' id='word_1_54' title='bbox 1022 563 1061 613; x_wconf 78' lang='lat'>7,</span> <span class='ocrx_word' id='word_1_55' title='bbox 1086 564 1124 613; x_wconf 76' lang='lat'>8,</span> <span class='ocrx_word' id='word_1_56' title='bbox 1155 562 1217 604; x_wconf 78' lang='lat' dir='ltr'>l-l.</span> <span class='ocrx_word' id='word_1_57' title='bbox 1242 563 1310 613; x_wconf 69' lang='lat'>223,</span> <span class='ocrx_word' id='word_1_58' title='bbox 1336 561 1597 612; x_wconf 55' lang='lat' dir='ltr'>pru-uliariter</span> <span class='ocrx_word' id='word_1_59' title='bbox 1619 575 1710 602; x_wconf 67' lang='lat' dir='ltr'>cen-</span> 
     </span>
     <span class='ocr_line' id='line_1_8' title="bbox 93 629 1711 690; baseline -0.005 -10"><span class='ocrx_word' id='word_1_60' title='bbox 93 650 213 680; x_wconf 88' lang='lat' dir='ltr'>suras</span> <span class='ocrx_word' id='word_1_61' title='bbox 247 636 446 687; x_wconf 83' lang='lat' dir='ltr'>meminit,</span> <span class='ocrx_word' id='word_1_62' title='bbox 479 645 587 690; x_wconf 82' lang='lat' dir='ltr'>quae</span> <span class='ocrx_word' id='word_1_63' title='bbox 620 631 672 674; x_wconf 84' lang='lat' dir='ltr'>al)</span> <span class='ocrx_word' id='word_1_64' title='bbox 695 629 929 675; x_wconf 85' lang='lat' dir='ltr'>Ordinariis</span> <span class='ocrx_word' id='word_1_65' title='bbox 953 633 1203 687; x_wconf 70' lang='lat' dir='ltr'>mitigantur.</span> <span class='ocrx_word' id='word_1_66' title='bbox 1226 632 1306 673; x_wconf 83' lang='lat' dir='ltr'>tmo</span> <span class='ocrx_word' id='word_1_67' title='bbox 1332 633 1436 673; x_wconf 70' lang='lat' dir='ltr'>idom</span> <span class='ocrx_word' id='word_1_68' title='bbox 1462 631 1711 673; x_wconf 73' lang='lat' dir='ltr'>servandum</span> 
     </span>
     <span class='ocr_line' id='line_1_9' title="bbox 93 701 1713 761; baseline -0.006 -10"><span class='ocrx_word' id='word_1_69' title='bbox 93 721 184 751; x_wconf 88' lang='lat' dir='ltr'>esse</span> <span class='ocrx_word' id='word_1_70' title='bbox 217 709 326 750; x_wconf 87' lang='lat' dir='ltr'>circa</span> <span class='ocrx_word' id='word_1_71' title='bbox 359 705 672 761; x_wconf 82' lang='lat' dir='ltr'>suspensionem</span> <span class='ocrx_word' id='word_1_72' title='bbox 707 716 756 745; x_wconf 87' lang='lat' dir='ltr'>ex</span> <span class='ocrx_word' id='word_1_73' title='bbox 793 705 1005 744; x_wconf 82' lang='lat' dir='ltr'>intormata</span> <span class='ocrx_word' id='word_1_74' title='bbox 1042 706 1305 747; x_wconf 66' lang='lat' dir='ltr'>conscientia,</span> <span class='ocrx_word' id='word_1_75' title='bbox 1335 702 1557 743; x_wconf 62' lang='lat' dir='ltr'>coneordat</span> <span class='ocrx_word' id='word_1_76' title='bbox 1592 701 1713 743; x_wconf 75' lang='lat' dir='ltr'>Bene-</span> 
     </span>
     <span class='ocr_line' id='line_1_10' title="bbox 93 772 1713 831; baseline -0.006 -9"><span class='ocrx_word' id='word_1_77' title='bbox 93 779 206 822; x_wconf 86' lang='lat' dir='ltr'>dicto</span> <span class='ocrx_word' id='word_1_78' title='bbox 243 775 330 820; x_wconf 83' lang='lat' dir='ltr'>xiv</span> <span class='ocrx_word' id='word_1_79' title='bbox 364 777 402 820; x_wconf 83' lang='lat' dir='ltr'>S.</span> <span class='ocrx_word' id='word_1_80' title='bbox 437 774 713 831; x_wconf 84' lang='lat' dir='ltr'>Congregatio</span> <span class='ocrx_word' id='word_1_81' title='bbox 747 773 797 816; x_wconf 88' lang='lat' dir='ltr'>de</span> <span class='ocrx_word' id='word_1_82' title='bbox 835 774 948 829; x_wconf 83' lang='lat' dir='ltr'>l’rop.</span> <span class='ocrx_word' id='word_1_83' title='bbox 975 773 1070 816; x_wconf 82' lang='lat' dir='ltr'>Fide</span> <span class='ocrx_word' id='word_1_84' title='bbox 1102 772 1340 829; x_wconf 69' lang='lat' dir='ltr'>inquiens2:</span> <span class='ocrx_word' id='word_1_85' title='bbox 1381 790 1398 812; x_wconf 89' lang='lat'>«</span> <span class='ocrx_word' id='word_1_86' title='bbox 1429 773 1519 815; x_wconf 74' lang='lat'>12...</span> <span class='ocrx_word' id='word_1_87' title='bbox 1547 774 1582 814; x_wconf 91' lang='lat' dir='ltr'>in</span> <span class='ocrx_word' id='word_1_88' title='bbox 1618 785 1713 814; x_wconf 79' lang='lat' dir='ltr'>casu</span> 
     </span>
     <span class='ocr_line' id='line_1_11' title="bbox 95 843 1715 908; baseline -0.004 -17"><span class='ocrx_word' id='word_1_89' title='bbox 95 863 178 908; x_wconf 80' lang='lat' dir='ltr'>quo</span> <span class='ocrx_word' id='word_1_90' title='bbox 211 848 390 892; x_wconf 89' lang='lat' dir='ltr'>clericus</span> <span class='ocrx_word' id='word_1_91' title='bbox 423 845 580 903; x_wconf 87' lang='lat' dir='ltr'>absque</span> <span class='ocrx_word' id='word_1_92' title='bbox 613 845 832 888; x_wconf 84' lang='lat' dir='ltr'>sufficienti</span> <span class='ocrx_word' id='word_1_93' title='bbox 867 857 913 887; x_wconf 90' lang='lat' dir='ltr'>ac</span> <span class='ocrx_word' id='word_1_94' title='bbox 948 843 1178 887; x_wconf 74' lang='lat' dir='ltr'>rationabili</span> <span class='ocrx_word' id='word_1_95' title='bbox 1219 857 1341 886; x_wconf 64' lang='lat' dir='ltr'>cansa</span> <span class='ocrx_word' id='word_1_96' title='bbox 1386 858 1427 885; x_wconf 75' lang='lat' dir='ltr'>se</span> <span class='ocrx_word' id='word_1_97' title='bbox 1472 843 1545 885; x_wconf 73' lang='lat' dir='ltr'>liar</span> <span class='ocrx_word' id='word_1_98' title='bbox 1590 855 1715 898; x_wconf 75' lang='lat' dir='ltr'>poena</span> 
     </span>
     <span class='ocr_line' id='line_1_12' title="bbox 98 913 1715 974; baseline -0.007 -11"><span class='ocrx_word' id='word_1_99' title='bbox 98 919 341 963; x_wconf 88' lang='lat' dir='ltr'>mulctatum</span> <span class='ocrx_word' id='word_1_100' title='bbox 377 920 551 974; x_wconf 89' lang='lat' dir='ltr'>reputet,</span> <span class='ocrx_word' id='word_1_101' title='bbox 588 929 804 958; x_wconf 91' lang='lat' dir='ltr'>recurrere</span> <span class='ocrx_word' id='word_1_102' title='bbox 830 917 977 970; x_wconf 87' lang='lat' dir='ltr'>poterit</span> <span class='ocrx_word' id='word_1_103' title='bbox 1000 914 1050 957; x_wconf 90' lang='lat' dir='ltr'>ad</span> <span class='ocrx_word' id='word_1_104' title='bbox 1075 916 1289 957; x_wconf 67' lang='lat' dir='ltr'>Summum</span> <span class='ocrx_word' id='word_1_105' title='bbox 1314 913 1548 955; x_wconf 65' lang='lat' dir='ltr'>l’ontitivem</span> <span class='ocrx_word' id='word_1_106' title='bbox 1575 913 1715 968; x_wconf 85' lang='lat' dir='ltr'>(paulo</span> 
     </span>
     <span class='ocr_line' id='line_1_13' title="bbox 97 985 1714 1042; baseline -0.006 -8"><span class='ocrx_word' id='word_1_107' title='bbox 97 995 192 1034; x_wconf 88' lang='lat' dir='ltr'>ante</span> <span class='ocrx_word' id='word_1_108' title='bbox 226 991 351 1033; x_wconf 78' lang='lat' dir='ltr'>dixit:</span> <span class='ocrx_word' id='word_1_109' title='bbox 386 988 436 1031; x_wconf 89' lang='lat' dir='ltr'>ad</span> <span class='ocrx_word' id='word_1_110' title='bbox 472 986 752 1042; x_wconf 89' lang='lat' dir='ltr'>Apostolicam</span> <span class='ocrx_word' id='word_1_111' title='bbox 786 985 968 1041; x_wconf 79' lang='lat' dir='ltr'>Sedem).</span> <span class='ocrx_word' id='word_1_112' title='bbox 1006 985 1167 1027; x_wconf 87' lang='lat' dir='ltr'>lnterim</span> <span class='ocrx_word' id='word_1_113' title='bbox 1205 989 1338 1026; x_wconf 91' lang='lat' dir='ltr'>tamen</span> <span class='ocrx_word' id='word_1_114' title='bbox 1376 986 1411 1025; x_wconf 93' lang='lat' dir='ltr'>in</span> <span class='ocrx_word' id='word_1_115' title='bbox 1451 986 1589 1038; x_wconf 71' lang='lat' dir='ltr'>xigore</span> <span class='ocrx_word' id='word_1_116' title='bbox 1630 997 1714 1038; x_wconf 85' lang='lat' dir='ltr'>per-</span> 
     </span>
     <span class='ocr_line' id='line_1_14' title="bbox 101 1053 1716 1113; baseline -0.006 -8"><span class='ocrx_word' id='word_1_117' title='bbox 101 1066 238 1104; x_wconf 92' lang='lat' dir='ltr'>manet</span> <span class='ocrx_word' id='word_1_118' title='bbox 269 1060 484 1103; x_wconf 87' lang='lat' dir='ltr'>decretum</span> <span class='ocrx_word' id='word_1_119' title='bbox 519 1058 803 1113; x_wconf 82' lang='lat' dir='ltr'>suspensionis</span> <span class='ocrx_word' id='word_1_120' title='bbox 838 1068 967 1112; x_wconf 79' lang='lat' dir='ltr'>usque</span> <span class='ocrx_word' id='word_1_121' title='bbox 1000 1055 1096 1098; x_wconf 88' lang='lat' dir='ltr'>dum</span> <span class='ocrx_word' id='word_1_122' title='bbox 1132 1054 1184 1097; x_wconf 84' lang='lat' dir='ltr'>ab</span> <span class='ocrx_word' id='word_1_123' title='bbox 1218 1056 1303 1109; x_wconf 80' lang='lat' dir='ltr'>ipso</span> <span class='ocrx_word' id='word_1_124' title='bbox 1348 1054 1554 1105; x_wconf 75' lang='lat' dir='ltr'>l&#39;ontitiro,</span> <span class='ocrx_word' id='word_1_125' title='bbox 1593 1053 1652 1095; x_wconf 61' lang='lat' dir='ltr'>tel</span> <span class='ocrx_word' id='word_1_126' title='bbox 1697 1067 1716 1095; x_wconf 89' lang='lat' dir='ltr'>a</span> 
     </span>
     <span class='ocr_line' id='line_1_15' title="bbox 99 1125 1716 1187; baseline -0.009 -10"><span class='ocrx_word' id='word_1_127' title='bbox 99 1134 224 1177; x_wconf 80' lang='lat' dir='ltr'>Sacra</span> <span class='ocrx_word' id='word_1_128' title='bbox 259 1132 423 1187; x_wconf 81' lang='lat' dir='ltr'>Congi·.,</span> <span class='ocrx_word' id='word_1_129' title='bbox 459 1141 565 1186; x_wconf 86' lang='lat' dir='ltr'>quae</span> <span class='ocrx_word' id='word_1_130' title='bbox 598 1129 649 1171; x_wconf 93' lang='lat' dir='ltr'>de</span> <span class='ocrx_word' id='word_1_131' title='bbox 685 1140 854 1170; x_wconf 87' lang='lat' dir='ltr'>recursu</span> <span class='ocrx_word' id='word_1_132' title='bbox 891 1126 1072 1169; x_wconf 82' lang='lat' dir='ltr'>iudicare</span> <span class='ocrx_word' id='word_1_133' title='bbox 1096 1125 1232 1178; x_wconf 87' lang='lat' dir='ltr'>debet,</span> <span class='ocrx_word' id='word_1_134' title='bbox 1252 1138 1329 1166; x_wconf 92' lang='lat' dir='ltr'>non</span> <span class='ocrx_word' id='word_1_135' title='bbox 1357 1126 1474 1166; x_wconf 77' lang='lat' dir='ltr'>tuerit</span> <span class='ocrx_word' id='word_1_136' title='bbox 1502 1125 1716 1165; x_wconf 70' lang='lat' dir='ltr'>rescissum</span> 
     </span>
     <span class='ocr_line' id='line_1_16' title="bbox 98 1200 689 1250; baseline -0.017 -2"><span class='ocrx_word' id='word_1_137' title='bbox 98 1208 169 1248; x_wconf 86' lang='lat' dir='ltr'>aut</span> <span class='ocrx_word' id='word_1_138' title='bbox 203 1205 326 1250; x_wconf 85' lang='lat' dir='ltr'>etiam</span> <span class='ocrx_word' id='word_1_139' title='bbox 364 1200 689 1243; x_wconf 84' lang='lat' dir='ltr'>moderatum».</span> 
     </span>
    </p>

    <p class='ocr_par' dir='ltr' id='par_1_4' title="bbox 101 1262 1732 2024">
     <span class='ocr_line' id='line_1_17' title="bbox 222 1262 1721 1324; baseline -0.007 -9"><span class='ocrx_word' id='word_1_140' title='bbox 222 1273 262 1316; x_wconf 93' lang='lat' dir='ltr'>ln</span> <span class='ocrx_word' id='word_1_141' title='bbox 296 1272 442 1315; x_wconf 80' lang='lat' dir='ltr'>ordine</span> <span class='ocrx_word' id='word_1_142' title='bbox 477 1272 573 1313; x_wconf 92' lang='lat' dir='ltr'>item</span> <span class='ocrx_word' id='word_1_143' title='bbox 610 1268 792 1312; x_wconf 88' lang='lat' dir='ltr'>iudiciali</span> <span class='ocrx_word' id='word_1_144' title='bbox 830 1271 982 1324; x_wconf 87' lang='lat' dir='ltr'>pariter</span> <span class='ocrx_word' id='word_1_145' title='bbox 1017 1266 1164 1309; x_wconf 84' lang='lat' dir='ltr'>Bened.</span> <span class='ocrx_word' id='word_1_146' title='bbox 1202 1264 1288 1308; x_wconf 75' lang='lat' dir='ltr'>XlV</span> <span class='ocrx_word' id='word_1_147' title='bbox 1312 1268 1348 1307; x_wconf 92' lang='lat' dir='ltr'>in</span> <span class='ocrx_word' id='word_1_148' title='bbox 1383 1268 1450 1307; x_wconf 86' lang='lat' dir='ltr'>cit.</span> <span class='ocrx_word' id='word_1_149' title='bbox 1474 1268 1600 1306; x_wconf 76' lang='lat' dir='ltr'>const.</span> <span class='ocrx_word' id='word_1_150' title='bbox 1623 1262 1721 1305; x_wconf 71' lang='lat' dir='ltr'>llaec</span> 
     </span>
     <span class='ocr_line' id='line_1_18' title="bbox 103 1334 1722 1389; baseline -0.009 0"><span class='ocrx_word' id='word_1_151' title='bbox 103 1345 248 1389; x_wconf 82' lang='lat' dir='ltr'>habet:</span> <span class='ocrx_word' id='word_1_152' title='bbox 288 1359 308 1384; x_wconf 87' lang='grc'>((</span> <span class='ocrx_word' id='word_1_153' title='bbox 333 1343 401 1387; x_wconf 81' lang='grc'>36.</span> <span class='ocrx_word' id='word_1_154' title='bbox 437 1342 536 1385; x_wconf 90' lang='lat' dir='ltr'>ltem</span> <span class='ocrx_word' id='word_1_155' title='bbox 570 1353 598 1384; x_wconf 86' lang='lat' dir='ltr'>a</span> <span class='ocrx_word' id='word_1_156' title='bbox 620 1341 947 1384; x_wconf 88' lang='lat' dir='ltr'>comminatione</span> <span class='ocrx_word' id='word_1_157' title='bbox 980 1339 1421 1381; x_wconf 71' lang='lat' dir='ltr'>excommunic-alienis</span> <span class='ocrx_word' id='word_1_158' title='bbox 1444 1351 1463 1378; x_wconf 86' lang='lat' dir='ltr'>a</span> <span class='ocrx_word' id='word_1_159' title='bbox 1486 1338 1571 1377; x_wconf 89' lang='lat' dir='ltr'>iure</span> <span class='ocrx_word' id='word_1_160' title='bbox 1606 1334 1722 1376; x_wconf 77' lang='lat' dir='ltr'>latae.</span> 
     </span>
     <span class='ocr_line' id='line_1_19' title="bbox 101 1405 1726 1460; baseline -0.01 -1"><span class='ocrx_word' id='word_1_161' title='bbox 101 1420 143 1459; x_wconf 88' lang='lat' dir='ltr'>et</span> <span class='ocrx_word' id='word_1_162' title='bbox 176 1427 197 1458; x_wconf 90' lang='lat' dir='ltr'>a</span> <span class='ocrx_word' id='word_1_163' title='bbox 242 1415 443 1458; x_wconf 88' lang='lat' dir='ltr'>sententia</span> <span class='ocrx_word' id='word_1_164' title='bbox 493 1411 938 1454; x_wconf 81' lang='lat' dir='ltr'>excommunicationis</span> <span class='ocrx_word' id='word_1_165' title='bbox 986 1408 1090 1450; x_wconf 89' lang='lat' dir='ltr'>latae</span> <span class='ocrx_word' id='word_1_166' title='bbox 1138 1407 1189 1450; x_wconf 83' lang='lat' dir='ltr'>ab</span> <span class='ocrx_word' id='word_1_167' title='bbox 1228 1406 1406 1458; x_wconf 83' lang='lat' dir='ltr'>homine,</span> <span class='ocrx_word' id='word_1_168' title='bbox 1450 1405 1726 1460; x_wconf 70' lang='lat' dir='ltr'>suspensionis</span> 
     </span>
     <span class='ocr_line' id='line_1_20' title="bbox 102 1476 1726 1541; baseline -0.009 -12"><span class='ocrx_word' id='word_1_169' title='bbox 102 1492 144 1531; x_wconf 89' lang='lat' dir='ltr'>et</span> <span class='ocrx_word' id='word_1_170' title='bbox 179 1485 400 1539; x_wconf 74' lang='lat' dir='ltr'>interdicti,</span> <span class='ocrx_word' id='word_1_171' title='bbox 436 1483 533 1541; x_wconf 89' lang='lat' dir='ltr'>(non</span> <span class='ocrx_word' id='word_1_172' title='bbox 569 1482 690 1525; x_wconf 88' lang='lat' dir='ltr'>detur</span> <span class='ocrx_word' id='word_1_173' title='bbox 723 1481 894 1524; x_wconf 81' lang='lat' dir='ltr'>effectus</span> <span class='ocrx_word' id='word_1_174' title='bbox 919 1482 955 1522; x_wconf 92' lang='lat' dir='ltr'>in</span> <span class='ocrx_word' id='word_1_175' title='bbox 980 1478 1254 1535; x_wconf 72' lang='lat' dir='ltr'>suspensivo),</span> <span class='ocrx_word' id='word_1_176' title='bbox 1276 1479 1349 1519; x_wconf 91' lang='lat' dir='ltr'>nisi</span> <span class='ocrx_word' id='word_1_177' title='bbox 1369 1476 1588 1532; x_wconf 89' lang='lat' dir='ltr'>appellatio</span> <span class='ocrx_word' id='word_1_178' title='bbox 1608 1476 1726 1517; x_wconf 77' lang='lat' dir='ltr'>t&#39;uerit</span> 
     </span>
     <span class='ocr_line' id='line_1_21' title="bbox 108 1546 1725 1613; baseline -0.009 -13"><span class='ocrx_word' id='word_1_179' title='bbox 108 1558 347 1613; x_wconf 90' lang='lat' dir='ltr'>interposita</span> <span class='ocrx_word' id='word_1_180' title='bbox 380 1569 429 1598; x_wconf 87' lang='lat' dir='ltr'>ex</span> <span class='ocrx_word' id='word_1_181' title='bbox 464 1556 600 1610; x_wconf 88' lang='lat' dir='ltr'>capite</span> <span class='ocrx_word' id='word_1_182' title='bbox 635 1551 834 1595; x_wconf 88' lang='lat' dir='ltr'>nullitatis</span> <span class='ocrx_word' id='word_1_183' title='bbox 858 1568 895 1593; x_wconf 65' lang='lat' dir='ltr'>J).</span> <span class='ocrx_word' id='word_1_184' title='bbox 933 1550 1067 1607; x_wconf 79' lang='lat' dir='ltr'>Atque</span> <span class='ocrx_word' id='word_1_185' title='bbox 1108 1552 1144 1591; x_wconf 88' lang='lat' dir='ltr'>in</span> <span class='ocrx_word' id='word_1_186' title='bbox 1191 1563 1227 1593; x_wconf 94' lang='lat' dir='ltr'>n.</span> <span class='ocrx_word' id='word_1_187' title='bbox 1265 1548 1339 1590; x_wconf 73' lang='lat'>45:</span> <span class='ocrx_word' id='word_1_188' title='bbox 1379 1546 1521 1589; x_wconf 80' lang='lat' dir='ltr'>«Cum</span> <span class='ocrx_word' id='word_1_189' title='bbox 1569 1558 1667 1587; x_wconf 73' lang='lat' dir='ltr'>vero</span> <span class='ocrx_word' id='word_1_190' title='bbox 1706 1558 1725 1586; x_wconf 84' lang='lat' dir='ltr'>a</span> 
     </span>
     <span class='ocr_line' id='line_1_22' title="bbox 107 1616 1726 1685; baseline -0.009 -14"><span class='ocrx_word' id='word_1_191' title='bbox 107 1628 368 1685; x_wconf 81' lang='lat' dir='ltr'>gravamine,</span> <span class='ocrx_word' id='word_1_192' title='bbox 402 1625 511 1683; x_wconf 85' lang='lat' dir='ltr'>quod</span> <span class='ocrx_word' id='word_1_193' title='bbox 549 1637 620 1681; x_wconf 89' lang='lat' dir='ltr'>per</span> <span class='ocrx_word' id='word_1_194' title='bbox 652 1623 910 1667; x_wconf 76' lang='lat' dir='ltr'>definitivam</span> <span class='ocrx_word' id='word_1_195' title='bbox 947 1622 1130 1677; x_wconf 84' lang='lat' dir='ltr'>reparari</span> <span class='ocrx_word' id='word_1_196' title='bbox 1167 1621 1321 1676; x_wconf 78' lang='lat' dir='ltr'>nequit,</span> <span class='ocrx_word' id='word_1_197' title='bbox 1355 1616 1602 1674; x_wconf 85' lang='lat' dir='ltr'>appellatum</span> <span class='ocrx_word' id='word_1_198' title='bbox 1645 1616 1726 1657; x_wconf 84' lang='lat' dir='ltr'>t&#39;ne·</span> 
     </span>
     <span class='ocr_line' id='line_1_23' title="bbox 109 1688 1729 1753; baseline -0.01 -10"><span class='ocrx_word' id='word_1_199' title='bbox 109 1702 174 1753; x_wconf 75' lang='lat' dir='ltr'>rit,</span> <span class='ocrx_word' id='word_1_200' title='bbox 180 1731 249 1744; x_wconf 91' lang='grc'><strong>.....</strong></span> <span class='ocrx_word' id='word_1_201' title='bbox 283 1697 352 1741; x_wconf 91' lang='lat' dir='ltr'>ubi</span> <span class='ocrx_word' id='word_1_202' title='bbox 386 1701 534 1753; x_wconf 82' lang='lat' dir='ltr'>agatur</span> <span class='ocrx_word' id='word_1_203' title='bbox 566 1696 617 1738; x_wconf 93' lang='lat' dir='ltr'>de</span> <span class='ocrx_word' id='word_1_204' title='bbox 650 1695 837 1738; x_wconf 81' lang='lat' dir='ltr'>censuris</span> <span class='ocrx_word' id='word_1_205' title='bbox 871 1695 949 1735; x_wconf 90' lang='lat' dir='ltr'>iam</span> <span class='ocrx_word' id='word_1_206' title='bbox 991 1691 1171 1748; x_wconf 87' lang='lat' dir='ltr'>prolatis,</span> <span class='ocrx_word' id='word_1_207' title='bbox 1208 1689 1271 1733; x_wconf 79' lang='lat' dir='ltr'>vel</span> <span class='ocrx_word' id='word_1_208' title='bbox 1315 1689 1365 1731; x_wconf 88' lang='lat' dir='ltr'>de</span> <span class='ocrx_word' id='word_1_209' title='bbox 1412 1688 1729 1731; x_wconf 84' lang='lat' dir='ltr'>connninatione</span> 
     </span>
     <span class='ocr_line' id='line_1_24' title="bbox 110 1756 1730 1823; baseline -0.01 -9"><span class='ocrx_word' id='word_1_210' title='bbox 110 1781 397 1823; x_wconf 87' lang='lat' dir='ltr'>censurarum,</span> <span class='ocrx_word' id='word_1_211' title='bbox 442 1766 691 1810; x_wconf 89' lang='lat' dir='ltr'>observetur</span> <span class='ocrx_word' id='word_1_212' title='bbox 733 1766 901 1807; x_wconf 90' lang='lat' dir='ltr'>omnino</span> <span class='ocrx_word' id='word_1_213' title='bbox 944 1763 1157 1819; x_wconf 80' lang='lat' dir='ltr'>dispositio</span> <span class='ocrx_word' id='word_1_214' title='bbox 1190 1760 1457 1803; x_wconf 74' lang='lat' dir='ltr'>Dect-elerum</span> <span class='ocrx_word' id='word_1_215' title='bbox 1501 1756 1730 1812; x_wconf 82' lang='lat' dir='ltr'>Congrega-</span> 
     </span>
     <span class='ocr_line' id='line_1_25' title="bbox 109 1828 1730 1895; baseline -0.01 -11"><span class='ocrx_word' id='word_1_216' title='bbox 109 1842 232 1884; x_wconf 84' lang='lat' dir='ltr'>tionis</span> <span class='ocrx_word' id='word_1_217' title='bbox 263 1838 563 1895; x_wconf 73' lang='lat' dir='ltr'>Episcoporum</span> <span class='ocrx_word' id='word_1_218' title='bbox 598 1835 687 1880; x_wconf 87' lang='lat' dir='ltr'>sub.</span> <span class='ocrx_word' id='word_1_219' title='bbox 724 1849 806 1878; x_wconf 86' lang='lat' dir='ltr'>rec.</span> <span class='ocrx_word' id='word_1_220' title='bbox 843 1847 965 1877; x_wconf 88' lang='lat' dir='ltr'>mem.</span> <span class='ocrx_word' id='word_1_221' title='bbox 998 1831 1124 1876; x_wconf 82' lang='lat' dir='ltr'>Clem.</span> <span class='ocrx_word' id='word_1_222' title='bbox 1162 1830 1262 1884; x_wconf 82' lang='lat' dir='ltr'>Vlll,</span> <span class='ocrx_word' id='word_1_223' title='bbox 1298 1832 1407 1872; x_wconf 78' lang='lat' dir='ltr'>iuxta</span> <span class='ocrx_word' id='word_1_224' title='bbox 1441 1828 1671 1871; x_wconf 83' lang='lat' dir='ltr'>additiones</span> <span class='ocrx_word' id='word_1_225' title='bbox 1694 1829 1730 1868; x_wconf 90' lang='lat' dir='ltr'>et</span> 
     </span>
     <span class='ocr_line' id='line_1_26' title="bbox 108 1895 1732 1964; baseline -0.011 -10"><span class='ocrx_word' id='word_1_226' title='bbox 108 1909 413 1954; x_wconf 85' lang='lat' dir='ltr'>declarationes</span> <span class='ocrx_word' id='word_1_227' title='bbox 446 1910 537 1964; x_wconf 86' lang='lat' dir='ltr'>piae</span> <span class='ocrx_word' id='word_1_228' title='bbox 588 1919 709 1949; x_wconf 92' lang='lat' dir='ltr'>mem.</span> <span class='ocrx_word' id='word_1_229' title='bbox 747 1904 895 1948; x_wconf 81' lang='lat' dir='ltr'>Bened.</span> <span class='ocrx_word' id='word_1_230' title='bbox 931 1902 1021 1946; x_wconf 83' lang='lat' dir='ltr'>Xlll</span> <span class='ocrx_word' id='word_1_231' title='bbox 1047 1919 1085 1946; x_wconf 85' lang='lat'>)).</span> <span class='ocrx_word' id='word_1_232' title='bbox 1110 1900 1222 1944; x_wconf 88' lang='lat' dir='ltr'>Haec</span> <span class='ocrx_word' id='word_1_233' title='bbox 1269 1900 1319 1942; x_wconf 83' lang='lat' dir='ltr'>de</span> <span class='ocrx_word' id='word_1_234' title='bbox 1360 1901 1446 1941; x_wconf 88' lang='lat' dir='ltr'>iure</span> <span class='ocrx_word' id='word_1_235' title='bbox 1488 1898 1611 1939; x_wconf 59' lang='lat' dir='ltr'>reteri</span> <span class='ocrx_word' id='word_1_236' title='bbox 1651 1895 1732 1937; x_wconf 82' lang='lat' dir='ltr'>suf-</span> 
     </span>
     <span class='ocr_line' id='line_1_27' title="bbox 112 1982 264 2024; baseline -0.007 0"><span class='ocrx_word' id='word_1_237' title='bbox 112 1982 264 2024; x_wconf 83' lang='lat' dir='ltr'>ticiant.</span> 
     </span>
    </p>

    <p class='ocr_par' dir='ltr' id='par_1_5' title="bbox 111 2036 1739 2816">
     <span class='ocr_line' id='line_1_28' title="bbox 228 2036 1730 2109; baseline -0.01 -15"><span class='ocrx_word' id='word_1_238' title='bbox 228 2050 257 2109; x_wconf 65' lang='grc' dir='ltr'>ξ</span> <span class='ocrx_word' id='word_1_239' title='bbox 290 2051 326 2093; x_wconf 65' lang='lat'>⁶2.</span> <span class='ocrx_word' id='word_1_240' title='bbox 362 2048 606 2108; x_wconf 75' lang='lat' dir='ltr'>Appellatio</span> <span class='ocrx_word' id='word_1_241' title='bbox 638 2061 747 2102; x_wconf 82' lang='lat' dir='ltr'>vero,</span> <span class='ocrx_word' id='word_1_242' title='bbox 783 2047 905 2089; x_wconf 87' lang='lat' dir='ltr'>idest:</span> <span class='ocrx_word' id='word_1_243' title='bbox 946 2044 1229 2101; x_wconf 74' lang='lat' dir='ltr'>«provocatio</span> <span class='ocrx_word' id='word_1_244' title='bbox 1263 2040 1314 2083; x_wconf 81' lang='lat' dir='ltr'>at)</span> <span class='ocrx_word' id='word_1_245' title='bbox 1349 2041 1539 2081; x_wconf 80' lang='lat' dir='ltr'>interiore</span> <span class='ocrx_word' id='word_1_246' title='bbox 1585 2036 1730 2079; x_wconf 81' lang='lat' dir='ltr'>iudice.</span> 
     </span>
     <span class='ocr_line' id='line_1_29' title="bbox 111 2105 1730 2180; baseline -0.011 -16"><span class='ocrx_word' id='word_1_247' title='bbox 111 2124 182 2180; x_wconf 80' lang='lat' dir='ltr'>qui</span> <span class='ocrx_word' id='word_1_248' title='bbox 215 2123 460 2165; x_wconf 87' lang='lat' dir='ltr'>sententiam</span> <span class='ocrx_word' id='word_1_249' title='bbox 496 2119 602 2173; x_wconf 91' lang='lat' dir='ltr'>tulit,</span> <span class='ocrx_word' id='word_1_250' title='bbox 634 2119 684 2162; x_wconf 90' lang='lat' dir='ltr'>ad</span> <span class='ocrx_word' id='word_1_251' title='bbox 719 2119 974 2174; x_wconf 88' lang='lat' dir='ltr'>superiorem</span> <span class='ocrx_word' id='word_1_252' title='bbox 999 2130 1020 2155; x_wconf 87' lang='grc'>))</span> <span class='ocrx_word' id='word_1_253' title='bbox 1060 2113 1167 2171; x_wconf 88' lang='lat' dir='ltr'>(can.</span> <span class='ocrx_word' id='word_1_254' title='bbox 1208 2110 1334 2167; x_wconf 72' lang='lat'>1879)</span> <span class='ocrx_word' id='word_1_255' title='bbox 1371 2109 1429 2151; x_wconf 72' lang='lat' dir='ltr'>rel</span> <span class='ocrx_word' id='word_1_256' title='bbox 1466 2120 1660 2150; x_wconf 70' lang='lat' dir='ltr'>recursus</span> <span class='ocrx_word' id='word_1_257' title='bbox 1683 2105 1730 2147; x_wconf 91' lang='lat' dir='ltr'>ad</span> 
     </span>
     <span class='ocr_line' id='line_1_30' title="bbox 112 2178 1735 2249; baseline -0.012 -13"><span class='ocrx_word' id='word_1_258' title='bbox 112 2196 416 2249; x_wconf 89' lang='lat' dir='ltr'>competentem</span> <span class='ocrx_word' id='word_1_259' title='bbox 451 2192 717 2247; x_wconf 86' lang='lat' dir='ltr'>Superiorem</span> <span class='ocrx_word' id='word_1_260' title='bbox 753 2188 956 2232; x_wconf 82' lang='lat' dir='ltr'>adversus</span> <span class='ocrx_word' id='word_1_261' title='bbox 989 2186 1202 2228; x_wconf 88' lang='lat' dir='ltr'>decretum</span> <span class='ocrx_word' id='word_1_262' title='bbox 1237 2182 1384 2225; x_wconf 85' lang='lat' dir='ltr'>iudicis</span> <span class='ocrx_word' id='word_1_263' title='bbox 1420 2179 1480 2222; x_wconf 68' lang='lat' dir='ltr'>vel</span> <span class='ocrx_word' id='word_1_264' title='bbox 1505 2178 1735 2233; x_wconf 71' lang='lat' dir='ltr'>Superioris</span> 
     </span>
     <span class='ocr_line' id='line_1_31' title="bbox 112 2246 1734 2314; baseline -0.012 -7"><span class='ocrx_word' id='word_1_265' title='bbox 112 2263 390 2314; x_wconf 84' lang='lat' dir='ltr'>subordinati,</span> <span class='ocrx_word' id='word_1_266' title='bbox 427 2261 494 2305; x_wconf 91' lang='lat' dir='ltr'>illa</span> <span class='ocrx_word' id='word_1_267' title='bbox 528 2275 553 2304; x_wconf 86' lang='grc' dir='ltr'><em>α</em></span> <span class='ocrx_word' id='word_1_268' title='bbox 586 2258 796 2303; x_wconf 77' lang='lat' dir='ltr'>sententia</span> <span class='ocrx_word' id='word_1_269' title='bbox 830 2256 1028 2301; x_wconf 70' lang='lat' dir='ltr'>iudiciali</span> <span class='ocrx_word' id='word_1_270' title='bbox 1075 2253 1239 2311; x_wconf 81' lang='lat' dir='ltr'>quando</span> <span class='ocrx_word' id='word_1_271' title='bbox 1278 2268 1294 2292; x_wconf 87' lang='lat'>«</span> <span class='ocrx_word' id='word_1_272' title='bbox 1322 2256 1380 2293; x_wconf 73' lang='lat' dir='ltr'>est</span> <span class='ocrx_word' id='word_1_273' title='bbox 1413 2250 1526 2292; x_wconf 73' lang='lat' dir='ltr'>loeus</span> <span class='ocrx_word' id='word_1_274' title='bbox 1557 2246 1734 2303; x_wconf 78' lang='lat' dir='ltr'>appella-</span> 
     </span>
     <span class='ocr_line' id='line_1_32' title="bbox 117 2321 1738 2391; baseline -0.013 -13"><span class='ocrx_word' id='word_1_275' title='bbox 117 2336 214 2378; x_wconf 87' lang='lat' dir='ltr'>tioni</span> <span class='ocrx_word' id='word_1_276' title='bbox 238 2350 260 2374; x_wconf 84' lang='grc'>))</span> <span class='ocrx_word' id='word_1_277' title='bbox 300 2333 407 2391; x_wconf 87' lang='lat' dir='ltr'>(can.</span> <span class='ocrx_word' id='word_1_278' title='bbox 447 2332 588 2386; x_wconf 84' lang='lat'>1880),</span> <span class='ocrx_word' id='word_1_279' title='bbox 627 2330 689 2374; x_wconf 89' lang='lat' dir='ltr'>vel</span> <span class='ocrx_word' id='word_1_280' title='bbox 725 2332 800 2373; x_wconf 89' lang='lat' dir='ltr'>iste</span> <span class='ocrx_word' id='word_1_281' title='bbox 833 2341 854 2372; x_wconf 90' lang='lat' dir='ltr'>a</span> <span class='ocrx_word' id='word_1_282' title='bbox 877 2332 1100 2385; x_wconf 74' lang='lat' dir='ltr'>praecepte</span> <span class='ocrx_word' id='word_1_283' title='bbox 1126 2324 1272 2368; x_wconf 88' lang='lat' dir='ltr'>iudicis</span> <span class='ocrx_word' id='word_1_284' title='bbox 1298 2321 1359 2364; x_wconf 72' lang='lat' dir='ltr'>vel</span> <span class='ocrx_word' id='word_1_285' title='bbox 1384 2321 1616 2376; x_wconf 69' lang='lat' dir='ltr'>Superioris</span> <span class='ocrx_word' id='word_1_286' title='bbox 1639 2330 1738 2359; x_wconf 71' lang='lat' dir='ltr'>eom-</span> 
     </span>
     <span class='ocr_line' id='line_1_33' title="bbox 116 2393 1739 2460; baseline -0.012 -13"><span class='ocrx_word' id='word_1_287' title='bbox 116 2405 318 2459; x_wconf 79' lang='lat' dir='ltr'>minanle,</span> <span class='ocrx_word' id='word_1_288' title='bbox 353 2417 523 2460; x_wconf 90' lang='lat' dir='ltr'>nempe:</span> <span class='ocrx_word' id='word_1_289' title='bbox 568 2402 806 2446; x_wconf 87' lang='lat' dir='ltr'>adiunctam</span> <span class='ocrx_word' id='word_1_290' title='bbox 859 2398 1034 2442; x_wconf 86' lang='lat' dir='ltr'>habente</span> <span class='ocrx_word' id='word_1_291' title='bbox 1084 2395 1187 2438; x_wconf 85' lang='lat' dir='ltr'>hanc</span> <span class='ocrx_word' id='word_1_292' title='bbox 1236 2393 1610 2438; x_wconf 81' lang='lat' dir='ltr'>connninationem,</span> <span class='ocrx_word' id='word_1_293' title='bbox 1654 2401 1739 2428; x_wconf 71' lang='lat' dir='ltr'>een-</span> 
     </span>
     <span class='ocr_line' id='line_1_34' title="bbox 114 2459 1739 2532; baseline -0.012 -14"><span class='ocrx_word' id='word_1_294' title='bbox 114 2488 241 2518; x_wconf 76' lang='lat' dir='ltr'>suras</span> <span class='ocrx_word' id='word_1_295' title='bbox 274 2473 493 2532; x_wconf 86' lang='lat' dir='ltr'>quaslibet,</span> <span class='ocrx_word' id='word_1_296' title='bbox 516 2486 596 2516; x_wconf 91' lang='lat' dir='ltr'>non</span> <span class='ocrx_word' id='word_1_297' title='bbox 633 2475 713 2515; x_wconf 86' lang='lat' dir='ltr'>iam</span> <span class='ocrx_word' id='word_1_298' title='bbox 749 2471 959 2526; x_wconf 82' lang='lat' dir='ltr'>infligente</span> <span class='ocrx_word' id='word_1_299' title='bbox 979 2481 1060 2521; x_wconf 84' lang='lat' dir='ltr'>eas,</span> <span class='ocrx_word' id='word_1_300' title='bbox 1081 2466 1201 2508; x_wconf 71' lang='lat' dir='ltr'>etiam</span> <span class='ocrx_word' id='word_1_301' title='bbox 1228 2464 1341 2506; x_wconf 77' lang='lat' dir='ltr'>latae</span> <span class='ocrx_word' id='word_1_302' title='bbox 1358 2459 1602 2506; x_wconf 73' lang='lat' dir='ltr'>sententiae,</span> <span class='ocrx_word' id='word_1_303' title='bbox 1623 2460 1674 2500; x_wconf 87' lang='lat' dir='ltr'>ita</span> <span class='ocrx_word' id='word_1_304' title='bbox 1700 2462 1739 2499; x_wconf 87' lang='lat' dir='ltr'>ut</span> 
     </span>
     <span class='ocr_line' id='line_1_35' title="bbox 123 2527 1738 2601; baseline -0.011 -14"><span class='ocrx_word' id='word_1_305' title='bbox 123 2562 143 2587; x_wconf 87' lang='lat'>&lt;‹</span> <span class='ocrx_word' id='word_1_306' title='bbox 168 2548 434 2589; x_wconf 86' lang='lat' dir='ltr'>incurrantur</span> <span class='ocrx_word' id='word_1_307' title='bbox 459 2547 546 2601; x_wconf 90' lang='lat' dir='ltr'>ipso</span> <span class='ocrx_word' id='word_1_308' title='bbox 570 2544 677 2587; x_wconf 83' lang='lat' dir='ltr'>facto</span> <span class='ocrx_word' id='word_1_309' title='bbox 705 2541 940 2584; x_wconf 75' lang='lat' dir='ltr'>violationis</span> <span class='ocrx_word' id='word_1_310' title='bbox 965 2538 1170 2594; x_wconf 81' lang='lat' dir='ltr'>praecepti</span> <span class='ocrx_word' id='word_1_311' title='bbox 1195 2550 1215 2575; x_wconf 89' lang='lat'>»</span> <span class='ocrx_word' id='word_1_312' title='bbox 1244 2534 1353 2591; x_wconf 66' lang='lat' dir='ltr'>(can.</span> <span class='ocrx_word' id='word_1_313' title='bbox 1390 2531 1515 2583; x_wconf 72' lang='lat'>2217,</span> <span class='ocrx_word' id='word_1_314' title='bbox 1547 2530 1574 2586; x_wconf 57' lang='lat' dir='ltr'>g</span> <span class='ocrx_word' id='word_1_315' title='bbox 1610 2529 1643 2577; x_wconf 80' lang='grc'>1,</span> <span class='ocrx_word' id='word_1_316' title='bbox 1665 2527 1738 2582; x_wconf 73' lang='lat'>20).</span> 
     </span>
     <span class='ocr_line' id='line_1_36' title="bbox 117 2600 1738 2663; baseline -0.015 -2"><span class='ocrx_word' id='word_1_317' title='bbox 117 2616 189 2661; x_wconf 87' lang='lat' dir='ltr'>sed</span> <span class='ocrx_word' id='word_1_318' title='bbox 225 2616 299 2660; x_wconf 88' lang='lat' dir='ltr'>has</span> <span class='ocrx_word' id='word_1_319' title='bbox 330 2615 515 2659; x_wconf 77' lang='lat' dir='ltr'>nondum</span> <span class='ocrx_word' id='word_1_320' title='bbox 547 2618 801 2663; x_wconf 76' lang='lat' dir='ltr'>contractas,</span> <span class='ocrx_word' id='word_1_321' title='bbox 833 2623 954 2654; x_wconf 88' lang='lat' dir='ltr'>secus</span> <span class='ocrx_word' id='word_1_322' title='bbox 988 2607 1215 2651; x_wconf 82' lang='lat' dir='ltr'>inciderent</span> <span class='ocrx_word' id='word_1_323' title='bbox 1248 2603 1324 2647; x_wconf 84' lang='lat' dir='ltr'>sub</span> <span class='ocrx_word' id='word_1_324' title='bbox 1346 2602 1386 2660; x_wconf 54' lang='grc' dir='ltr'>ς’</span> <span class='ocrx_word' id='word_1_325' title='bbox 1418 2601 1450 2643; x_wconf 54' lang='grc' dir='ltr'>1ἰ</span> <span class='ocrx_word' id='word_1_326' title='bbox 1476 2600 1738 2656; x_wconf 65' lang='lat' dir='ltr'>praescripto,</span> 
     </span>
     <span class='ocr_line' id='line_1_37' title="bbox 120 2676 1734 2743; baseline -0.017 -13"><span class='ocrx_word' id='word_1_327' title='bbox 120 2701 194 2730; x_wconf 75' lang='lat' dir='ltr'>nee</span> <span class='ocrx_word' id='word_1_328' title='bbox 229 2686 495 2743; x_wconf 89' lang='lat' dir='ltr'>«appellatio</span> <span class='ocrx_word' id='word_1_329' title='bbox 517 2700 539 2726; x_wconf 87' lang='lat'>»</span> <span class='ocrx_word' id='word_1_330' title='bbox 576 2683 829 2727; x_wconf 75' lang='lat' dir='ltr'>sententiam</span> <span class='ocrx_word' id='word_1_331' title='bbox 863 2679 996 2737; x_wconf 80' lang='lat' dir='ltr'>quoad</span> <span class='ocrx_word' id='word_1_332' title='bbox 1031 2691 1126 2720; x_wconf 80' lang='lat' dir='ltr'>suos</span> <span class='ocrx_word' id='word_1_333' title='bbox 1149 2676 1332 2723; x_wconf 78' lang='lat' dir='ltr'>ett&#39;ectus,</span> <span class='ocrx_word' id='word_1_334' title='bbox 1356 2677 1427 2714; x_wconf 78' lang='lat' dir='ltr'>au!</span> <span class='ocrx_word' id='word_1_335' title='bbox 1458 2686 1477 2709; x_wconf 88' lang='lat'>«</span> <span class='ocrx_word' id='word_1_336' title='bbox 1503 2681 1691 2712; x_wconf 64' lang='lat' dir='ltr'>ret-ursus</span> <span class='ocrx_word' id='word_1_337' title='bbox 1714 2682 1734 2704; x_wconf 83' lang='lat'>»</span> 
     </span>
     <span class='ocr_line' id='line_1_38' title="bbox 114 2745 1735 2816; baseline -0.015 -15"><span class='ocrx_word' id='word_1_338' title='bbox 114 2762 386 2816; x_wconf 79' lang='lat' dir='ltr'>praeceptum</span> <span class='ocrx_word' id='word_1_339' title='bbox 418 2756 552 2813; x_wconf 84' lang='lat' dir='ltr'>quoad</span> <span class='ocrx_word' id='word_1_340' title='bbox 587 2758 676 2798; x_wconf 87' lang='lat' dir='ltr'>eius</span> <span class='ocrx_word' id='word_1_341' title='bbox 709 2753 1029 2797; x_wconf 71' lang='lat' dir='ltr'>observantiam,</span> <span class='ocrx_word' id='word_1_342' title='bbox 1065 2761 1136 2789; x_wconf 78' lang='lat' dir='ltr'>nee</span> <span class='ocrx_word' id='word_1_343' title='bbox 1161 2745 1225 2788; x_wconf 91' lang='lat' dir='ltr'>illa</span> <span class='ocrx_word' id='word_1_344' title='bbox 1250 2749 1287 2787; x_wconf 91' lang='lat' dir='ltr'>et</span> <span class='ocrx_word' id='word_1_345' title='bbox 1313 2747 1384 2785; x_wconf 88' lang='lat' dir='ltr'>iste</span> <span class='ocrx_word' id='word_1_346' title='bbox 1409 2753 1605 2782; x_wconf 69' lang='lat' dir='ltr'>censuras</span> <span class='ocrx_word' id='word_1_347' title='bbox 1629 2750 1735 2779; x_wconf 69' lang='lat' dir='ltr'>com-</span> 
     </span>
    </p>

    <p class='ocr_par' dir='ltr' id='par_1_6' title="bbox 122 2842 1735 2947">
     <span class='ocr_line' id='line_1_39' title="bbox 237 2842 1735 2897; baseline -0.015 1"><span class='ocrx_word' id='word_1_348' title='bbox 237 2864 249 2886; x_wconf 60' lang='lat'>*</span> <span class='ocrx_word' id='word_1_349' title='bbox 275 2863 322 2897; x_wconf 81' lang='lat'>30</span> <span class='ocrx_word' id='word_1_350' title='bbox 347 2861 482 2896; x_wconf 75' lang='lat' dir='ltr'>Mart-,ti</span> <span class='ocrx_word' id='word_1_351' title='bbox 511 2862 613 2896; x_wconf 75' lang='lat'>1742.</span> <span class='ocrx_word' id='word_1_352' title='bbox 655 2881 698 2885; x_wconf 88' lang='lat'><strong>—</strong></span> <span class='ocrx_word' id='word_1_353' title='bbox 736 2860 750 2881; x_wconf 76' lang='lat'>2</span> <span class='ocrx_word' id='word_1_354' title='bbox 776 2859 895 2892; x_wconf 72' lang='lat' dir='ltr'>Instr.</span> <span class='ocrx_word' id='word_1_355' title='bbox 926 2855 963 2889; x_wconf 87' lang='lat' dir='ltr'>S.</span> <span class='ocrx_word' id='word_1_356' title='bbox 994 2854 1032 2887; x_wconf 81' lang='lat' dir='ltr'>C.</span> <span class='ocrx_word' id='word_1_357' title='bbox 1060 2853 1105 2886; x_wconf 83' lang='lat' dir='ltr'>de</span> <span class='ocrx_word' id='word_1_358' title='bbox 1141 2852 1252 2894; x_wconf 79' lang='lat' dir='ltr'>Prop.</span> <span class='ocrx_word' id='word_1_359' title='bbox 1285 2848 1392 2888; x_wconf 78' lang='lat' dir='ltr'>Fide,</span> <span class='ocrx_word' id='word_1_360' title='bbox 1433 2848 1478 2878; x_wconf 72' lang='lat'>22⁴)</span> <span class='ocrx_word' id='word_1_361' title='bbox 1517 2846 1601 2877; x_wconf 75' lang='lat' dir='ltr'>Oct.</span> <span class='ocrx_word' id='word_1_362' title='bbox 1634 2842 1735 2876; x_wconf 64' lang='lat'>1534,</span> 
     </span>
     <span class='ocr_line' id='line_1_40' title="bbox 122 2904 942 2947; baseline -0.012 -1"><span class='ocrx_word' id='word_1_363' title='bbox 122 2911 374 2946; x_wconf 74' lang='lat' dir='ltr'>collectanea</span> <span class='ocrx_word' id='word_1_364' title='bbox 400 2909 437 2943; x_wconf 90' lang='lat' dir='ltr'>S.</span> <span class='ocrx_word' id='word_1_365' title='bbox 468 2908 510 2943; x_wconf 85' lang='lat' dir='ltr'>C.</span> <span class='ocrx_word' id='word_1_366' title='bbox 539 2908 585 2942; x_wconf 86' lang='lat' dir='ltr'>de</span> <span class='ocrx_word' id='word_1_367' title='bbox 611 2907 654 2941; x_wconf 91' lang='lat' dir='ltr'>P.</span> <span class='ocrx_word' id='word_1_368' title='bbox 685 2907 741 2947; x_wconf 68' lang='lat' dir='ltr'>F„</span> <span class='ocrx_word' id='word_1_369' title='bbox 770 2917 808 2939; x_wconf 90' lang='lat' dir='ltr'>n.</span> <span class='ocrx_word' id='word_1_370' title='bbox 841 2904 942 2938; x_wconf 68' lang='lat'>1625.</span> 
     </span>
    </p>
   </div>
   <div class='ocr_carea' id='block_1_4' title="bbox 210 2983 913 3017">
    <p class='ocr_par' dir='ltr' id='par_1_7' title="bbox 210 2983 913 3017">
     <span class='ocr_line' id='line_1_41' title="bbox 210 2983 913 3017; baseline -0.013 0"><span class='ocrx_word' id='word_1_371' title='bbox 210 2989 306 3017; x_wconf 68' lang='lat' dir='ltr'><strong>BLAT</strong></span> <span class='ocrx_word' id='word_1_372' title='bbox 328 3003 347 3010; x_wconf 92' lang='lat'>-</span> <span class='ocrx_word' id='word_1_373' title='bbox 372 2988 494 3016; x_wconf 82' lang='lat' dir='ltr'>Comm.</span> <span class='ocrx_word' id='word_1_374' title='bbox 523 2986 608 3014; x_wconf 75' lang='lat' dir='ltr'>Text.</span> <span class='ocrx_word' id='word_1_375' title='bbox 634 2985 709 3014; x_wconf 83' lang='lat' dir='ltr'>Cod.</span> <span class='ocrx_word' id='word_1_376' title='bbox 734 2984 807 3012; x_wconf 72' lang='lat' dir='ltr'>Iar.</span> <span class='ocrx_word' id='word_1_377' title='bbox 833 2983 913 3010; x_wconf 76' lang='lat' dir='ltr'>Can.</span> 
     </span>
    </p>
   </div>
  </div>
 </body>
</html>
