1950 3313
126 154 221 190 Can.
248 153 344 188 2253
540 154 626 188 Tl'r.
656 154 763 188 VIII.
786 175 795 180 -
816 156 872 190 De
892 160 1027 200 poeuis
1054 159 1353 192 medicinalibus·
1692 162 1755 192 1122

130 287 220 317 rum
252 278 389 331 potest
421 272 725 316 absolutionem
760 274 864 317 banc
899 276 1135 329 eoueedere,
1158 277 1325 318 eliumsi
1359 290 1453 318 reus
1488 290 1564 318 non
1599 280 1646 318 sit
1674 280 1748 319 iam

127 347 165 388 ei
197 343 388 388 subditus
420 357 468 386 eo
501 343 610 400 quod
646 343 732 387 alio
756 344 1015 387 domu-ilium
1041 346 1100 387 rel
1124 345 1522 403 quusi-(lom[cilium
1564 363 1581 386 α
1607 348 1754 389 disces-

127 417 242 458 sione
274 427 296 458 a
331 416 458 471 priori
493 414 582 457 loeo
616 428 710 457 cum
746 417 884 458 animo
919 429 996 458 non
1044 416 1320 459 revertendi»
1361 416 1467 472 (can.
1494 417 1566 472 923)
1616 423 1751 458 (runs-

129 484 277 529 lulerit
309 485 360 528 ad
395 497 585 528 normam
618 497 708 529 can.
744 486 813 528 92).

245 555 309 600 3.⁰
342 556 373 598 A
407 569 586 598 censura
619 569 644 597 a
668 555 762 597 iure
784 560 1002 598 reservata
1027 558 1139 598 iuxta
1160 557 1443 599 diversitatem
1471 560 1507 599 in
1533 571 1619 600 can.
1644 558 1753 600 ‘2245

129 626 400 681 declaratam,
439 641 459 666 «
485 630 654 682 possunt
687 625 907 669 absolvere
932 642 950 667 ))
980 625 1054 668 ille
1076 626 1116 683 a)
1136 627 1207 683 qui
1230 627 1363 669 terens
1387 627 1516 682 legem
1538 642 1752 670 eeusurum

127 697 364 750 constituit,
394 699 485 740 sive
518 693 772 741 Ordinarius
794 699 860 751 sit,
880 699 969 740 sive
993 696 1238 752 Concilium,
1256 700 1343 740 sire
1364 698 1593 752 Apostolica
1615 700 1754 753 Sedes,

129 771 226 827 quia
259 767 490 812 secundum
523 780 613 824 cap.
651 767 668 809 1
704 767 798 810 «de
826 767 979 823 regulis
1003 770 1141 810 iuris»
1171 766 1233 822 (Ν,
1259 768 1332 824 41)
1368 768 1425 810 X:
1465 785 1485 808 «
1509 770 1653 811 (nonis
1693 784 1755 811 res

133 853 204 896 per
234 851 521 897 quascumque
544 851 690 882 causas
715 840 912 893 nascitur,
937 851 1008 895 per
1030 839 1195 881 easdem
1222 838 1461 881 dissolvitur
1485 856 1522 891 »,
1546 839 1604 881 rel
1630 839 1670 895 b)
1691 840 1756 882 eui

132 913 245 954 iuxta
278 908 542 967 hypothesim
575 914 796 952 reservata
829 914 890 951 est
924 923 1118 965 expresse
1152 921 1327 952 censura
1363 911 1400 951 in
1439 909 1526 963 lego
1563 910 1626 951 illa
1664 924 1754 965 poe-

132 982 228 1036 nali,
262 985 306 1025 ut
339 985 460 1038 patet,
495 993 722 1038 eorumque
753 979 1010 1036 singulorum
1045 979 1085 1036 e)
1118 993 1377 1022 successores
1412 982 1447 1021 in
1474 980 1616 1022 eadem
1643 980 1759 1023 alter-

134 1055 265 1096 utrius
299 1056 516 1109 potestate,
547 1064 640 1094 nam
677 1055 737 1094 est
771 1065 856 1107 reg.
893 1053 992 1094 iuris
1026 1051 1079 1093 46
1116 1053 1152 1093 in
1190 1052 1262 1093 (λος
1302 1066 1321 1091 «
1347 1050 1394 1104 ls‚
1428 1053 1495 1107 qui
1523 1053 1558 1092 in
1587 1053 1646 1092 ius
1668 1065 1756 1093 snc-

131 1124 242 1168 cedit
273 1123 456 1177 alterius,
492 1135 540 1166 eo
576 1125 677 1178 iure,
712 1135 794 1180 qno
829 1122 909 1174 nio„
945 1124 1000 1164 uti
1036 1121 1267 1173 debebit»,
1302 1126 1339 1164 et
1375 1124 1411 1163 in
1448 1134 1535 1176 rap.
1572 1135 1636 1163 un.
1668 1138 1681 1159 «
1709 1122 1758 1163 de

135 1196 367 1238 maioritate
400 1198 439 1236 et
471 1192 753 1237 obedientia»
793 1192 840 1250 (i,
880 1193 948 1248 17)
984 1191 1018 1234 X
1052 1193 1222 1235 dicitur:
1262 1207 1282 1232 α
1308 1191 1536 1248 Episcopali
1561 1192 1665 1233 Sede
1694 1204 1758 1234 va-

133 1270 266 1315 cante,
302 1268 433 1321 potest
465 1263 715 1320 Capitulum,
750 1276 822 1306 seu
859 1266 891 1306 is
924 1263 972 1306 ad
999 1276 1121 1320 quem
1147 1262 1393 1318 episcopalis
1417 1262 1643 1304 iurisdictio
1668 1267 1760 1304 tune

136 1337 332 1392 temporis
365 1337 550 1378 noscitur
585 1336 809 1390 pertinere,
843 1335 904 1387 iis,
937 1333 1088 1391 quibus
1123 1337 1257 1388 posset
1281 1331 1509 1388 Episcopus
1531 1334 1561 1373 si
1591 1334 1763 1384 viveret,

133 1406 185 1451 ab
218 1407 665 1450 excommunicationis
697 1407 917 1455 sententia,
950 1408 1039 1447 sive
1074 1406 1174 1454 iuris
1206 1406 1294 1446 sive
1328 1402 1504 1445 bominis
1539 1403 1672 1450 fuerit,
1697 1401 1762 1444 ab·

133 1478 350 1522 solutionis
384 1476 632 1521 beneficium
669 1478 885 1532 impertiri.
920 1474 1003 1518 Nisi
1039 1477 1074 1518 ei
1102 1476 1223 1517 fuerit
1246 1487 1266 1517 a
1291 1474 1396 1517 Sede
1421 1473 1652 1529 Apostolica
1677 1486 1761 1528 spe-

133 1549 294 1593 cialiter
328 1548 545 1592 in-terdicta
581 1551 761 1604 potestas
784 1563 824 1590 »z
859 1552 934 1589 aul
967 1545 1010 1603 d)
1046 1550 1319 1603 competentes
1353 1544 1486 1602 quoad
1528 1543 1632 1586 banc
1677 1557 1758 1585 rem

136 1624 173 1663 in
224 1619 522 1663 iurisdictionis
569 1617 821 1674 hyerarcllia
871 1616 1132 1675 Superiores,
1182 1621 1253 1658 uu!
1302 1614 1340 1671 e)
1382 1614 1638 1671 singulorum
1687 1613 1761 1656 sub

137 1697 290 1748 praee*
324 1691 470 1734 litteris
502 1688 702 1747 deleyuti,
735 1691 846 1732 iuxta
882 1702 965 1744 reg.
1002 1689 1055 1730 68
1081 1689 1180 1730 iuris
1205 1689 1242 1728 in
1279 1687 1335 1729 60:
1375 1702 1396 1726 «
1422 1685 1553 1727 Potest
1578 1687 1668 1741 quis
1693 1698 1763 1740 per

135 1762 277 1812 alium,
314 1761 423 1818 quod
460 1765 592 1817 potest
626 1761 763 1804 iacere
799 1773 870 1816 per
903 1761 1146 1815 seipsum».

255 1831 372 1875 Hanc
406 1844 592 1874 normam
618 1830 832 1888 applicans
855 1829 1068 1885 subiungit
1091 1841 1244 1871 canon:
1285 1826 1426 1880 Quare
1449 1840 1472 1867 u
1498 1838 1672 1866 rens-ura
1694 1838 1764 1879 per

135 1902 330 1948 Codicem
365 1902 547 1945 aliamve
581 1902 715 1958 legem
750 1901 1076 1945 ecclesiasticam
1112 1899 1152 1955 a)
1188 1903 1403 1940 reserrulu
1438 1898 1619 1938 laxativo
1663 1893 1761 1952 Epi-

135 1988 259 2032 scopo
292 1973 355 2016 vel
392 1972 644 2027 Ordinario,
677 1974 912 2029 promiscue
947 1970 1213 2026 intelligendo
1251 1967 1438 2021 verbum,
1473 1965 1644 2022 quilibet
1693 1964 1762 2007 01·-

137 2045 335 2089 diuarius
379 2044 456 2088 loci
499 2044 563 2087 vel
612 2046 810 2101 Superior
860 2045 990 2085 maior
1039 2041 1250 2097 religionis
1298 2037 1501 2082 clericalis
1548 2041 1763 2091 exemptae

137 2116 247 2172 (can.
285 2116 380 2168 198,
415 2118 440 2170 ἓ
472 2115 516 2172 1)
550 2114 764 2158 absolvere
794 2119 930 2172 polest
973 2114 1149 2156 sei-vatis
1192 2110 1411 2153 servandis
1453 2121 1548 2149 suos
1591 2118 1762 2149 censura

138 2187 355 2231 devinctos
386 2185 587 2241 subditos,
621 2187 711 2229 sive
745 2185 1018 2228 ad'normam
1055 2195 1143 2226 can.
1180 2182 1248 2234 94,
1280 2181 1335 2238 gg»
1374 2181 1407 2232 i,
1444 2179 1480 2224 2,
1508 2182 1672 2234 propter
1695 2176 1762 2218 do-

140 2258 356 2310 micilium,
392 2257 456 2300 vel
491 2256 906 2315 quasi—domicilium,
943 2254 1005 2297 vel
1040 2253 1243 2297 actualem
1283 2253 1373 2306 vagi
1399 2250 1763 2293 commorzitionem

141 2331 246 2372 intra
279 2329 521 2382 dioecesim,
553 2329 643 2371 sive
678 2329 837 2370 ratione
873 2325 1098 2382 personalis
1131 2322 1412 2369 subiectionis,
1438 2334 1484 2362 eo
1507 2318 1614 2376 quod
1635 2330 1764 2359 comm

142 2402 406 2457 prosequitur
437 2397 514 2442 sub
546 2398 833 2442 distinctione:
869 2396 950 2440 loei
984 2409 1076 2437 vero
1114 2392 1385 2443 Ordiuurius,
1421 2392 1543 2446 igitur
1586 2388 1633 2430 ad
1681 2401 1766 2429 nor-

144 2482 252 2513 mam
285 2483 374 2513 can.
410 2471 478 2513 cit.
511 2468 539 2526 ξ
572 2469 610 2523 2,
645 2468 774 2511 eliam
803 2466 1067 2525 pereqriuos³
1100 2478 1171 2507 seu
1209 2466 1246 2506 in
1290 2464 1454 2518 proprio
1500 2460 1607 2501 illius
1651 2459 1766 2499 terri-

143 2542 262 2594 torio,
300 2544 554 2583 «versantes
587 2544 703 2582 extra
728 2537 985 2581 domicilium
1021 2541 1057 2578 et
1082 2537 1196 2592 quasi
1224 2531 1479 2575 domicilium
1501 2529 1606 2585 qnod
1633 2527 1765 2569 adlini?

143 2613 319 2654 retinent
342 2625 364 2650 »
402 2609 481 2652 alio
516 2612 555 2652 in
589 2609 679 2652 loco
711 2613 818 2661 (can.
843 2607 931 2664 91),
955 2620 1003 2649 ex
1029 2606 1179 2663 quibus
1203 2602 1398 2646 clausulis
1421 2603 1579 2643 eruitur
1602 2612 1620 2639 a
1646 2609 1764 2638 sensu

143 2683 365 2736 contrario,
401 2693 479 2723 non
520 2693 638 2737 posse
671 2679 877 2737 quoslibet
926 2675 1172 2721 Ordinarios
1219 2673 1280 2716 vel
1327 2673 1506 2714 locorum
1553 2667 1765 2709 absolxcro

141 2764 377 2805 censuram,
411 2764 517 2809 quae
551 2753 590 2794 in
615 2750 766 2795 Codice
795 2765 814 2790 ε(
838 2750 1047 2804 Superiori
1077 2747 1218 2788 maiori
1247 2743 1423 2797 religiosi
1450 2738 1760 2793 delinimentis»

140 2827 354 2865 reservata
391 2823 642 2872 inveniatur,
674 2820 752 2864 sul)
786 2819 861 2863 lloc
894 2821 1002 2861 enim
1040 2819 1204 2859 nomino
1239 2828 1311 2856 nec
1343 2810 1550 2855 Ordinarii
1601 2808 1765 2847 xoninnt

146 2893 346 2947 locorum,
381 2906 455 2935 nec
488 2889 702 2936 Ordinarii
745 2890 919 2949 aliarum
957 2888 1216 2943 religionum,
1251 2883 1357 2940 quod
1393 2896 1413 2923 o
1450 2879 1641 2921 nwmoria
1688 2887 1765 2916 non

228 2982 325 3010 BLAT
349 2998 367 3004 -
393 2981 517 3010 Oomm.
548 2981 632 3009 Text.
662 2980 738 3009 0001.
763 2978 834 3008 Iur-
862 2980 944 3007 Gan.
1669 2967 1685 2991 ὅ
