<?xml version="1.0" encoding="UTF-8"?>
<!DOCTYPE html PUBLIC "-//W3C//DTD XHTML 1.0 Transitional//EN"
    "http://www.w3.org/TR/xhtml1/DTD/xhtml1-transitional.dtd">
<html xmlns="http://www.w3.org/1999/xhtml" xml:lang="en" lang="en">
 <head>
  <title>
</title>
<meta http-equiv="Content-Type" content="text/html;charset=utf-8" />
  <meta name='ocr-system' content='tesseract 3.04.00' />
  <meta name='ocr-capabilities' content='ocr_page ocr_carea ocr_par ocr_line ocrx_word'/>
</head>
<body>
  <div class='ocr_page' id='page_1' title='image "./commentariumtext01blatuoft_0250.png"; bbox 0 0 1950 3313; ppageno 0'>
   <div class='ocr_carea' id='block_1_1' title="bbox 162 141 1793 188">
    <p class='ocr_par' dir='ltr' id='par_1_1' title="bbox 162 141 1793 188">
     <span class='ocr_line' id='line_1_1' title="bbox 162 141 1793 188; baseline -0.001 -9"><span class='ocrx_word' id='word_1_1' title='bbox 162 145 231 179; x_wconf 81' lang='lat'><em>238</em></span> <span class='ocrx_word' id='word_1_2' title='bbox 532 144 616 177; x_wconf 72' lang='lat' dir='ltr'><em>Lm.</em></span> <span class='ocrx_word' id='word_1_3' title='bbox 639 144 682 177; x_wconf 91' lang='lat' dir='ltr'><em>V.</em></span> <span class='ocrx_word' id='word_1_4' title='bbox 703 164 713 168; x_wconf 99' lang='lat'>-</span> <span class='ocrx_word' id='word_1_5' title='bbox 735 144 845 178; x_wconf 76' lang='lat' dir='ltr'>PARS</span> <span class='ocrx_word' id='word_1_6' title='bbox 864 143 935 178; x_wconf 89' lang='lat' dir='ltr'>III.</span> <span class='ocrx_word' id='word_1_7' title='bbox 955 163 969 169; x_wconf 94' lang='lat'>-</span> <span class='ocrx_word' id='word_1_8' title='bbox 987 144 1045 178; x_wconf 85' lang='lat' dir='ltr'><em>De</em></span> <span class='ocrx_word' id='word_1_9' title='bbox 1056 146 1195 188; x_wconf 75' lang='lat' dir='ltr'><em>poenis</em></span> <span class='ocrx_word' id='word_1_10' title='bbox 1214 147 1256 178; x_wconf 83' lang='lat' dir='ltr'><em>z&#39;n</em></span> <span class='ocrx_word' id='word_1_11' title='bbox 1273 144 1414 178; x_wconf 80' lang='lat' dir='ltr'><em>delicta</em></span> <span class='ocrx_word' id='word_1_12' title='bbox 1463 141 1554 177; x_wconf 77' lang='lat' dir='ltr'><em>Can.</em></span> <span class='ocrx_word' id='word_1_13' title='bbox 1582 141 1793 178; x_wconf 74' lang='lat'><strong>2343-2344-</strong></span> 
     </span>
    </p>
   </div>
   <div class='ocr_carea' id='block_1_2' title="bbox 175 200 745 216">
    <p class='ocr_par' dir='ltr' id='par_1_2' title="bbox 175 200 745 216">
     <span class='ocr_line' id='line_1_2' title="bbox 175 200 745 216; baseline 0 0"><span class='ocrx_word' id='word_1_14' title='bbox 175 200 745 216; x_wconf 95' lang='lat' dir='ltr'><em> </em></span> 
     </span>
    </p>
   </div>
   <div class='ocr_carea' id='block_1_3' title="bbox 130 262 1794 2936">
    <p class='ocr_par' dir='ltr' id='par_1_3' title="bbox 151 262 1794 744">
     <span class='ocr_line' id='line_1_3' title="bbox 160 262 1791 320; baseline 0.001 -14"><span class='ocrx_word' id='word_1_15' title='bbox 160 267 325 320; x_wconf 81' lang='lat' dir='ltr'><em>gione»</em></span> <span class='ocrx_word' id='word_1_16' title='bbox 364 270 469 319; x_wconf 63' lang='lat' dir='ltr'><em>(can.</em></span> <span class='ocrx_word' id='word_1_17' title='bbox 510 263 607 318; x_wconf 82' lang='lat'><strong>488,</strong></span> <span class='ocrx_word' id='word_1_18' title='bbox 649 276 687 308; x_wconf 88' lang='lat' dir='ltr'><em>n.</em></span> <span class='ocrx_word' id='word_1_19' title='bbox 727 263 789 319; x_wconf 78' lang='lat'><em>4⁰)</em></span> <span class='ocrx_word' id='word_1_20' title='bbox 828 263 1078 307; x_wconf 88' lang='lat' dir='ltr'><em>«violentas</em></span> <span class='ocrx_word' id='word_1_21' title='bbox 1122 275 1266 306; x_wconf 85' lang='lat' dir='ltr'><em>manus</em></span> <span class='ocrx_word' id='word_1_22' title='bbox 1309 265 1537 307; x_wconf 80' lang='lat' dir='ltr'><em>iniecerit»</em></span> <span class='ocrx_word' id='word_1_23' title='bbox 1575 262 1791 307; x_wconf 68' lang='lat' dir='ltr'><em>subiaceat</em></span> 
     </span>
     <span class='ocr_line' id='line_1_4' title="bbox 159 332 1794 392; baseline 0.001 -15"><span class='ocrx_word' id='word_1_24' title='bbox 159 336 249 392; x_wconf 68' lang='lat' dir='ltr'><em>ipso</em></span> <span class='ocrx_word' id='word_1_25' title='bbox 271 334 385 392; x_wconf 72' lang='lat' dir='ltr'><em>facto</em></span> <span class='ocrx_word' id='word_1_26' title='bbox 408 333 832 377; x_wconf 70' lang='lat' dir='ltr'><em>eoeeommunieationi</em></span> <span class='ocrx_word' id='word_1_27' title='bbox 854 332 1086 377; x_wconf 72' lang='lat' dir='ltr'><em>Ordinario</em></span> <span class='ocrx_word' id='word_1_28' title='bbox 1107 334 1295 392; x_wconf 76' lang='lat' dir='ltr'><em>proprio,</em></span> <span class='ocrx_word' id='word_1_29' title='bbox 1313 336 1378 378; x_wconf 89' lang='lat' dir='ltr'><em>cni</em></span> <span class='ocrx_word' id='word_1_30' title='bbox 1403 347 1551 390; x_wconf 82' lang='lat' dir='ltr'><strong>nempe</strong></span> <span class='ocrx_word' id='word_1_31' title='bbox 1569 334 1794 379; x_wconf 64' lang='lat' dir='ltr'><em>subiiciturv</em></span> 
     </span>
     <span class='ocr_line' id='line_1_5' title="bbox 157 401 1784 462; baseline 0.001 -14"><span class='ocrx_word' id='word_1_32' title='bbox 157 419 204 448; x_wconf 84' lang='lat' dir='ltr'><em>ex</em></span> <span class='ocrx_word' id='word_1_33' title='bbox 241 406 494 447; x_wconf 78' lang='lat' dir='ltr'>enumeratis</span> <span class='ocrx_word' id='word_1_34' title='bbox 529 407 567 447; x_wconf 93' lang='lat' dir='ltr'><em>in</em></span> <span class='ocrx_word' id='word_1_35' title='bbox 602 417 690 448; x_wconf 87' lang='lat' dir='ltr'><em>can.</em></span> <span class='ocrx_word' id='word_1_36' title='bbox 728 405 826 457; x_wconf 84' lang='grc'>198,</span> <span class='ocrx_word' id='word_1_37' title='bbox 858 405 886 462; x_wconf 57' lang='grc' dir='ltr'>ξ</span> <span class='ocrx_word' id='word_1_38' title='bbox 921 405 957 457; x_wconf 98' lang='grc'>1,</span> <span class='ocrx_word' id='word_1_39' title='bbox 992 410 1247 456; x_wconf 77' lang='lat' dir='ltr'><em>reservatae,</em></span> <span class='ocrx_word' id='word_1_40' title='bbox 1281 404 1352 462; x_wconf 77' lang='lat' dir='ltr'><em>qui</em></span> <span class='ocrx_word' id='word_1_41' title='bbox 1385 401 1634 448; x_wconf 88' lang='lat' dir='ltr'><em>Ordinarius</em></span> <span class='ocrx_word' id='word_1_42' title='bbox 1675 405 1784 450; x_wconf 87' lang='lat' dir='ltr'><em>idem</em></span> 
     </span>
     <span class='ocr_line' id='line_1_6' title="bbox 151 474 1785 533; baseline 0.002 -16"><span class='ocrx_word' id='word_1_43' title='bbox 151 480 376 532; x_wconf 78' lang='lat' dir='ltr'><em>praeterea</em></span> <span class='ocrx_word' id='word_1_44' title='bbox 409 474 511 517; x_wconf 77' lang='lat' dir='ltr'><em>aliis</em></span> <span class='ocrx_word' id='word_1_45' title='bbox 542 475 707 532; x_wconf 75' lang='lat' dir='ltr'><em>poenis,</em></span> <span class='ocrx_word' id='word_1_46' title='bbox 740 475 778 518; x_wconf 79' lang='lat' dir='ltr'><em>si</em></span> <span class='ocrx_word' id='word_1_47' title='bbox 809 489 877 518; x_wconf 80' lang='lat' dir='ltr'><em>res</em></span> <span class='ocrx_word' id='word_1_48' title='bbox 910 474 1026 533; x_wconf 82' lang='lat' dir='ltr'><em>ferat</em></span> <span class='ocrx_word' id='word_1_49' title='bbox 1057 476 1285 519; x_wconf 90' lang='lat' dir='ltr'><em>secundum</em></span> <span class='ocrx_word' id='word_1_50' title='bbox 1332 480 1536 532; x_wconf 87' lang='lat' dir='ltr'><em>patratum</em></span> <span class='ocrx_word' id='word_1_51' title='bbox 1588 475 1785 520; x_wconf 86' lang='lat' dir='ltr'><em>delictum</em></span> 
     </span>
     <span class='ocr_line' id='line_1_7' title="bbox 155 545 1789 604; baseline 0.001 -14"><span class='ocrx_word' id='word_1_52' title='bbox 155 547 202 590; x_wconf 88' lang='lat' dir='ltr'><em>ad</em></span> <span class='ocrx_word' id='word_1_53' title='bbox 239 558 426 588; x_wconf 87' lang='lat' dir='ltr'><em>normam</em></span> <span class='ocrx_word' id='word_1_54' title='bbox 473 558 563 590; x_wconf 89' lang='lat' dir='ltr'><em>can.</em></span> <span class='ocrx_word' id='word_1_55' title='bbox 605 546 733 601; x_wconf 88' lang='grc'>2218,</span> <span class='ocrx_word' id='word_1_56' title='bbox 765 547 793 604; x_wconf 56' lang='grc' dir='ltr'><strong>ξ</strong></span> <span class='ocrx_word' id='word_1_57' title='bbox 826 546 865 600; x_wconf 90' lang='grc'>1,</span> <span class='ocrx_word' id='word_1_58' title='bbox 896 559 975 604; x_wconf 81' lang='lat' dir='ltr'><em>pro</em></span> <span class='ocrx_word' id='word_1_59' title='bbox 1011 559 1086 589; x_wconf 83' lang='lat' dir='ltr'><em>suo</em></span> <span class='ocrx_word' id='word_1_60' title='bbox 1125 546 1327 604; x_wconf 74' lang='lat' dir='ltr'><em>prudenti</em></span> <span class='ocrx_word' id='word_1_61' title='bbox 1369 545 1548 589; x_wconf 68' lang='lat' dir='ltr'><em>arbitrio</em></span> <span class='ocrx_word' id='word_1_62' title='bbox 1590 560 1680 589; x_wconf 76' lang='lat' dir='ltr'><em>eum</em></span> <span class='ocrx_word' id='word_1_63' title='bbox 1715 548 1789 592; x_wconf 88' lang='lat' dir='ltr'><em>(le--</em></span> 
     </span>
     <span class='ocr_line' id='line_1_8' title="bbox 156 615 1785 674; baseline 0.001 -16"><span class='ocrx_word' id='word_1_64' title='bbox 156 616 407 673; x_wconf 79' lang='lat' dir='ltr'><em>linquentem</em></span> <span class='ocrx_word' id='word_1_65' title='bbox 439 615 606 673; x_wconf 75' lang='lat' dir='ltr'><em>puniat.</em></span> <span class='ocrx_word' id='word_1_66' title='bbox 642 615 774 659; x_wconf 87' lang='lat' dir='ltr'><em>Poena</em></span> <span class='ocrx_word' id='word_1_67' title='bbox 819 616 986 672; x_wconf 85' lang='lat' dir='ltr'><em>quidem</em></span> <span class='ocrx_word' id='word_1_68' title='bbox 1033 616 1348 659; x_wconf 89' lang='lat' dir='ltr'><em>indeterminata</em></span> <span class='ocrx_word' id='word_1_69' title='bbox 1393 616 1463 659; x_wconf 84' lang='lat' dir='ltr'><em>sed</em></span> <span class='ocrx_word' id='word_1_70' title='bbox 1509 620 1785 674; x_wconf 88' lang='lat' dir='ltr'><em>praeceptivis</em></span> 
     </span>
     <span class='ocr_line' id='line_1_9' title="bbox 155 681 1385 744; baseline 0.002 -17"><span class='ocrx_word' id='word_1_71' title='bbox 155 681 295 730; x_wconf 81' lang='lat' dir='ltr'><em>verbis</em></span> <span class='ocrx_word' id='word_1_72' title='bbox 326 685 435 729; x_wconf 88' lang='lat' dir='ltr'><em>edita</em></span> <span class='ocrx_word' id='word_1_73' title='bbox 471 685 580 743; x_wconf 89' lang='lat' dir='ltr'><em>(can.</em></span> <span class='ocrx_word' id='word_1_74' title='bbox 617 686 744 740; x_wconf 83' lang='grc'>2217,</span> <span class='ocrx_word' id='word_1_75' title='bbox 779 689 804 739; x_wconf 60' lang='grc' dir='ltr'>ξ</span> <span class='ocrx_word' id='word_1_76' title='bbox 838 687 876 740; x_wconf 84' lang='grc'>’1,</span> <span class='ocrx_word' id='word_1_77' title='bbox 910 691 950 729; x_wconf 92' lang='lat' dir='ltr'><em>et</em></span> <span class='ocrx_word' id='word_1_78' title='bbox 982 699 1074 730; x_wconf 80' lang='lat' dir='ltr'><em>can.</em></span> <span class='ocrx_word' id='word_1_79' title='bbox 1108 686 1234 741; x_wconf 84' lang='grc'>2223,</span> <span class='ocrx_word' id='word_1_80' title='bbox 1267 686 1295 744; x_wconf 65' lang='grc' dir='ltr'><strong>ἓ</strong></span> <span class='ocrx_word' id='word_1_81' title='bbox 1328 685 1385 743; x_wconf 80' lang='lat'><em>3).</em></span> 
     </span>
    </p>

    <p class='ocr_par' dir='ltr' id='par_1_4' title="bbox 138 756 1793 2302">
     <span class='ocr_line' id='line_1_10' title="bbox 271 756 1784 813; baseline 0.001 -13"><span class='ocrx_word' id='word_1_82' title='bbox 271 757 424 812; x_wconf 85' lang='lat' dir='ltr'><em>Quaeri</em></span> <span class='ocrx_word' id='word_1_83' title='bbox 461 761 593 813; x_wconf 87' lang='lat' dir='ltr'><em>potest</em></span> <span class='ocrx_word' id='word_1_84' title='bbox 626 770 722 800; x_wconf 92' lang='lat' dir='ltr'><em>num</em></span> <span class='ocrx_word' id='word_1_85' title='bbox 759 770 903 800; x_wconf 90' lang='lat' dir='ltr'><em>omnes</em></span> <span class='ocrx_word' id='word_1_86' title='bbox 936 771 1030 799; x_wconf 78' lang='lat' dir='ltr'><em>vere</em></span> <span class='ocrx_word' id='word_1_87' title='bbox 1061 756 1215 807; x_wconf 81' lang='lat' dir='ltr'><em>clerici,</em></span> <span class='ocrx_word' id='word_1_88' title='bbox 1241 762 1283 800; x_wconf 91' lang='lat' dir='ltr'><em>ut</em></span> <span class='ocrx_word' id='word_1_89' title='bbox 1306 760 1475 801; x_wconf 88' lang='lat' dir='ltr'><em>canonis</em></span> <span class='ocrx_word' id='word_1_90' title='bbox 1502 758 1625 802; x_wconf 80' lang='lat' dir='ltr'><em>verba</em></span> <span class='ocrx_word' id='word_1_91' title='bbox 1660 772 1784 802; x_wconf 91' lang='lat' dir='ltr'><em>enun-</em></span> 
     </span>
     <span class='ocr_line' id='line_1_11' title="bbox 152 827 1792 885; baseline 0.001 -13"><span class='ocrx_word' id='word_1_92' title='bbox 152 831 274 883; x_wconf 72' lang='lat' dir='ltr'><em>ciant,</em></span> <span class='ocrx_word' id='word_1_93' title='bbox 309 827 731 884; x_wconf 72' lang='lat' dir='ltr'><em>comprehendantur,</em></span> <span class='ocrx_word' id='word_1_94' title='bbox 756 833 796 871; x_wconf 90' lang='lat' dir='ltr'><em>et</em></span> <span class='ocrx_word' id='word_1_95' title='bbox 827 832 994 871; x_wconf 88' lang='lat' dir='ltr'><em>econtra</em></span> <span class='ocrx_word' id='word_1_96' title='bbox 1027 840 1076 870; x_wconf 91' lang='lat' dir='ltr'><em>an</em></span> <span class='ocrx_word' id='word_1_97' title='bbox 1114 830 1327 885; x_wconf 90' lang='lat' dir='ltr'><em>utriusque</em></span> <span class='ocrx_word' id='word_1_98' title='bbox 1359 842 1483 872; x_wconf 81' lang='lat' dir='ltr'><em>sexus</em></span> <span class='ocrx_word' id='word_1_99' title='bbox 1515 831 1660 872; x_wconf 83' lang='lat' dir='ltr'><em>novitii</em></span> <span class='ocrx_word' id='word_1_100' title='bbox 1697 830 1792 873; x_wconf 47' lang='lat' dir='ltr'><em>reli*</em></span> 
     </span>
     <span class='ocr_line' id='line_1_12' title="bbox 151 900 1784 957; baseline 0.001 -15"><span class='ocrx_word' id='word_1_101' title='bbox 151 902 318 957; x_wconf 81' lang='lat' dir='ltr'><em>gionum</em></span> <span class='ocrx_word' id='word_1_102' title='bbox 345 903 384 942; x_wconf 89' lang='lat' dir='ltr'><em>et</em></span> <span class='ocrx_word' id='word_1_103' title='bbox 408 911 608 955; x_wconf 79' lang='lat' dir='ltr'><em>personae</em></span> <span class='ocrx_word' id='word_1_104' title='bbox 634 901 671 941; x_wconf 92' lang='lat' dir='ltr'><em>in</em></span> <span class='ocrx_word' id='word_1_105' title='bbox 698 901 906 943; x_wconf 87' lang='lat' dir='ltr'><em>communi</em></span> <span class='ocrx_word' id='word_1_106' title='bbox 946 901 1135 942; x_wconf 89' lang='lat' dir='ltr'><em>viventes</em></span> <span class='ocrx_word' id='word_1_107' title='bbox 1166 900 1245 941; x_wconf 89' lang='lat' dir='ltr'><em>sint</em></span> <span class='ocrx_word' id='word_1_108' title='bbox 1278 911 1299 942; x_wconf 91' lang='lat' dir='ltr'><em>a</em></span> <span class='ocrx_word' id='word_1_109' title='bbox 1335 902 1588 955; x_wconf 86' lang='lat' dir='ltr'><em>protectione</em></span> <span class='ocrx_word' id='word_1_110' title='bbox 1615 903 1784 944; x_wconf 89' lang='lat' dir='ltr'><em>canonis</em></span> 
     </span>
     <span class='ocr_line' id='line_1_13' title="bbox 151 969 1785 1027; baseline 0 -13"><span class='ocrx_word' id='word_1_111' title='bbox 151 971 321 1014; x_wconf 81' lang='lat' dir='ltr'><em>exclusi.</em></span> <span class='ocrx_word' id='word_1_112' title='bbox 356 969 419 1013; x_wconf 89' lang='lat' dir='ltr'><em>Ad</em></span> <span class='ocrx_word' id='word_1_113' title='bbox 453 969 695 1013; x_wconf 86' lang='lat' dir='ltr'><em>solvendam</em></span> <span class='ocrx_word' id='word_1_114' title='bbox 733 972 1017 1025; x_wconf 78' lang='lat' dir='ltr'><em>quaestionem</em></span> <span class='ocrx_word' id='word_1_115' title='bbox 1063 969 1284 1026; x_wconf 80' lang='lat' dir='ltr'><em>diligenter</em></span> <span class='ocrx_word' id='word_1_116' title='bbox 1325 970 1590 1013; x_wconf 88' lang='lat' dir='ltr'><em>considerare</em></span> <span class='ocrx_word' id='word_1_117' title='bbox 1624 975 1785 1027; x_wconf 82' lang='lat' dir='ltr'><em>oportet</em></span> 
     </span>
     <span class='ocr_line' id='line_1_14' title="bbox 150 1040 1793 1097; baseline -0.001 -12"><span class='ocrx_word' id='word_1_118' title='bbox 150 1044 320 1086; x_wconf 88' lang='lat' dir='ltr'><em>canonis</em></span> <span class='ocrx_word' id='word_1_119' title='bbox 347 1041 470 1084; x_wconf 94' lang='lat' dir='ltr'><em>huius</em></span> <span class='ocrx_word' id='word_1_120' title='bbox 496 1040 622 1084; x_wconf 69' lang='lat' dir='ltr'><em>vei-ba</em></span> <span class='ocrx_word' id='word_1_121' title='bbox 648 1041 843 1084; x_wconf 89' lang='lat' dir='ltr'><em>delictum</em></span> <span class='ocrx_word' id='word_1_122' title='bbox 870 1041 1122 1095; x_wconf 78' lang='lat' dir='ltr'><em>denotantia,</em></span> <span class='ocrx_word' id='word_1_123' title='bbox 1148 1042 1273 1084; x_wconf 79' lang='lat' dir='ltr'><em>fnisse</em></span> <span class='ocrx_word' id='word_1_124' title='bbox 1297 1040 1541 1097; x_wconf 85' lang='lat' dir='ltr'><em>deprompta</em></span> <span class='ocrx_word' id='word_1_125' title='bbox 1566 1055 1614 1084; x_wconf 87' lang='lat' dir='ltr'><em>ex</em></span> <span class='ocrx_word' id='word_1_126' title='bbox 1640 1046 1793 1085; x_wconf 53' lang='lat' dir='ltr'><em>const}</em></span> 
     </span>
     <span class='ocr_line' id='line_1_15' title="bbox 154 1111 1787 1169; baseline 0.001 -15"><span class='ocrx_word' id='word_1_127' title='bbox 154 1129 176 1154; x_wconf 81' lang='lat' dir='ltr'><em>(t</em></span> <span class='ocrx_word' id='word_1_128' title='bbox 198 1112 461 1169; x_wconf 77' lang='lat' dir='ltr'><em>Apostolicae</em></span> <span class='ocrx_word' id='word_1_129' title='bbox 494 1112 654 1155; x_wconf 84' lang='lat' dir='ltr'><em>Sedis»</em></span> <span class='ocrx_word' id='word_1_130' title='bbox 696 1111 725 1154; x_wconf 92' lang='lat' dir='ltr'><em>ll</em></span> <span class='ocrx_word' id='word_1_131' title='bbox 759 1114 1194 1156; x_wconf 76' lang='lat' dir='ltr'><em>excommunicatione</em></span> <span class='ocrx_word' id='word_1_132' title='bbox 1229 1114 1335 1154; x_wconf 90' lang='lat' dir='ltr'><em>inter</em></span> <span class='ocrx_word' id='word_1_133' title='bbox 1379 1111 1623 1168; x_wconf 89' lang='lat' dir='ltr'><em>simpliciter</em></span> <span class='ocrx_word' id='word_1_134' title='bbox 1656 1126 1787 1156; x_wconf 91' lang='lat' dir='ltr'><em>reser-</em></span> 
     </span>
     <span class='ocr_line' id='line_1_16' title="bbox 152 1181 1791 1238; baseline 0.001 -14"><span class='ocrx_word' id='word_1_135' title='bbox 152 1188 281 1237; x_wconf 80' lang='lat' dir='ltr'><em>vatas,</em></span> <span class='ocrx_word' id='word_1_136' title='bbox 316 1187 472 1225; x_wconf 86' lang='lat' dir='ltr'><em>mutato</em></span> <span class='ocrx_word' id='word_1_137' title='bbox 508 1182 634 1226; x_wconf 85' lang='lat' dir='ltr'><em>verbo</em></span> <span class='ocrx_word' id='word_1_138' title='bbox 663 1198 685 1223; x_wconf 89' lang='lat'>«</span> <span class='ocrx_word' id='word_1_139' title='bbox 710 1181 934 1226; x_wconf 83' lang='lat' dir='ltr'><em>monachos</em></span> <span class='ocrx_word' id='word_1_140' title='bbox 961 1200 978 1223; x_wconf 82' lang='grc'><em>))</em></span> <span class='ocrx_word' id='word_1_141' title='bbox 1008 1185 1045 1224; x_wconf 89' lang='lat' dir='ltr'><em>in</em></span> <span class='ocrx_word' id='word_1_142' title='bbox 1072 1198 1093 1223; x_wconf 75' lang='grc' dir='ltr'>α</span> <span class='ocrx_word' id='word_1_143' title='bbox 1119 1182 1405 1238; x_wconf 77' lang='lat' dir='ltr'><em>religiosorum</em></span> <span class='ocrx_word' id='word_1_144' title='bbox 1432 1198 1451 1223; x_wconf 79' lang='lat'>»</span> <span class='ocrx_word' id='word_1_145' title='bbox 1478 1184 1588 1226; x_wconf 80' lang='lat' dir='ltr'><em>iuxta</em></span> <span class='ocrx_word' id='word_1_146' title='bbox 1623 1181 1791 1226; x_wconf 84' lang='lat' dir='ltr'><em>Codicis.</em></span> 
     </span>
     <span class='ocr_line' id='line_1_17' title="bbox 149 1252 1782 1310; baseline 0 -13"><span class='ocrx_word' id='word_1_147' title='bbox 149 1253 534 1306; x_wconf 75' lang='lat' dir='ltr'><em>nomenclaturam3</em></span> <span class='ocrx_word' id='word_1_148' title='bbox 569 1267 668 1309; x_wconf 83' lang='lat' dir='ltr'><em>ergo</em></span> <span class='ocrx_word' id='word_1_149' title='bbox 703 1255 1065 1310; x_wconf 83' lang='lat' dir='ltr'><em>interpretationes</em></span> <span class='ocrx_word' id='word_1_150' title='bbox 1097 1254 1325 1296; x_wconf 76' lang='lat' dir='ltr'><em>Auctor-um</em></span> <span class='ocrx_word' id='word_1_151' title='bbox 1362 1252 1627 1309; x_wconf 85' lang='lat' dir='ltr'><em>probatorum</em></span> <span class='ocrx_word' id='word_1_152' title='bbox 1655 1255 1691 1296; x_wconf 90' lang='lat' dir='ltr'><em>in</em></span> <span class='ocrx_word' id='word_1_153' title='bbox 1717 1267 1782 1297; x_wconf 84' lang='lat' dir='ltr'><em>ex-</em></span> 
     </span>
     <span class='ocr_line' id='line_1_18' title="bbox 149 1323 1786 1382; baseline -0.001 -15"><span class='ocrx_word' id='word_1_154' title='bbox 149 1325 339 1381; x_wconf 85' lang='lat' dir='ltr'><em>ponendo</em></span> <span class='ocrx_word' id='word_1_155' title='bbox 375 1323 595 1367; x_wconf 71' lang='lat' dir='ltr'><em>verborum</em></span> <span class='ocrx_word' id='word_1_156' title='bbox 631 1337 753 1367; x_wconf 90' lang='lat' dir='ltr'><em>sensu</em></span> <span class='ocrx_word' id='word_1_157' title='bbox 787 1327 903 1382; x_wconf 89' lang='lat' dir='ltr'><em>sequi</em></span> <span class='ocrx_word' id='word_1_158' title='bbox 939 1328 1100 1381; x_wconf 87' lang='lat' dir='ltr'><em>oportet</em></span> <span class='ocrx_word' id='word_1_159' title='bbox 1132 1324 1181 1367; x_wconf 88' lang='lat' dir='ltr'><em>ad</em></span> <span class='ocrx_word' id='word_1_160' title='bbox 1218 1336 1405 1367; x_wconf 91' lang='lat' dir='ltr'><em>normam</em></span> <span class='ocrx_word' id='word_1_161' title='bbox 1440 1336 1529 1367; x_wconf 87' lang='lat' dir='ltr'><em>can.</em></span> <span class='ocrx_word' id='word_1_162' title='bbox 1557 1324 1595 1373; x_wconf 80' lang='grc'>6,</span> <span class='ocrx_word' id='word_1_163' title='bbox 1630 1323 1687 1378; x_wconf 70' lang='grc'>20,</span> <span class='ocrx_word' id='word_1_164' title='bbox 1723 1324 1786 1366; x_wconf 79' lang='lat'>30..</span> 
     </span>
     <span class='ocr_line' id='line_1_19' title="bbox 149 1394 1780 1452; baseline 0 -14"><span class='ocrx_word' id='word_1_165' title='bbox 149 1395 322 1438; x_wconf 81' lang='lat' dir='ltr'><em>Proinde</em></span> <span class='ocrx_word' id='word_1_166' title='bbox 356 1395 405 1438; x_wconf 86' lang='lat' dir='ltr'><em>ad</em></span> <span class='ocrx_word' id='word_1_167' title='bbox 444 1397 617 1451; x_wconf 87' lang='lat' dir='ltr'><em>primam</em></span> <span class='ocrx_word' id='word_1_168' title='bbox 653 1397 827 1452; x_wconf 81' lang='lat' dir='ltr'><em>quaesiti</em></span> <span class='ocrx_word' id='word_1_169' title='bbox 869 1400 1026 1451; x_wconf 88' lang='lat' dir='ltr'><em>partem</em></span> <span class='ocrx_word' id='word_1_170' title='bbox 1073 1394 1403 1451; x_wconf 87' lang='lat' dir='ltr'><em>respondendum</em></span> <span class='ocrx_word' id='word_1_171' title='bbox 1439 1400 1499 1438; x_wconf 88' lang='lat' dir='ltr'><em>est</em></span> <span class='ocrx_word' id='word_1_172' title='bbox 1531 1396 1780 1438; x_wconf 74' lang='lat' dir='ltr'><em>affirmative</em></span> 
     </span>
     <span class='ocr_line' id='line_1_20' title="bbox 146 1465 1779 1523; baseline 0 -14"><span class='ocrx_word' id='word_1_173' title='bbox 146 1472 185 1509; x_wconf 92' lang='lat' dir='ltr'><em>et</em></span> <span class='ocrx_word' id='word_1_174' title='bbox 218 1467 267 1509; x_wconf 86' lang='lat' dir='ltr'><em>ad</em></span> <span class='ocrx_word' id='word_1_175' title='bbox 303 1466 406 1509; x_wconf 85' lang='lat' dir='ltr'><em>alias</em></span> <span class='ocrx_word' id='word_1_176' title='bbox 437 1467 540 1509; x_wconf 84' lang='lat' dir='ltr'><em>duas</em></span> <span class='ocrx_word' id='word_1_177' title='bbox 574 1468 782 1522; x_wconf 86' lang='lat' dir='ltr'><em>negative.</em></span> <span class='ocrx_word' id='word_1_178' title='bbox 807 1465 1087 1510; x_wconf 87' lang='lat' dir='ltr'><em>Contirmatur</em></span> <span class='ocrx_word' id='word_1_179' title='bbox 1110 1468 1343 1510; x_wconf 88' lang='lat' dir='ltr'><em>communis</em></span> <span class='ocrx_word' id='word_1_180' title='bbox 1370 1466 1558 1509; x_wconf 88' lang='lat' dir='ltr'><em>doctrina</em></span> <span class='ocrx_word' id='word_1_181' title='bbox 1591 1469 1779 1523; x_wconf 84' lang='lat' dir='ltr'><em>sequenti</em></span> 
     </span>
     <span class='ocr_line' id='line_1_21' title="bbox 146 1537 1783 1594; baseline 0 -14"><span class='ocrx_word' id='word_1_182' title='bbox 146 1539 316 1582; x_wconf 87' lang='lat' dir='ltr'><em>ratione.</em></span> <span class='ocrx_word' id='word_1_183' title='bbox 344 1539 445 1590; x_wconf 87' lang='lat' dir='ltr'><em>Quia</em></span> <span class='ocrx_word' id='word_1_184' title='bbox 482 1537 559 1580; x_wconf 91' lang='lat' dir='ltr'><em>hoc</em></span> <span class='ocrx_word' id='word_1_185' title='bbox 595 1537 861 1594; x_wconf 74' lang='lat' dir='ltr'><em>privilegium</em></span> <span class='ocrx_word' id='word_1_186' title='bbox 897 1540 1078 1590; x_wconf 64' lang='lat' dir='ltr'><em>canonis,</em></span> <span class='ocrx_word' id='word_1_187' title='bbox 1102 1542 1223 1581; x_wconf 87' lang='lat' dir='ltr'><em>antea</em></span> <span class='ocrx_word' id='word_1_188' title='bbox 1255 1539 1315 1581; x_wconf 86' lang='lat' dir='ltr'><em>sic</em></span> <span class='ocrx_word' id='word_1_189' title='bbox 1351 1541 1558 1591; x_wconf 85' lang='lat' dir='ltr'><em>vocatum,</em></span> <span class='ocrx_word' id='word_1_190' title='bbox 1581 1540 1704 1581; x_wconf 86' lang='lat' dir='ltr'><em>etiam</em></span> <span class='ocrx_word' id='word_1_191' title='bbox 1739 1540 1783 1580; x_wconf 90' lang='lat' dir='ltr'><em>in-</em></span> 
     </span>
     <span class='ocr_line' id='line_1_22' title="bbox 144 1607 1780 1666; baseline 0 -14"><span class='ocrx_word' id='word_1_192' title='bbox 144 1608 295 1652; x_wconf 88' lang='lat' dir='ltr'><em>Codice</em></span> <span class='ocrx_word' id='word_1_193' title='bbox 336 1607 602 1664; x_wconf 82' lang='lat' dir='ltr'><em>privilegium</em></span> <span class='ocrx_word' id='word_1_194' title='bbox 648 1608 881 1665; x_wconf 89' lang='lat' dir='ltr'><em>appellatur</em></span> <span class='ocrx_word' id='word_1_195' title='bbox 914 1608 1021 1666; x_wconf 85' lang='lat' dir='ltr'><em>(can.</em></span> <span class='ocrx_word' id='word_1_196' title='bbox 1059 1609 1155 1664; x_wconf 89' lang='grc'>614,</span> <span class='ocrx_word' id='word_1_197' title='bbox 1191 1607 1309 1666; x_wconf 86' lang='grc'>680),</span> <span class='ocrx_word' id='word_1_198' title='bbox 1343 1612 1383 1651; x_wconf 89' lang='lat' dir='ltr'><em>et</em></span> <span class='ocrx_word' id='word_1_199' title='bbox 1414 1621 1503 1651; x_wconf 90' lang='lat' dir='ltr'><em>can.</em></span> <span class='ocrx_word' id='word_1_200' title='bbox 1544 1609 1622 1650; x_wconf 83' lang='grc'><em>119</em></span> <span class='ocrx_word' id='word_1_201' title='bbox 1662 1613 1780 1652; x_wconf 85' lang='lat' dir='ltr'><em>vocat</em></span> 
     </span>
     <span class='ocr_line' id='line_1_23' title="bbox 146 1678 1787 1736; baseline -0.002 -14"><span class='ocrx_word' id='word_1_202' title='bbox 146 1680 378 1736; x_wconf 86' lang='lat' dir='ltr'><em>praedictas</em></span> <span class='ocrx_word' id='word_1_203' title='bbox 412 1680 543 1724; x_wconf 90' lang='lat' dir='ltr'><em>reales</em></span> <span class='ocrx_word' id='word_1_204' title='bbox 578 1682 750 1723; x_wconf 90' lang='lat' dir='ltr'><em>iniurias</em></span> <span class='ocrx_word' id='word_1_205' title='bbox 782 1681 820 1722; x_wconf 89' lang='lat' dir='ltr'><em>in</em></span> <span class='ocrx_word' id='word_1_206' title='bbox 856 1679 1031 1723; x_wconf 90' lang='lat' dir='ltr'><em>clericos</em></span> <span class='ocrx_word' id='word_1_207' title='bbox 1069 1679 1321 1736; x_wconf 80' lang='lat' dir='ltr'><em>«sacrilegii</em></span> <span class='ocrx_word' id='word_1_208' title='bbox 1356 1678 1569 1734; x_wconf 78' lang='lat' dir='ltr'><em>delicta»,</em></span> <span class='ocrx_word' id='word_1_209' title='bbox 1598 1691 1704 1736; x_wconf 91' lang='lat' dir='ltr'><em>quae</em></span> <span class='ocrx_word' id='word_1_210' title='bbox 1738 1684 1787 1723; x_wconf 72' lang='lat' dir='ltr'><em>utv</em></span> 
     </span>
     <span class='ocr_line' id='line_1_24' title="bbox 143 1749 1782 1807; baseline 0.001 -15"><span class='ocrx_word' id='word_1_211' title='bbox 143 1750 296 1794; x_wconf 82' lang='lat' dir='ltr'><em>ibidem</em></span> <span class='ocrx_word' id='word_1_212' title='bbox 334 1752 408 1794; x_wconf 83' lang='lat' dir='ltr'><em>suit</em></span> <span class='ocrx_word' id='word_1_213' title='bbox 439 1750 779 1794; x_wconf 82' lang='lat' dir='ltr'><em>animadversum</em></span> <span class='ocrx_word' id='word_1_214' title='bbox 814 1749 909 1793; x_wconf 90' lang='lat' dir='ltr'><em>talia</em></span> <span class='ocrx_word' id='word_1_215' title='bbox 945 1764 1024 1793; x_wconf 92' lang='lat' dir='ltr'><em>non</em></span> <span class='ocrx_word' id='word_1_216' title='bbox 1059 1755 1210 1800; x_wconf 88' lang='lat' dir='ltr'><em>essent,</em></span> <span class='ocrx_word' id='word_1_217' title='bbox 1242 1752 1319 1793; x_wconf 91' lang='lat' dir='ltr'><em>nisi</em></span> <span class='ocrx_word' id='word_1_218' title='bbox 1360 1755 1529 1807; x_wconf 88' lang='lat' dir='ltr'><em>propter</em></span> <span class='ocrx_word' id='word_1_219' title='bbox 1572 1749 1680 1793; x_wconf 88' lang='lat' dir='ltr'><em>hunc</em></span> <span class='ocrx_word' id='word_1_220' title='bbox 1713 1762 1782 1794; x_wconf 49' lang='lat' dir='ltr'><em>ca&lt;</em></span> 
     </span>
     <span class='ocr_line' id='line_1_25' title="bbox 143 1821 1785 1879; baseline 0.001 -16"><span class='ocrx_word' id='word_1_221' title='bbox 143 1835 290 1864; x_wconf 90' lang='lat' dir='ltr'><em>nonem</em></span> <span class='ocrx_word' id='word_1_222' title='bbox 341 1821 568 1878; x_wconf 87' lang='lat' dir='ltr'><em>poenalem.</em></span> <span class='ocrx_word' id='word_1_223' title='bbox 605 1821 646 1864; x_wconf 92' lang='lat' dir='ltr'><em>ln</em></span> <span class='ocrx_word' id='word_1_224' title='bbox 682 1821 759 1865; x_wconf 91' lang='lat' dir='ltr'><em>hoc</em></span> <span class='ocrx_word' id='word_1_225' title='bbox 804 1823 930 1878; x_wconf 85' lang='lat' dir='ltr'><em>igitur</em></span> <span class='ocrx_word' id='word_1_226' title='bbox 972 1834 1131 1865; x_wconf 89' lang='lat' dir='ltr'><em>canone</em></span> <span class='ocrx_word' id='word_1_227' title='bbox 1166 1821 1291 1877; x_wconf 84' lang='grc'>2343,</span> <span class='ocrx_word' id='word_1_228' title='bbox 1325 1821 1353 1879; x_wconf 63' lang='grc' dir='ltr'>ξ</span> <span class='ocrx_word' id='word_1_229' title='bbox 1386 1821 1425 1874; x_wconf 88' lang='grc'>4,</span> <span class='ocrx_word' id='word_1_230' title='bbox 1460 1823 1625 1864; x_wconf 90' lang='lat' dir='ltr'><em>nomine</em></span> <span class='ocrx_word' id='word_1_231' title='bbox 1659 1821 1785 1865; x_wconf 79' lang='lat' dir='ltr'><em>cleri-</em></span> 
     </span>
     <span class='ocr_line' id='line_1_26' title="bbox 142 1892 1780 1950; baseline 0 -15"><span class='ocrx_word' id='word_1_232' title='bbox 142 1906 284 1936; x_wconf 90' lang='lat' dir='ltr'><em>corum</em></span> <span class='ocrx_word' id='word_1_233' title='bbox 321 1906 399 1935; x_wconf 89' lang='lat' dir='ltr'><em>non</em></span> <span class='ocrx_word' id='word_1_234' title='bbox 435 1892 804 1949; x_wconf 88' lang='lat' dir='ltr'><em>comprehenditur</em></span> <span class='ocrx_word' id='word_1_235' title='bbox 836 1894 907 1950; x_wconf 86' lang='lat' dir='ltr'><em>qui</em></span> <span class='ocrx_word' id='word_1_236' title='bbox 942 1895 1101 1936; x_wconf 88' lang='lat' dir='ltr'><em>etiamsi</em></span> <span class='ocrx_word' id='word_1_237' title='bbox 1141 1892 1285 1936; x_wconf 88' lang='lat' dir='ltr'><em>saltem</em></span> <span class='ocrx_word' id='word_1_238' title='bbox 1332 1897 1570 1935; x_wconf 88' lang='lat' dir='ltr'><em>tonsuratus</em></span> <span class='ocrx_word' id='word_1_239' title='bbox 1608 1908 1630 1934; x_wconf 87' lang='lat'>«</span> <span class='ocrx_word' id='word_1_240' title='bbox 1654 1894 1780 1949; x_wconf 82' lang='lat' dir='ltr'><em>privi—</em></span> 
     </span>
     <span class='ocr_line' id='line_1_27' title="bbox 142 1963 1785 2019; baseline 0.001 -13"><span class='ocrx_word' id='word_1_241' title='bbox 142 1963 245 2019; x_wconf 82' lang='lat' dir='ltr'><em>legia</em></span> <span class='ocrx_word' id='word_1_242' title='bbox 282 1966 432 2006; x_wconf 87' lang='lat' dir='ltr'><em>amittit</em></span> <span class='ocrx_word' id='word_1_243' title='bbox 455 1979 477 2004; x_wconf 80' lang='lat'>»</span> <span class='ocrx_word' id='word_1_244' title='bbox 501 1963 711 2007; x_wconf 89' lang='lat' dir='ltr'><em>clericalia</em></span> <span class='ocrx_word' id='word_1_245' title='bbox 745 1964 794 2006; x_wconf 86' lang='lat' dir='ltr'><em>ad</em></span> <span class='ocrx_word' id='word_1_246' title='bbox 831 1977 1019 2006; x_wconf 84' lang='lat' dir='ltr'><em>normam</em></span> <span class='ocrx_word' id='word_1_247' title='bbox 1055 1976 1145 2007; x_wconf 84' lang='lat' dir='ltr'><em>can.</em></span> <span class='ocrx_word' id='word_1_248' title='bbox 1173 1963 1269 2018; x_wconf 80' lang='grc'>123,</span> <span class='ocrx_word' id='word_1_249' title='bbox 1294 1968 1333 2007; x_wconf 88' lang='lat' dir='ltr'><em>et</em></span> <span class='ocrx_word' id='word_1_250' title='bbox 1369 1966 1454 2019; x_wconf 89' lang='lat' dir='ltr'><em>pari</em></span> <span class='ocrx_word' id='word_1_251' title='bbox 1490 1965 1648 2007; x_wconf 89' lang='lat' dir='ltr'><em>ratione</em></span> <span class='ocrx_word' id='word_1_252' title='bbox 1677 1979 1697 2004; x_wconf 84' lang='grc'><em>&lt;(</em></span> <span class='ocrx_word' id='word_1_253' title='bbox 1721 1978 1785 2007; x_wconf 85' lang='lat' dir='ltr'><em>re—</em></span> 
     </span>
     <span class='ocr_line' id='line_1_28' title="bbox 141 2033 1782 2092; baseline 0.001 -16"><span class='ocrx_word' id='word_1_254' title='bbox 141 2034 383 2090; x_wconf 81' lang='lat' dir='ltr'><em>ligiosorum</em></span> <span class='ocrx_word' id='word_1_255' title='bbox 408 2050 427 2075; x_wconf 88' lang='grc'><em>))</em></span> <span class='ocrx_word' id='word_1_256' title='bbox 454 2034 631 2077; x_wconf 82' lang='lat' dir='ltr'><em>verbum</em></span> <span class='ocrx_word' id='word_1_257' title='bbox 656 2039 717 2078; x_wconf 86' lang='lat' dir='ltr'><em>est</em></span> <span class='ocrx_word' id='word_1_258' title='bbox 739 2035 788 2078; x_wconf 90' lang='lat' dir='ltr'><em>ad</em></span> <span class='ocrx_word' id='word_1_259' title='bbox 814 2047 958 2078; x_wconf 86' lang='lat' dir='ltr'><em>omnes</em></span> <span class='ocrx_word' id='word_1_260' title='bbox 983 2035 1073 2078; x_wconf 90' lang='lat' dir='ltr'><em>illos</em></span> <span class='ocrx_word' id='word_1_261' title='bbox 1106 2035 1403 2091; x_wconf 77' lang='lat' dir='ltr'><em>significandos</em></span> <span class='ocrx_word' id='word_1_262' title='bbox 1436 2033 1666 2078; x_wconf 83' lang='lat' dir='ltr'><em>adhibitum</em></span> <span class='ocrx_word' id='word_1_263' title='bbox 1693 2037 1782 2092; x_wconf 82' lang='lat' dir='ltr'><em>qui,</em></span> 
     </span>
     <span class='ocr_line' id='line_1_29' title="bbox 142 2105 1774 2159; baseline 0 -11"><span class='ocrx_word' id='word_1_264' title='bbox 142 2110 183 2148; x_wconf 93' lang='lat' dir='ltr'><em>ut</em></span> <span class='ocrx_word' id='word_1_265' title='bbox 212 2121 231 2146; x_wconf 85' lang='grc'><em>((</em></span> <span class='ocrx_word' id='word_1_266' title='bbox 255 2107 376 2148; x_wconf 89' lang='lat' dir='ltr'><em>etiam</em></span> <span class='ocrx_word' id='word_1_267' title='bbox 415 2105 504 2148; x_wconf 89' lang='lat' dir='ltr'><em>laici</em></span> <span class='ocrx_word' id='word_1_268' title='bbox 540 2110 580 2148; x_wconf 91' lang='lat' dir='ltr'><em>et</em></span> <span class='ocrx_word' id='word_1_269' title='bbox 614 2107 801 2148; x_wconf 83' lang='lat' dir='ltr'><em>novitii»</em></span> <span class='ocrx_word' id='word_1_270' title='bbox 830 2119 879 2148; x_wconf 85' lang='lat' dir='ltr'><em>ex</em></span> <span class='ocrx_word' id='word_1_271' title='bbox 916 2119 1004 2148; x_wconf 81' lang='lat' dir='ltr'><em>ran.</em></span> <span class='ocrx_word' id='word_1_272' title='bbox 1031 2106 1130 2159; x_wconf 82' lang='grc'>614,</span> <span class='ocrx_word' id='word_1_273' title='bbox 1154 2110 1193 2148; x_wconf 87' lang='lat' dir='ltr'><em>et</em></span> <span class='ocrx_word' id='word_1_274' title='bbox 1228 2110 1270 2148; x_wconf 94' lang='lat' dir='ltr'><em>ut</em></span> <span class='ocrx_word' id='word_1_275' title='bbox 1301 2105 1463 2148; x_wconf 89' lang='lat' dir='ltr'><em>sodales</em></span> <span class='ocrx_word' id='word_1_276' title='bbox 1495 2107 1702 2148; x_wconf 80' lang='lat' dir='ltr'><em>societatis</em></span> <span class='ocrx_word' id='word_1_277' title='bbox 1736 2108 1774 2148; x_wconf 92' lang='lat' dir='ltr'><em>in</em></span> 
     </span>
     <span class='ocr_line' id='line_1_30' title="bbox 139 2175 1776 2232; baseline 0 -13"><span class='ocrx_word' id='word_1_278' title='bbox 139 2178 349 2219; x_wconf 86' lang='lat' dir='ltr'><em>communi</em></span> <span class='ocrx_word' id='word_1_279' title='bbox 387 2178 616 2219; x_wconf 89' lang='lat' dir='ltr'><em>viventium</em></span> <span class='ocrx_word' id='word_1_280' title='bbox 651 2178 739 2219; x_wconf 89' lang='lat' dir='ltr'><em>sine</em></span> <span class='ocrx_word' id='word_1_281' title='bbox 766 2178 870 2219; x_wconf 89' lang='lat' dir='ltr'><em>votis</em></span> <span class='ocrx_word' id='word_1_282' title='bbox 894 2192 915 2216; x_wconf 90' lang='lat'>«</span> <span class='ocrx_word' id='word_1_283' title='bbox 939 2179 1061 2219; x_wconf 89' lang='lat' dir='ltr'><em>etiam</em></span> <span class='ocrx_word' id='word_1_284' title='bbox 1088 2175 1181 2219; x_wconf 86' lang='lat' dir='ltr'><em>laici</em></span> <span class='ocrx_word' id='word_1_285' title='bbox 1208 2192 1226 2217; x_wconf 83' lang='lat'>»</span> <span class='ocrx_word' id='word_1_286' title='bbox 1250 2189 1299 2219; x_wconf 89' lang='lat' dir='ltr'><em>ex</em></span> <span class='ocrx_word' id='word_1_287' title='bbox 1325 2188 1415 2220; x_wconf 82' lang='lat' dir='ltr'><em>can.</em></span> <span class='ocrx_word' id='word_1_288' title='bbox 1441 2176 1523 2219; x_wconf 72' lang='lat'><em>680</em></span> <span class='ocrx_word' id='word_1_289' title='bbox 1548 2192 1567 2216; x_wconf 83' lang='lat'><em>‹(</em></span> <span class='ocrx_word' id='word_1_290' title='bbox 1593 2176 1776 2232; x_wconf 85' lang='lat' dir='ltr'><em>gaudent</em></span> 
     </span>
     <span class='ocr_line' id='line_1_31' title="bbox 138 2245 715 2302; baseline 0 -13"><span class='ocrx_word' id='word_1_291' title='bbox 138 2245 385 2290; x_wconf 84' lang='lat' dir='ltr'><em>clericorum</em></span> <span class='ocrx_word' id='word_1_292' title='bbox 422 2245 715 2302; x_wconf 82' lang='lat' dir='ltr'><em>privilegiis».</em></span> 
     </span>
    </p>

    <p class='ocr_par' dir='ltr' id='par_1_5' title="bbox 130 2315 1775 2936">
     <span class='ocr_line' id='line_1_32' title="bbox 258 2315 1775 2373; baseline 0.001 -15"><span class='ocrx_word' id='word_1_293' title='bbox 258 2316 353 2359; x_wconf 75' lang='lat'>185.</span> <span class='ocrx_word' id='word_1_294' title='bbox 382 2318 566 2362; x_wconf 86' lang='lat' dir='ltr'><em>Contra</em></span> <span class='ocrx_word' id='word_1_295' title='bbox 588 2318 791 2362; x_wconf 87' lang='lat' dir='ltr'><em>iniurias</em></span> <span class='ocrx_word' id='word_1_296' title='bbox 814 2331 903 2373; x_wconf 85' lang='lat' dir='ltr'><em>per</em></span> <span class='ocrx_word' id='word_1_297' title='bbox 926 2319 1082 2362; x_wconf 82' lang='lat' dir='ltr'><em>verba</em></span> <span class='ocrx_word' id='word_1_298' title='bbox 1106 2321 1191 2362; x_wconf 85' lang='lat' dir='ltr'><em>aut</em></span> <span class='ocrx_word' id='word_1_299' title='bbox 1213 2319 1414 2373; x_wconf 84' lang='lat' dir='ltr'><em>scripta.</em></span> <span class='ocrx_word' id='word_1_300' title='bbox 1435 2343 1486 2347; x_wconf 78' lang='lat'>—</span> <span class='ocrx_word' id='word_1_301' title='bbox 1513 2315 1613 2360; x_wconf 67' lang='lat' dir='ltr'><em>Can.</em></span> <span class='ocrx_word' id='word_1_302' title='bbox 1632 2317 1775 2359; x_wconf 67' lang='lat'><em>2344-</em></span> 
     </span>
     <span class='ocr_line' id='line_1_33' title="bbox 141 2385 1772 2444; baseline 0 -15"><span class='ocrx_word' id='word_1_303' title='bbox 141 2385 236 2440; x_wconf 78' lang='lat' dir='ltr'><em>Qui,</em></span> <span class='ocrx_word' id='word_1_304' title='bbox 268 2388 358 2430; x_wconf 91' lang='lat' dir='ltr'><em>sive</em></span> <span class='ocrx_word' id='word_1_305' title='bbox 399 2386 591 2435; x_wconf 84' lang='lat' dir='ltr'><em>clericus,</em></span> <span class='ocrx_word' id='word_1_306' title='bbox 625 2388 714 2429; x_wconf 90' lang='lat' dir='ltr'><em>sive</em></span> <span class='ocrx_word' id='word_1_307' title='bbox 761 2387 991 2442; x_wconf 74' lang='lat' dir='ltr'><em>religiosus,</em></span> <span class='ocrx_word' id='word_1_308' title='bbox 1025 2389 1115 2430; x_wconf 78' lang='lat' dir='ltr'><em>sive</em></span> <span class='ocrx_word' id='word_1_309' title='bbox 1150 2387 1291 2439; x_wconf 74' lang='lat' dir='ltr'><em>laicus,</em></span> <span class='ocrx_word' id='word_1_310' title='bbox 1326 2386 1366 2444; x_wconf 90' lang='lat' dir='ltr'><em>a)</em></span> <span class='ocrx_word' id='word_1_311' title='bbox 1401 2386 1635 2430; x_wconf 77' lang='lat' dir='ltr'><em>Romanum</em></span> <span class='ocrx_word' id='word_1_312' title='bbox 1667 2386 1772 2430; x_wconf 71' lang='lat' dir='ltr'><em>Pon-</em></span> 
     </span>
     <span class='ocr_line' id='line_1_34' title="bbox 137 2455 1771 2514; baseline 0 -14"><span class='ocrx_word' id='word_1_313' title='bbox 137 2457 299 2513; x_wconf 78' lang='lat' dir='ltr'><em>tificem,</em></span> <span class='ocrx_word' id='word_1_314' title='bbox 336 2457 378 2514; x_wconf 91' lang='lat' dir='ltr'><em>b)</em></span> <span class='ocrx_word' id='word_1_315' title='bbox 412 2457 452 2500; x_wconf 88' lang='lat' dir='ltr'><em>S.</em></span> <span class='ocrx_word' id='word_1_316' title='bbox 473 2455 522 2500; x_wconf 82' lang='lat' dir='ltr'><em>R.</em></span> <span class='ocrx_word' id='word_1_317' title='bbox 541 2456 590 2501; x_wconf 87' lang='lat' dir='ltr'><em>E.</em></span> <span class='ocrx_word' id='word_1_318' title='bbox 621 2455 905 2513; x_wconf 70' lang='lat' dir='ltr'><em>Cardinelem,</em></span> <span class='ocrx_word' id='word_1_319' title='bbox 944 2456 984 2514; x_wconf 91' lang='lat' dir='ltr'><em>c)</em></span> <span class='ocrx_word' id='word_1_320' title='bbox 1018 2456 1221 2514; x_wconf 71' lang='lat' dir='ltr'><em>Leyatum</em></span> <span class='ocrx_word' id='word_1_321' title='bbox 1254 2456 1436 2500; x_wconf 76' lang='lat' dir='ltr'><em>Romani</em></span> <span class='ocrx_word' id='word_1_322' title='bbox 1473 2457 1685 2514; x_wconf 75' lang='lat' dir='ltr'><em>I’onlifieis</em></span> <span class='ocrx_word' id='word_1_323' title='bbox 1718 2458 1771 2501; x_wconf 80' lang='lat' dir='ltr'><em>ad</em></span> 
     </span>
     <span class='ocr_line' id='line_1_35' title="bbox 134 2526 1774 2585; baseline 0 -15"><span class='ocrx_word' id='word_1_324' title='bbox 134 2540 321 2570; x_wconf 91' lang='lat' dir='ltr'><em>normam</em></span> <span class='ocrx_word' id='word_1_325' title='bbox 357 2539 446 2583; x_wconf 89' lang='lat' dir='ltr'><em>cap.</em></span> <span class='ocrx_word' id='word_1_326' title='bbox 475 2526 520 2581; x_wconf 78' lang='lat' dir='ltr'><em>V,</em></span> <span class='ocrx_word' id='word_1_327' title='bbox 543 2527 620 2572; x_wconf 88' lang='lat' dir='ltr'><em>Tit.</em></span> <span class='ocrx_word' id='word_1_328' title='bbox 647 2526 730 2582; x_wconf 84' lang='lat' dir='ltr'><em>Vll,</em></span> <span class='ocrx_word' id='word_1_329' title='bbox 754 2526 840 2572; x_wconf 87' lang='lat' dir='ltr'><em>Lib.</em></span> <span class='ocrx_word' id='word_1_330' title='bbox 867 2527 895 2580; x_wconf 85' lang='lat'><em>1,</em></span> <span class='ocrx_word' id='word_1_331' title='bbox 922 2527 964 2584; x_wconf 86' lang='lat' dir='ltr'><em>d)</em></span> <span class='ocrx_word' id='word_1_332' title='bbox 992 2528 1146 2570; x_wconf 70' lang='lat' dir='ltr'><em>Sacros</em></span> <span class='ocrx_word' id='word_1_333' title='bbox 1169 2526 1525 2585; x_wconf 69' lang='lat' dir='ltr'><em>Conyreqalz&#39;ones</em></span> <span class='ocrx_word' id='word_1_334' title='bbox 1546 2527 1774 2580; x_wconf 70' lang='lat' dir='ltr'><em>Bonmnas,</em></span> 
     </span>
     <span class='ocr_line' id='line_1_36' title="bbox 133 2596 1769 2656; baseline 0.001 -16"><span class='ocrx_word' id='word_1_335' title='bbox 133 2597 184 2640; x_wconf 79' lang='lat' dir='ltr'><em>(le</em></span> <span class='ocrx_word' id='word_1_336' title='bbox 216 2597 367 2655; x_wconf 88' lang='lat' dir='ltr'><em>quibus</em></span> <span class='ocrx_word' id='word_1_337' title='bbox 401 2603 461 2641; x_wconf 90' lang='lat' dir='ltr'><em>est</em></span> <span class='ocrx_word' id='word_1_338' title='bbox 493 2603 600 2654; x_wconf 79' lang='lat' dir='ltr'><em>cap.⁸</em></span> <span class='ocrx_word' id='word_1_339' title='bbox 631 2596 698 2652; x_wconf 78' lang='lat' dir='ltr'><em>lv,</em></span> <span class='ocrx_word' id='word_1_340' title='bbox 721 2597 838 2641; x_wconf 88' lang='lat' dir='ltr'><em>art.l</em></span> <span class='ocrx_word' id='word_1_341' title='bbox 873 2597 949 2641; x_wconf 91' lang='lat' dir='ltr'><em>loc.</em></span> <span class='ocrx_word' id='word_1_342' title='bbox 974 2602 1057 2652; x_wconf 72' lang='lat' dir='ltr'><em>cit,</em></span> <span class='ocrx_word' id='word_1_343' title='bbox 1091 2597 1131 2651; x_wconf 90' lang='lat' dir='ltr'><em>e)</em></span> <span class='ocrx_word' id='word_1_344' title='bbox 1163 2597 1408 2641; x_wconf 73' lang='lat' dir='ltr'><em>Trt&#39;bunult‘a</em></span> <span class='ocrx_word' id='word_1_345' title='bbox 1443 2598 1563 2642; x_wconf 75' lang='lat' dir='ltr'><em>Sedis</em></span> <span class='ocrx_word' id='word_1_346' title='bbox 1595 2599 1769 2656; x_wconf 71' lang='lat' dir='ltr'><em>Aposto-</em></span> 
     </span>
     <span class='ocr_line' id='line_1_37' title="bbox 131 2667 1769 2725; baseline 0.001 -15"><span class='ocrx_word' id='word_1_347' title='bbox 131 2667 251 2719; x_wconf 73' lang='lat' dir='ltr'><em>cicae,</em></span> <span class='ocrx_word' id='word_1_348' title='bbox 270 2667 450 2713; x_wconf 89' lang='lat' dir='ltr'><em>scilicet:</em></span> <span class='ocrx_word' id='word_1_349' title='bbox 477 2669 515 2712; x_wconf 90' lang='lat' dir='ltr'><em>S.</em></span> <span class='ocrx_word' id='word_1_350' title='bbox 542 2668 658 2712; x_wconf 85' lang='lat' dir='ltr'><em>Rom.</em></span> <span class='ocrx_word' id='word_1_351' title='bbox 683 2668 845 2724; x_wconf 84' lang='lat' dir='ltr'><em>Rotam,</em></span> <span class='ocrx_word' id='word_1_352' title='bbox 869 2668 1134 2724; x_wconf 86' lang='lat' dir='ltr'><em>Signatnram</em></span> <span class='ocrx_word' id='word_1_353' title='bbox 1161 2668 1456 2725; x_wconf 78' lang='lat' dir='ltr'><em>Apostolicam,</em></span> <span class='ocrx_word' id='word_1_354' title='bbox 1480 2670 1646 2713; x_wconf 76' lang='lat' dir='ltr'><em>Sacrani</em></span> <span class='ocrx_word' id='word_1_355' title='bbox 1675 2669 1769 2712; x_wconf 88' lang='lat' dir='ltr'><em>Poe-</em></span> 
     </span>
     <span class='ocr_line' id='line_1_38' title="bbox 132 2738 1768 2796; baseline 0.001 -15"><span class='ocrx_word' id='word_1_356' title='bbox 132 2741 428 2793; x_wconf 85' lang='lat' dir='ltr'><em>nitentiariam‚</em></span> <span class='ocrx_word' id='word_1_357' title='bbox 463 2738 498 2796; x_wconf 81' lang='lat' dir='ltr'><em>f)</em></span> <span class='ocrx_word' id='word_1_358' title='bbox 519 2752 743 2796; x_wconf 78' lang='lat' dir='ltr'><em>eorumque</em></span> <span class='ocrx_word' id='word_1_359' title='bbox 776 2753 953 2796; x_wconf 90' lang='lat' dir='ltr'><em>nempe:</em></span> <span class='ocrx_word' id='word_1_360' title='bbox 988 2738 1364 2796; x_wconf 83' lang='lat' dir='ltr'><em>Congregationum</em></span> <span class='ocrx_word' id='word_1_361' title='bbox 1400 2745 1439 2783; x_wconf 90' lang='lat' dir='ltr'><em>et</em></span> <span class='ocrx_word' id='word_1_362' title='bbox 1466 2739 1768 2794; x_wconf 78' lang='lat' dir='ltr'><em>Tribunalium,</em></span> 
     </span>
     <span class='ocr_line' id='line_1_39' title="bbox 133 2807 1773 2868; baseline 0.001 -17"><span class='ocrx_word' id='word_1_363' title='bbox 133 2822 212 2851; x_wconf 88' lang='lat' dir='ltr'><em>non</em></span> <span class='ocrx_word' id='word_1_364' title='bbox 247 2808 422 2852; x_wconf 92' lang='lat' dir='ltr'><em>aliorum</em></span> <span class='ocrx_word' id='word_1_365' title='bbox 458 2807 701 2853; x_wconf 71' lang='lat' dir='ltr'><em>Otticiorum</em></span> <span class='ocrx_word' id='word_1_366' title='bbox 743 2808 961 2866; x_wconf 75' lang='lat' dir='ltr'><em>Offiet&#39;ales</em></span> <span class='ocrx_word' id='word_1_367' title='bbox 995 2809 1176 2853; x_wconf 78' lang='lat' dir='ltr'><em>maiores</em></span> <span class='ocrx_word' id='word_1_368' title='bbox 1209 2809 1305 2853; x_wconf 87' lang='lat' dir='ltr'><em>alibi</em></span> <span class='ocrx_word' id='word_1_369' title='bbox 1341 2810 1585 2865; x_wconf 85' lang='lat' dir='ltr'><em>declaratos,</em></span> <span class='ocrx_word' id='word_1_370' title='bbox 1611 2809 1653 2867; x_wconf 82' lang='lat' dir='ltr'><em>g)</em></span> <span class='ocrx_word' id='word_1_371' title='bbox 1676 2823 1773 2868; x_wconf 84' lang='lat' dir='ltr'><em>pro-</em></span> 
     </span>
     <span class='ocr_line' id='line_1_40' title="bbox 130 2878 1765 2936; baseline 0.002 -15"><span class='ocrx_word' id='word_1_372' title='bbox 130 2879 274 2936; x_wconf 80' lang='lat' dir='ltr'><em>prium</em></span> <span class='ocrx_word' id='word_1_373' title='bbox 312 2878 594 2923; x_wconf 72' lang='lat' dir='ltr'><em>ordinarium</em></span> <span class='ocrx_word' id='word_1_374' title='bbox 627 2880 988 2923; x_wconf 85' lang='lat' dir='ltr'><em>determinandum</em></span> <span class='ocrx_word' id='word_1_375' title='bbox 1019 2883 1055 2922; x_wconf 76' lang='lat' dir='ltr'><em>vi</em></span> <span class='ocrx_word' id='word_1_376' title='bbox 1090 2894 1142 2923; x_wconf 88' lang='lat' dir='ltr'><em>ss.</em></span> <span class='ocrx_word' id='word_1_377' title='bbox 1172 2893 1374 2924; x_wconf 87' lang='lat' dir='ltr'><em>canonum</em></span> <span class='ocrx_word' id='word_1_378' title='bbox 1412 2882 1509 2935; x_wconf 80' lang='grc'>198,</span> <span class='ocrx_word' id='word_1_379' title='bbox 1543 2883 1568 2935; x_wconf 63' lang='lat' dir='ltr'>g</span> <span class='ocrx_word' id='word_1_380' title='bbox 1602 2881 1639 2935; x_wconf 92' lang='grc'>1,</span> <span class='ocrx_word' id='word_1_381' title='bbox 1672 2894 1765 2924; x_wconf 92' lang='lat' dir='ltr'><em>cum</em></span> 
     </span>
    </p>
   </div>
   <div class='ocr_carea' id='block_1_4' title="bbox 1875 0 1950 3313">
    <p class='ocr_par' dir='ltr' id='par_1_6' title="bbox 1875 0 1950 3313">
     <span class='ocr_line' id='line_1_41' title="bbox 1875 0 1950 3313; baseline 0 0"><span class='ocrx_word' id='word_1_382' title='bbox 1875 0 1950 3313; x_wconf 95' lang='lat' dir='ltr'><em> </em></span> 
     </span>
    </p>
   </div>
  </div>
 </body>
</html>
