1950 3313
152 161 219 194 190
742 158 956 192 APPEme
982 167 1038 191 AD
1065 158 1150 192 Lm.
1177 158 1208 192 1.

149 281 256 321 tione
298 276 485 320 adhiberi
536 281 767 330 consuetos,
802 281 870 319 aut
904 278 1125 331 contemni,
1170 281 1239 319 aut
1275 279 1363 320 sine
1398 283 1566 333 peccato
1598 292 1618 321 a
1656 281 1772 322 mini-

149 350 243 391 stris
280 360 351 403 pro
384 345 499 390 libitu
534 348 681 390 omitti.
716 352 782 389 aut
820 349 857 388 in
894 359 1023 389 noros
1055 345 1156 389 alios
1188 359 1262 402 per
1293 359 1601 405 quemcumque
1633 348 1775 393 Eccle-

150 421 302 461 siarum
340 422 541 473 pastorem
580 419 728 460 mutari
765 430 910 473 posse3
945 416 1162 460 anathema
1201 420 1253 460 sit
1275 433 1314 462 )).
1349 418 1473 476 Atqui
1508 421 1620 463 iuxta
1644 426 1775 464 const.

152 488 262 531 Pauli
301 486 328 528 Υ
365 487 649 530 huiuscemodi
698 489 798 530 ritus
840 489 878 529 in
923 487 1001 530 Rit.
1046 486 1162 532 Rom.
1198 491 1382 544 congesti
1415 494 1522 532 sunt.
1558 489 1665 546 Ergo
1698 504 1774 535 nec

149 560 371 611 contemni,
406 571 479 601 nec
513 560 659 609 omitti.
694 571 769 601 nec
803 559 1012 601 immutari
1048 563 1244 614 possunt,
1278 560 1392 603 iuxta
1426 559 1548 603 Conc.
1583 559 1693 605 Trid.

269 628 466 671 Probatur
499 641 547 671 ex
583 628 766 671 eiusdem
805 633 947 672 const⁸.
986 627 1124 672 verbis
1161 630 1295 684 quoad
1332 632 1434 673 ritus
1456 633 1577 674 ctiam
1598 631 1772 675 aliarum

149 700 402 742 functionum
452 699 841 751 ecclesiasticarum,
881 712 975 742 nam
1028 698 1165 743 verbis
1197 712 1303 757 quae
1350 701 1566 745 consilium
1604 705 1774 746 innuere

153 756 365 813 videntur:
406 767 710 825 «Quapropter
752 768 968 812 hortamur
1001 771 1039 812 in
1074 768 1292 814 Domino...
1327 770 1595 828 Episcopus...
1636 773 1771 817 Aliba-

149 845 222 891 tes,
256 839 457 896 parochos
492 842 720 894 universos,
757 839 907 896 ubique
932 839 1115 883 locorum
1151 843 1387 896 existentes,
1412 847 1451 885 et
1473 843 1575 886 alios
1597 845 1646 887 ad
1671 858 1776 902 quos

149 915 318 967 spectat,
353 916 392 953 ut
439 913 475 952 in
523 915 776 966 posterum...
811 913 1032 953 constituto
1075 911 1225 955 Rituali
1261 914 1300 955 in
1333 915 1463 956 sacris
1497 915 1775 958 functionibus

150 986 377 1035 utantur»,
420 981 729 1038 subsequuntur
774 980 875 1024 haec
922 981 1078 1025 verba:
1129 987 1211 1025 «et
1252 985 1288 1025 in
1336 997 1378 1026 re
1423 987 1531 1027 tanti·
1563 988 1772 1040 momenti,

149 1065 253 1108 quae
286 1051 494 1095 Catholica
529 1051 712 1094 Ecclesia
747 1057 785 1094 et
819 1050 871 1095 ab
903 1064 950 1095 ea
984 1052 1181 1108 probatus
1215 1067 1313 1097 usus
1346 1056 1601 1112 antiquitatis
1618 1058 1772 1109 statuit,

150 1122 343 1165 inviolato
377 1122 661 1165 observent».
700 1122 810 1165 Patet
847 1124 971 1178 igitur
1004 1122 1283 1167 exhortatoria
1321 1124 1446 1168 verba
1472 1125 1629 1181 prolata
1648 1127 1773 1170 fuisse

149 1195 316 1249 praevie
349 1193 397 1235 ad
433 1192 695 1249 obligationis
729 1192 1116 1249 adimplementum.
1140 1193 1418 1238 Confirmatur
1441 1195 1518 1239 hoc
1542 1199 1673 1253 ipsum
1701 1211 1773 1254 per

148 1262 244 1307 Dec.
264 1264 301 1306 S.
321 1262 470 1319 Congr.
504 1263 671 1307 Rituum
703 1264 713 1285 ¹
750 1264 798 1307 ad
834 1266 1073 1321 episcopum
1107 1264 1382 1309 Trecensem:
1423 1282 1443 1307 «
1467 1267 1509 1310 ln
1543 1280 1591 1311 ea
1623 1268 1773 1325 (eccle-

149 1334 227 1391 sia)
258 1334 337 1379 Rit.
371 1334 620 1387 Romanum,
653 1337 770 1378 cuius
804 1335 915 1391 leges
939 1335 1218 1379 universalem
1242 1337 1689 1392 afficiuntEcclesiam,
1712 1341 1771 1382 in—

150 1410 262 1461 tegre
296 1411 486 1448 sei-vetur
510 1422 548 1449 2).

271 1476 363 1518 175.
398 1478 686 1523 Memoriale
729 1478 925 1527 Rituum
963 1491 1035 1521 seu
1075 1478 1299 1522 «Parvum
1334 1479 1495 1523 Rituale
1519 1496 1538 1521 »
1577 1486 1636 1524 est
1670 1480 1775 1525 liber

149 1560 229 1604 quo
262 1547 504 1590 ordinantur
547 1549 778 1591 functiones
821 1549 1025 1606 quaedam
1066 1549 1282 1606 liturgicae
1322 1564 1358 1594 r.
1392 1565 1452 1607 gr.
1487 1551 1774 1596 hebdomadae

148 1622 312 1661 sanctae
348 1620 384 1660 in
421 1620 559 1674 parvis
602 1618 788 1662 ecclesiis
832 1619 1139 1675 parochialibus
1182 1626 1220 1664 et
1264 1621 1623 1676 conventualibus,
1666 1636 1772 1680 quae

150 1690 345 1748 ministris
377 1691 504 1732 sacris
527 1694 682 1743 carent,
717 1695 756 1733 et
782 1693 913 1746 primo
938 1696 996 1734 est
1032 1691 1339 1748 promulgatum
1375 1706 1396 1735 a
1431 1692 1582 1738 Bened.
1613 1692 1700 1736 Xlll
1736 1707 1771 1737 a.

154 1758 262 1800 1725
298 1772 369 1814 pro
402 1758 637 1803 huiusmodi
672 1760 858 1804 ecclesiis
882 1763 919 1804 in
940 1761 1062 1816 Urbe,
1082 1767 1121 1805 et
1145 1768 1285 1819 postea
1308 1776 1329 1806 a
1352 1763 1419 1806 Pio
1447 1762 1512 1805 Vll
1532 1776 1639 1807 anno
1663 1764 1766 1807 1821

151 1843 221 1885 pro
255 1832 449 1872 universo
482 1828 594 1874 Orbe
633 1831 848 1875 catholico.

271 1900 363 1942 176-
401 1903 689 1948 Pontificale
727 1905 1000 1953 Romanum
1043 1908 1225 1949 continet
1257 1906 1454 1950 formulas
1496 1911 1535 1950 et
1572 1906 1774 1951 Rubi-icas

149 1970 404 2013 functionum
441 1972 724 2028 liturgicarum
759 1974 974 2031 Episcopis
1009 1979 1285 2033 propriarum,
1317 1989 1365 2020 ac
1398 1982 1487 2033 post
1530 1977 1770 2034 diligentem

151 2043 397 2084 revisionem
425 2044 477 2085 ita
502 2043 807 2100 promulgatum
835 2051 895 2089 est
919 2059 938 2089 a
963 2045 1090 2091 Clem.
1117 2045 1203 2089 Vlll
1228 2061 1300 2104 per
1322 2046 1459 2092 Consi.
1489 2064 1509 2089 ((
1527 2047 1588 2091 Ex
1612 2062 1693 2105 quo
1712 2064 1733 2089 »
1758 2049 1772 2071 ²

150 2116 206 2166 ut,
239 2110 446 2168 abrogatis
479 2113 671 2157 omnibus
703 2115 793 2158 aliis
827 2116 941 2160 libris
976 2117 1294 2174 pontificalibus,
1313 2120 1434 2162 unice
1461 2118 1772 2173 observaretur,

150 2194 283 2238 neque
316 2182 398 2225 ullo
424 2196 601 2239 unquam
627 2189 813 2241 tempore
845 2192 1078 2231 mutaretur
1111 2191 1149 2231 in
1176 2193 1258 2232 toto
1284 2189 1347 2232 vel
1382 2191 1420 2232 in
1457 2194 1585 2246 parte,
1617 2191 1706 2233 sive
1734 2192 1770 2232 ei

150 2251 303 2307 aliquid
338 2253 527 2297 addendo
561 2257 649 2298 sive
683 2259 849 2300 omnino
873 2258 1144 2302 detrahendo.

272 2323 363 2365 177.
399 2326 808 2384 Martyrologium
854 2330 1122 2375 Romanum
1171 2335 1233 2374 est
1265 2330 1370 2375 liber
1401 2344 1482 2389 quo
1516 2333 1574 2374 uti
1621 2331 1772 2375 debent

149 2405 291 2435 omncs
325 2393 536 2438 Ecclesiae
573 2398 673 2439 ritus
712 2396 823 2440 latini
849 2403 929 2441 tam
955 2400 1190 2444 saeculares
1212 2413 1337 2458 quam
1362 2401 1591 2458 regulareS,
1610 2404 1769 2445 etiamsi

150 2461 332 2518 legitime
367 2467 566 2508 retineant
602 2470 814 2523 proprium
848 2470 1057 2526 quoddam
1093 2470 1255 2515 Missale
1277 2471 1771 2529 etB1·eviarium,neque

152 2532 245 2576 licet
280 2534 505 2591 quidquam
541 2538 579 2578 in
614 2536 681 2579 illo
715 2538 869 2581 addere
905 2540 966 2582 vel
1002 2540 1175 2589 demere
1209 2541 1274 2585 vel
1308 2547 1482 2586 mutare.

266 2603 322 2646 lta
356 2618 403 2647 ex
437 2603 571 2650 Const.
599 2622 617 2646 «
639 2606 865 2652 Emendato
885 2625 904 2650 ³)
933 2608 1055 2666 Greg.
1080 2610 1171 2654 Xlll
1195 2612 1267 2668 (14
1295 2612 1374 2656 lan.
1405 2613 1535 2670 1584)
1559 2612 1628 2657 ubi
1647 2615 1771 2656 etiam

150 2673 322 2730 legitur:
364 2691 382 2715 (ι
406 2678 444 2718 Si
479 2690 582 2734 quos
615 2678 715 2722 alios
740 2679 956 2723 habuerint
988 2687 1150 2726 sanctos
1185 2686 1223 2726 in
1247 2687 1331 2727 suis
1363 2684 1550 2728 ecclesiis
1580 2689 1648 2728 aut
1673 2684 1773 2728 locis

149 2744 348 2788 celebrari
383 2746 536 2803 solitos,
572 2762 641 2792 eos
664 2751 701 2792 iu
732 2749 842 2794 hunc
866 2750 1016 2794 librum
1043 2752 1085 2808 (i.
1121 2767 1154 2796 e.
1191 2754 1548 2812 Martyrologium)
1583 2768 1633 2798 ne
1666 2757 1770 2798 inse·

264 2899 274 2920 ¹
302 2898 321 2930 7
349 2898 455 2943 Sept.
492 2901 588 2935 [850.
620 2922 661 2926 —
689 2902 702 2924 2
730 2903 772 2936 10
799 2903 888 2939 Feb.
916 2904 1019 2939 1597.
