1950 3313
160 169 204 202 46
625 168 710 202 LIB.
740 168 785 202 V.
815 188 827 194 ·
855 168 965 202 PARS
989 168 1041 203 11.
1068 187 1085 195 -
1110 168 1168 204 De
1185 172 1324 214 poenis
1568 169 1660 206 ean.
1687 170 1782 205 2214

159 288 302 332 turbas
335 293 374 331 et
407 289 632 343 discipulos
665 300 782 331 suos:
822 302 842 327 ((
865 300 1009 330 01111163
1044 300 1116 330 vos
1148 288 1294 331 fratres
1327 291 1438 343 estis,
1463 301 1567 331 unus
1590 294 1651 332 est
1673 291 1780 332 enim

160 361 280 402 Pater
317 364 465 411 vester,
499 360 567 414 qui
605 360 642 399 in
678 356 804 400 coelis
837 362 942 400 est»
972 357 1000 412 ¹,
1034 357 1074 414 c)
1107 357 1401 417 elaborentque
1442 359 1492 402 ad
1526 372 1782 417 consequen-

161 428 256 470 dum
294 432 337 469 ut
371 425 578 469 hortando
612 431 651 468 et
682 425 885 470 monendo
928 426 978 470 ab
1016 426 1183 470 illicitis
1223 427 1275 472 ob
1319 428 1451 485 legem
1497 429 1682 472 divinam
1721 429 1783 472 vel

160 497 481 541 ecclesiasticam
531 495 787 552 deterreant,
845 499 970 540 variis
1013 498 1240 542 rationibus
1273 503 1312 542 et
1344 498 1547 555 exemplis
1595 512 1701 556 quae
1733 499 1782 543 ad

161 567 235 610 hoc
269 567 524 619 deserviunt,
574 568 633 610 sic
682 568 992 623 praeveniendo
1034 582 1086 610 ne
1128 567 1196 611 ubi
1227 568 1485 626 deliquerint
1535 571 1702 625 proprie
1734 569 1783 612 ad

161 649 347 679 normam
384 636 545 679 PrImae
580 639 706 693 partis
738 636 862 680 huius
896 637 1003 690 libri,
1036 637 1186 681 debitis
1220 640 1308 682 iure
1341 653 1409 682 eos
1437 639 1586 696 poenis
1611 642 1648 681 in
1674 638 1782 683 Libri

161 707 326 750 residuo
358 707 623 751 declarandis
656 721 841 751 coercere
864 713 1069 765 cogantur
1094 711 1251 753 ratione
1275 712 1426 766 proprii
1463 712 1648 753 muneris
1672 712 1783 753 iuxta

160 792 212 820 ss.
247 790 425 821 canones
472 778 659 834 gerendi.
695 804 748 809 -—
781 778 855 822 His
899 792 977 821 non
1021 778 1279 823 obstantibus
1318 780 1544 834 industriis,
1587 794 1679 823 cum
1721 793 1785 823 res

162 861 232 904 pro
270 853 363 890 voto
398 862 476 891 non
512 851 695 901 cesserit,
732 851 995 905 prosequitur
1039 849 1353 905 praelaudatum
1396 849 1650 894 Concilium:
1684 864 1785 909 quos

162 924 298 961 tamen
337 918 613 962 «subditos»
652 919 689 962 si
723 918 824 976 quid
852 932 930 977 per
962 918 1188 962 humanam
1219 919 1505 978 fragilitatem
1539 921 1713 978 proinde
1746 923 1785 964 in

163 989 390 1032 minoribus
419 1003 594 1047 peccare
627 990 972 1046 transgrediemlo
1005 989 1117 1046 leges
1151 990 1386 1048 contiyerit,
1421 991 1462 1048 a)
1495 991 1574 1034 illa
1597 991 1788 1049 Apostoli

159 1066 220 1102 est
253 1059 302 1102 ab
336 1061 395 1102 eis
438 1059 647 1103 servanda
696 1061 940 1118 praeceptio
965 1059 979 1082 ²
1002 1060 1191 1117 obligans
1234 1067 1279 1103 ut
1320 1061 1419 1104 illos
1462 1064 1574 1104 iuxta
1608 1064 1785 1105 circum-

159 1133 330 1173 stantias
353 1137 552 1188 arquant,
577 1130 804 1183 obsecrent,
827 1131 1059 1189 increpent,
1078 1144 1244 1188 semper
1270 1145 1368 1175 vero
1391 1131 1435 1175 in
1459 1131 1572 1175 oinni
1589 1131 1788 1186 bonitate,

159 1214 267 1259 quae
300 1204 338 1244 in
377 1201 514 1245 verbis
546 1215 594 1245 ac
626 1202 748 1245 modo
775 1202 969 1257 reluceat,
1005 1207 1043 1244 et
1067 1202 1280 1260 patientia
1312 1215 1411 1259 erga
1445 1216 1587 1246 eorum
1614 1203 1785 1245 infirmi-

162 1277 300 1327 tatem,
335 1286 425 1315 611111
457 1286 582 1330 saepe
608 1272 719 1330 plus,
755 1276 857 1316 teste
891 1275 1163 1329 experientia,
1197 1286 1299 1330 crya
1322 1272 1594 1330 corriqendos
1618 1273 1669 1316 ob
1693 1286 1786 1329 pec-

161 1348 248 1386 cata
285 1349 385 1401 ‹iyat
418 1357 489 1386 seu
523 1343 708 1387 obtineat
741 1342 1027 1386 benevolentia
1062 1343 1201 1387 verbis
1234 1345 1450 1400 patefacta,
1484 1358 1607 1401 qua-m
1650 1349 1786 1387 auste-

159 1414 268 1457 ritas
302 1427 459 1468 eorum,
488 1413 589 1472 plus
623 1413 864 1457 emliortatio
898 1414 947 1458 ad
982 1413 1135 1458 bonum
1171 1415 1406 1458 faciendum
1444 1428 1515 1471 per
1550 1417 1703 1457 motiva
1737 1414 1786 1457 ad

160 1485 237 1528 hoc
271 1485 509 1528 inducentia
544 1499 667 1543 quani
701 1485 970 1528 comminatio
1015 1484 1110 1528 mali
1156 1487 1215 1528 eis
1252 1488 1400 1528 merito
1435 1485 1662 1542 infligendi,
1690 1484 1789 1543 plus

161 1555 320 1598 caritas
353 1554 503 1599 Christi
530 1568 625 1599 vera
660 1569 785 1613 quani
814 1560 1002 1613 potestas
1035 1558 1231 1599 exercita.
1266 1581 1317 1586 ——
1343 1555 1661 1612 Nonnumquam
1689 1555 1789 1599 haec

159 1628 237 1668 erit
273 1625 436 1679 utenda,
473 1627 510 1668 111
549 1628 668 1668 0111113
712 1639 787 1669 11311
831 1626 1076 1668 deserviunt
1118 1626 1504 1669 animadversiones
1546 1629 1787 1682 sequentes:

159 1696 225 1738 sin
259 1701 398 1738 autem
431 1695 476 1739 ob
510 1695 656 1739 delicti
691 1699 855 1753 proprie
888 1698 1042 1752 sumpti
1073 1696 1331 1752 pravitatem
1363 1696 1484 1753 virya
1518 1696 1641 1739 idest:
1676 1708 1788 1739 coer-

161 1769 311 1810 citione
336 1769 446 1810 iuxta
479 1780 530 1810 ss.³
555 1779 736 1810 canones
759 1780 862 1824 opus
886 1767 981 1820 erit,
1008 1772 1104 1809 tunc
1127 1780 1215 1809 611111
1240 1765 1562 1809 mansuetudine
1587 1768 1624 1808 111
1653 1765 1790 1809 verbis

161 1850 208 1880 ac
244 1836 421 1880 motibus
452 1837 572 1894 riqor
595 1837 651 1880 illi
673 1850 920 1893 congruens,
947 1851 1038 1879 611111
1061 1836 1371 1892 misericordia,
1396 1849 1501 1893 quae
1524 1838 1787 1892 compatitur,

161 1906 363 1950 iudicium
389 1910 536 1950 mentis
572 1907 809 1951 moderatus
841 1910 906 1962 sit,
930 1921 1020 1949 611111
1051 1906 1227 1950 lenitate
1269 1910 1531 1964 asperitatem
1569 1911 1786 1963 respuente

161 1978 363 2021 severitas
399 1992 467 2035 per
504 1978 614 2034 leges
647 1979 921 2022 determinata
954 1977 1191 2021 adhibenda
1232 1984 1308 2032 est,
1341 1983 1386 2020 ut
1417 1980 1508 2020 sine
1541 1977 1786 2035 asperitate,

161 2062 267 2106 quae
300 2052 459 2092 animos
492 2051 670 2101 exacuit,
706 2049 935 2106 disciplina
975 2049 1064 2106 (3611
1099 2048 1260 2105 legibus
1295 2062 1429 2091 mores
1472 2047 1667 2104 regulati)
1715 2060 1786 2104 po-

160 2119 275 2177 pulis
306 2119 515 2162 salutaris
548 2120 676 2163 idest:
712 2120 761 2163 ad
801 2122 925 2162 vitam
963 2121 1256 2175 morigeratam
1302 2119 1502 2162 inducens
1536 2132 1584 2160 ac
1618 2117 1789 2174 proinde

164 2190 416 2239 necessaria,
452 2195 719 2232 conservetur
751 2190 977 2233 adiuvante
1010 2191 1235 2245 punitionis
1269 2194 1394 2242 metu,
1428 2193 1466 2231 et
1505 2188 1576 2245 qui
1612 2187 1790 2230 correcti

163 2261 326 2318 fuerint
362 2263 503 2316 virgae
537 2274 677 2316 opere,
711 2260 984 2303 emendentur
1016 2272 1037 2302 a
1072 2260 1232 2303 delictis
1264 2261 1349 2302 suis
1371 2264 1459 2321 aut,
1482 2259 1519 2301 si
1540 2258 1791 2316 resipiscere

166 2331 379 2374 noluerint
410 2334 533 2374 etiam
570 2345 643 2387 per
677 2343 830 2387 poenas
879 2344 957 2373 non
1008 2330 1269 2385 omittendas,
1309 2329 1436 2372 ceteri
1468 2342 1490 2372 a
1523 2329 1686 2372 delictis
1720 2330 1790 2370 im-

167 2415 322 2456 munes,
357 2401 520 2444 salubri
557 2415 628 2458 per
661 2415 705 2445 36
739 2401 782 2444 111
816 2415 884 2444 eos
931 2401 1190 2458 deliquentes
1238 2399 1619 2443 aniniadcersi‘om's
1660 2412 1682 2442 a
1715 2399 1788 2442 Su-

166 2474 327 2528 periore
362 2473 540 2515 inflictae
573 2471 761 2529 eoeemplo
795 2486 820 2514 a
853 2471 970 2514 vitiis
1003 2471 1301 2514 deterreantur
1332 2470 1612 2514 admittendis.

284 2543 349 2586 30.
387 2545 575 2589 Divisio
614 2545 856 2589 Sectionis
888 2545 934 2588 in
967 2544 1136 2588 titulos
1169 2546 1346 2599 quatuor
1377 2541 1606 2584 secundum
1633 2541 1791 2596 logicae

168 2615 346 2670 regulaS,
379 2614 429 2657 ad
466 2617 625 2670 praxim
663 2616 786 2657 etiam
822 2614 947 2667 utilis,
979 2626 1157 2670 sequens
1180 2617 1262 2656 est:
1299 2625 1450 2668 poenas
1474 2614 1511 2654 in
1536 2613 1682 2667 seipsis
1699 2624 1791 2654 con-

165 2685 319 2728 siderat
358 2683 520 2727 Titulus
557 2683 629 2737 lv,
665 2698 835 2740 nempe:
876 2684 932 2727 De
959 2697 1192 2741 poenarum
1240 2683 1421 2735 notione,
1466 2681 1690 2740 speciebus,
1724 2681 1787 2723 in-

169 2754 472 2811 terpretatione
519 2760 644 2811 atque
692 2754 992 2812 applicatione,
1026 2758 1165 2810 postea
1213 2765 1379 2797 causam
1429 2766 1571 2796 earum
1607 2753 1786 2795 activam

286 2910 296 2931 1
323 2907 469 2942 Matth.
495 2907 647 2952 XXIII,
675 2908 710 2948 8,
740 2907 773 2942 9.
803 2928 846 2932 --
873 2908 887 2929 ²
912 2907 951 2941 ΙΙ
977 2906 1025 2941 ad
1051 2905 1252 2940 Thimoth.
1282 2906 1348 2947 IV,
1376 2906 1411 2939 2.
