1950 3313
98 140 168 173 246
469 137 553 171 Lxss.
576 138 620 171 V.
643 158 654 163 -
674 138 784 173 PARS
801 138 874 172 111.
894 157 909 165 -
927 138 983 173 De
996 141 1133 183 poenis
1152 140 1194 172 in
1211 139 1351 173 delicta
1401 138 1494 174 Can.
1521 139 1727 176 2348-2349

100 259 251 302 tionem
288 262 501 315 propterea
527 258 635 315 quod
661 263 877 302 contractu
901 262 1060 302 constat
1082 260 1276 314 gratuito,
1302 257 1343 315 b)
1369 258 1424 301 ad
1446 272 1597 302 causas
1616 260 1727 318 pias,

100 342 247 386 nempe
281 327 493 383 religionis
529 328 589 372 vet
624 330 807 372 caritatis
831 328 869 386 c)
895 328 981 371 sive
1013 333 1109 371 actu
1142 328 1254 372 inter
1285 329 1498 387 vivos,qui
1536 330 1729 374 videlicet

100 403 137 442 in
176 402 255 442 vita
290 398 481 442 donantis
514 399 562 443 ad
598 400 789 443 effectum
825 399 1118 443 deducendum
1142 402 1206 453 sit,
1230 400 1315 442 sire
1339 401 1726 459 testamento,quod

99 483 177 513 non
214 469 335 521 valet,
370 471 446 513 nisi
492 472 796 513 interveniente
846 474 978 514 morte
1025 471 1324 529 testatoris,-d)
1357 471 1484 514 etiam
1515 484 1593 529 per
1624 471 1726 528 sidu-

98 540 221 594 eiam,
245 540 372 585 idest:
408 540 573 598 quando
608 540 794 584 fidelitati
829 542 1103 584 commissarii
1128 545 1188 584 est
1211 543 1423 585 exsecutio
1448 541 1606 596 relicta,
1630 545 1727 600 quin

97 615 213 654 actus
248 610 315 654 ille
350 610 471 667 legati
510 611 573 655 vel
608 612 840 656 donationis
873 611 1038 669 probari
1072 617 1210 670 queat,
1243 611 1386 655 saltem
1423 613 1558 670 quoad
1595 627 1729 670 perso-

98 694 190 724 nam
227 681 401 725 utilitate
434 681 671 726 huiusmodi
707 681 1004 739 potituram‚a)
1023 682 1251 726 obtinuerit
1270 696 1342 739 per
1368 686 1422 726 rei
1448 684 1726 727 detentionem

101 752 162 795 vel
200 752 347 795 melius
380 755 658 797 exsecutionis
692 755 1024 797 commissionem
1062 759 1100 796 el
1135 753 1175 811 b)
1200 753 1375 812 implere
1408 756 1519 798 iuxta
1555 754 1729 812 legantis

101 823 161 866 vel
197 823 388 867 donantis
424 823 677 868 voluntatem
712 823 916 881 neylz'yat,
942 826 1015 868 etsi
1049 824 1180 868 solum
1215 825 1444 868 differendo
1478 825 1725 882 notabiliter,

98 920 150 924 —
175 893 224 937 ab
262 893 495 938 Ordinario
519 908 667 952 nempe
692 895 785 949 loci,
809 900 848 938 et
870 897 901 938 si
926 899 1073 951 agatur
1097 911 1117 936 <‹
1141 895 1190 939 de
1215 895 1332 939 bouis
1356 896 1582 940 fiduciariis
1603 897 1726 941 alicui
1776 932 1781 935 .

96 965 290 1021 religioso
323 967 602 1009 commissis»
640 979 734 1009 cum
779 966 1043 1010 distinctione
1078 968 1115 1009 in
1149 965 1176 1024 ξ
1210 966 1249 1021 3,
1283 972 1389 1010 can.³
1422 967 1533 1009 1516
1583 970 1725 1024 posita,

102 1039 206 1078 «est
241 1035 316 1079 loci
351 1032 616 1088 ordinat-tus,
653 1035 716 1079 vel
750 1032 1000 1080 Ordiuarius
1032 1036 1217 1079 eiusdem
1254 1035 1434 1092 religiosi
1474 1040 1728 1093 proprius»,

95 1118 115 1149 a
151 1119 232 1164 quo
265 1108 323 1150 sic
357 1106 581 1161 declarate,
606 1107 733 1150 eliam
760 1120 840 1165 per
872 1121 1091 1150 censuram
1125 1106 1366 1164 quamlibet,
1390 1113 1593 1165 quatenus
1625 1122 1728 1165 opus

93 1180 157 1233 sit,
186 1177 247 1221 vel
286 1178 518 1221 mitioribus
553 1181 708 1234 poenis,
736 1177 792 1221 ad
824 1177 869 1221 id
903 1191 1051 1234 nempe
1086 1181 1296 1235 proprium
1334 1178 1507 1235 implere
1540 1178 1723 1223 debitum

96 1250 133 1290 iu
169 1262 326 1292 canone
360 1263 603 1305 expressum
640 1254 828 1307 θυραίαν.

216 1319 311 1363 190.
348 1321 409 1366 Ut
441 1322 807 1376 praestationes
838 1322 1039 1366 debitae
1071 1314 1343 1366 solvantur.
1378 1346 1429 1351 —
1465 1319 1650 1378 Denique
1686 1325 1727 1364 ut

96 1389 355 1433 indemnitati
390 1390 630 1433 consulatur
663 1403 823 1445 eorum,
855 1393 925 1449 qui
961 1390 1206 1434 utilitatibus
1249 1390 1432 1434 fidelium
1467 1405 1509 1434 se
1543 1392 1721 1434 devove-

95 1465 201 1511 runt,
235 1466 376 1504 contra
413 1466 632 1512 renuentes
667 1464 838 1505 iniustos
871 1462 993 1505 datur
1025 1476 1115 1506 can.
1139 1463 1279 1506 2349.
1319 1461 1576 1505 Reeusantes
1605 1475 1726 1520 prae-

93 1531 299 1574 stationes
333 1531 520 1589 leqvftt'rize
552 1531 713 1575 debitas
747 1533 1003 1590 proindeque
1037 1547 1086 1576 ex
1123 1534 1276 1576 iustitia
1323 1532 1513 1590 parochis
1546 1532 1602 1576 ad
1634 1546 1727 1576 nor-

93 1616 202 1645 nzanz
237 1616 325 1646 can.
363 1603 461 1656 463,
493 1603 521 1661 ἓ
557 1603 574 1646 1
614 1602 668 1647 ibi
708 1603 917 1660 explicati,
952 1608 991 1647 et
1029 1620 1046 1644 «
1074 1617 1145 1660 pro
1193 1606 1318 1647 variis
1361 1603 1522 1648 actibus
1566 1604 1725 1647 iurisdi-

93 1675 240 1716 ctionis
267 1673 524 1717 voluntariae
547 1674 608 1718 vel
631 1689 702 1731 pro
722 1678 988 1718 exsecutione
1014 1677 1308 1731 rescriptorum
1328 1675 1446 1719 Sedis
1463 1674 1725 1731 Apostolicae

96 1743 158 1787 vel
194 1747 410 1788 occasione
445 1747 758 1788 ministrationis
790 1746 1154 1789 Sacramentorum
1202 1745 1264 1789 vel
1304 1746 1721 1789 sacramentalium»

97 1815 159 1858 vel
200 1831 220 1856 ι(
244 1820 360 1859 taxas
395 1829 467 1872 pro
501 1816 662 1860 actibus
711 1815 1018 1860 iudicialibus»
1057 1817 1106 1859 ad
1143 1830 1329 1860 normam
1375 1830 1464 1859 can.
1500 1818 1634 1871 1507,
1667 1815 1722 1858 illi

92 1891 331 1930 recusantes
359 1886 562 1944 prudenti
595 1887 774 1930 arbitrio
803 1886 1030 1931 Ordinarn'
1067 1888 1142 1930 loci
1177 1901 1225 1931 ex
1261 1892 1456 1932 contextu
1488 1887 1725 1945 puniantur

94 1970 222 2014 poena
257 1958 576 2001 indeterminata
609 1958 679 2002 sed
716 1972 764 2002 ex
803 1963 1022 2015 praecepto
1057 1959 1166 2014 (cau.
1192 1958 1364 2016 ⁶2217‚§
1388 1959 1446 2013 1³,
1468 1959 1509 2000 ·t⁰
1534 1962 1573 2001 et
1597 1957 1724 2013 2223,

90 2028 118 2086 ἓ
152 2027 213 2085 3⁰)
248 2028 376 2071 donec
408 2028 711 2087 satisfecerint,
746 2034 868 2086 prout
903 2032 938 2072 iu
974 2031 1226 2072 couscientia
1261 2028 1511 2085 obligantur.

727 2214 960 2251 TITULUS
990 2214 1099 2251 XIV.

563 2300 628 2344 De
660 2301 844 2344 delictis
881 2304 1049 2345 eontra
1087 2303 1248 2355 vitam,

140 2373 421 2427 libertatem,
454 2373 806 2427 proprietatem,
841 2373 1005 2415 bonam
1035 2371 1210 2415 faniam
1242 2384 1294 2415 ac
1328 2372 1469 2416 bonos
1501 2384 1669 2417 mores,

135 2510 218 2546 CAN.
249 2509 352 2546 2350.
374 2532 389 2536 -
410 2515 430 2553 ξ
460 2510 487 2545 l.
516 2510 743 2546 Procul-antes
768 2511 867 2545 abor-

87 2563 172 2600 tum2
197 2563 305 2593 matre
333 2569 403 2593 non
428 2563 581 2603 excepta,
603 2558 801 2597 incurrunt,
821 2558 866 2593 et'-

88 2606 176 2640 fectu
194 2609 325 2645 secutu,
348 2606 381 2639 in
402 2606 796 2640 excommunicationem
818 2605 865 2640 la-

86 2657 140 2687 tae
158 2652 352 2688 sententiae
371 2651 560 2688 Ordinario
580 2657 811 2693 reservatam3
833 2657 866 2688 et

85 2700 111 2733 si
139 2699 210 2734 sint
236 2699 361 2740 clerici,
392 2704 565 2745 praeterea
590 2700 823 2745 deponantur.

133 2752 151 2788 ς’
178 2747 210 2780 ⁵2.
233 2745 299 2790 Qui
323 2747 355 2781 in
376 2747 506 2793 seipsos
527 2758 651 2782 manus
671 2747 864 2786 intulerint,

85 2793 112 2827 si
140 2794 281 2839 quidem
322 2805 413 2829 mors
450 2799 569 2829 secuta
595 2794 652 2834 sit,
682 2793 866 2839 supultura

83 2841 317 2876 ecclesiastica
345 2841 524 2887 priventur
541 2841 582 2875 ad
605 2852 764 2875 normam
783 2852 862 2875 can.

94 2886 194 2931 1240,
221 2892 239 2929 ξ
269 2887 297 2930 1,
326 2899 359 2922 n.
386 2887 427 2929 33
463 2899 575 2929 secuS,
603 2893 788 2923 arceantur
822 2887 865 2922 ab

938 2510 1074 2546 actibus
1102 2510 1265 2555 legitimis
1283 2510 1524 2546 ecclesiasticis
1543 2515 1587 2552 et,
1605 2510 1632 2545 si
1652 2510 1723 2545 sint

938 2557 1066 2597 clerici,
1096 2558 1357 2602 suspendantur
1375 2559 1416 2593 ad
1438 2563 1575 2604 tempus
1593 2558 1637 2593 ab
1657 2555 1722 2593 Or-

938 2604 1076 2639 dinario
1103 2604 1354 2643 definiendum.
1371 2610 1404 2640 et
1422 2616 1441 2640 a
1460 2605 1639 2640 beneficiis
1664 2609 1723 2640 aut

940 2651 1061 2687 officiis
1099 2662 1218 2686 curam
1257 2653 1457 2687 animarum
1503 2652 1632 2687 interni
1672 2651 1724 2686 vel

939 2698 1070 2734 externi
1097 2700 1157 2734 fori
1177 2700 1349 2734 adnexam
1379 2699 1590 2734 habentibus
1616 2709 1722 2734 remo-

941 2751 1096 2781 veantur.
1706 2783 1723 2792 ἢ,

987 2791 1070 2828 CAN.
1093 2791 1198 2827 2331.
1220 2813 1234 2819 -
1255 2797 1274 2835 ξ
1301 2793 1327 2827 l.
1348 2792 1490 2829 Servato
1511 2793 1722 2839 praescripto

940 2851 1017 2875 can.
1053 2839 1153 2880 12:240,
1183 2845 1202 2882 ξ
1235 2841 1262 2884 1,
1292 2852 1326 2875 n.
1358 2839 1390 2883 4,
1417 2840 1572 2876 duellum
1606 2850 1719 2885 perpe-

940 2891 1071 2922 trantes
1096 2892 1156 2922 aut
1182 2887 1388 2933 simpliciter
1409 2887 1450 2922 ad
1479 2887 1563 2922 illud
1603 2897 1724 2933 provo-
