1950 3313
142 173 187 207 74
605 171 690 204 Lm.
719 170 765 204 V.
795 190 806 194 -
834 170 944 204 PARS
969 169 1021 203 II.
1049 189 1062 195 -
1088 170 1145 205 De
1164 173 1302 215 poenis
1446 170 1539 206 Can.
1566 170 1767 206 2229-2230

142 294 397 336 coactionem
431 290 682 342 adstrictus,
716 294 786 332 aut
821 302 892 344 per
927 293 1080 332 metum
1116 289 1350 334 inductus...
1389 289 1429 332 ln
1454 290 1637 332 secundo
1670 301 1767 333 casu

146 364 236 406 licet
274 367 406 404 metus
439 364 623 403 attenuet
656 359 851 415 culpam,
886 362 981 416 quia
1016 364 1152 402 tamen
1188 373 1266 403 non
1301 373 1390 403 eam
1428 373 1596 416 prorsus
1628 359 1767 403 exclu-

144 433 216 482 dit,
250 445 342 475 cnm
381 445 452 487 pro
487 430 597 473 nnllo
633 434 742 472 metu
777 429 928 473 debeat
960 433 1052 487 quis
1084 430 1258 474 mortale
1293 436 1506 487 peccatum
1543 433 1770 485 incurrere,

143 504 587 546 excommunicationis
613 501 702 544 labe
736 501 948 545 credimus
981 503 1188 559 inquinari
1213 518 1252 542 ».
1277 501 1393 546 Hanc
1419 504 1618 545 rationem
1656 515 1769 545 reco-

145 576 301 630 gnoscit
341 572 518 615 xatnlam
570 572 794 627 legislator,
827 573 925 616 dum
960 575 1102 616 statuit
1143 574 1207 616 3.0
1242 572 1379 616 Metus
1426 576 1547 616 etiam
1583 573 1770 617 absolute

141 643 288 701 yrcrris
320 643 371 686 ob
407 646 538 686 minas
568 646 725 695 mortis,
759 644 796 686 si
839 643 1053 697 delictum,
1088 644 1137 687 ad
1173 644 1281 701 quod
1321 646 1379 687 sic
1412 646 1615 701 quispiam
1653 644 1770 687 indu-

144 717 263 768 citur,
301 719 442 771 reryat
476 715 515 770 a)
538 714 579 757 in
615 719 892 771 contemptum
926 713 1024 770 fidei
1051 728 1087 759 v,
1117 729 1177 771 gr.
1204 715 1303 758 dare
1336 728 1485 758 nomen
1519 720 1656 758 sectae
1679 727 1771 758 aca—

145 785 336 838 tholicae,
371 784 413 842 b)
448 790 521 827 aa!
555 784 865 827 ecclesiastieae
909 785 1182 828 auctoritatis
1219 799 1254 831 v,
1291 799 1351 842 gr.
1387 785 1612 829 efficaciter
1644 788 1771 841 impe-

144 856 233 898 dire
266 858 511 898 exercitium
549 856 845 899 iurisdictionis
880 856 953 898 fori
988 859 1163 910 externi,
1196 855 1236 913 c)
1272 855 1333 899 vel
1361 856 1405 899 in
1433 855 1647 914 publicum
1680 856 1770 899 (wti-

148 940 310 969 marum
342 925 541 969 (tantumn
578 940 613 969 v.
649 941 711 983 gr.
745 927 871 969 editio
907 926 1106 970 librorum
1132 940 1152 970 a
1177 927 1282 970 Sede
1316 926 1553 982 Apostolica
1588 929 1772 970 nomina-

147 999 216 1039 tim
270 997 587 1053 prohibitorum,
622 1003 718 1043 tunc
752 1012 775 1039 a
807 997 954 1055 poenis
1005 997 1256 1054 quibuslibet
1291 997 1406 1040 latae
1444 997 1678 1040 sententiae
1710 1011 1771 1041 so-

148 1067 360 1111 lummodo
395 1082 472 1111 nott
509 1068 657 1110 eoez'mit
690 1067 925 1110 huiusmodi
969 1088 982 1105 «
1011 1067 1196 1111 delicti»
1236 1081 1340 1111 reos.

264 1138 382 1182 Ratio
416 1141 453 1181 in
489 1138 778 1182 Decretalibns
820 1151 1012 1195 expressa
1049 1152 1126 1181 non
1163 1141 1298 1181 minus
1341 1144 1474 1195 urget,
1509 1139 1675 1196 quando
1709 1139 1774 1182 lex

149 1209 331 1266 poenalis
359 1225 378 1249 ((
403 1209 553 1253 habeat
580 1210 706 1252 verba
730 1225 751 1250 ))
781 1212 818 1252 in
845 1222 979 1266 praec.
1005 1209 1048 1262 ἕο
1073 1209 1300 1265 designata.
1329 1214 1614 1252 verumtamen
1646 1225 1666 1250 «
1691 1222 1775 1252 me—

149 1286 212 1323 tus
245 1283 429 1337 gravis»
467 1281 731 1337 supradictus
759 1283 987 1323 «eximit»
1025 1279 1076 1324 ab
1110 1280 1264 1323 eisdem
1301 1282 1455 1336 poenis.
1483 1306 1534 1310 —
1558 1280 1775 1323 Sufficiens

152 1350 313 1393 videtin·
349 1364 606 1407 responsum,
638 1353 733 1408 quia
780 1350 989 1407 legislator
1023 1364 1095 1407 per
1130 1350 1195 1394 illa
1236 1349 1360 1394 verba
1402 1352 1535 1393 innuit
1569 1352 1717 1406 respici
1752 1362 1773 1393 a

147 1433 191 1463 se
224 1420 422 1464 delictum
459 1434 536 1477 qua
589 1426 794 1477 patratum
843 1435 936 1464 cnm
989 1421 1105 1477 plena
1151 1420 1354 1474 libertate,
1393 1421 1494 1464 alias
1543 1420 1776 1478 relinquere

150 1491 257 1546 idem
295 1491 793 1547 puniendum‚Superiori
844 1492 1136 1547 delinquentis,
1172 1497 1450 1547 congruenter
1491 1491 1536 1549 §⁰
1575 1493 1776 1548 sequenti.

269 1561 442 1605 Demum
467 1565 562 1619 qnia
583 1564 825 1618 contingere
851 1567 997 1619 potest,
1023 1567 1062 1605 nt
1089 1562 1151 1605 lex
1188 1562 1372 1618 poenalis
1403 1561 1530 1605 solam
1557 1574 1774 1605 censuram

151 1633 254 1676 latae
287 1635 515 1676 sententiae
558 1633 704 1676 babeat
751 1633 949 1687 additam,
984 1638 1215 1690 opportune
1249 1645 1450 1676 canonem
1482 1633 1640 1689 perlicit
1674 1634 1699 1686 g
1731 1634 1776 1676 4.

155 1702 265 1746 Licet
300 1718 394 1746 reas
427 1707 485 1747 sic
519 1705 653 1748 dictus
686 1704 738 1748 ob
773 1709 976 1761 patratum
1011 1704 1208 1747 delictum
1244 1703 1433 1746 censuris
1467 1705 1633 1760 proprie
1657 1703 1779 1746 dictis

150 1775 265 1817 latae
297 1775 530 1818 sententiae
564 1775 641 1832 legi
678 1781 959 1832 transgressae
998 1776 1170 1818 adnexis
1204 1774 1259 1818 od
1291 1788 1482 1818 normam
1518 1774 1546 1832 ἓ
1576 1775 1608 1818 3
1642 1786 1777 1830 praec.

150 1851 208 1888 21⁰.
231 1849 251 1888 l
270 1860 349 1889 non
370 1851 564 1888 teneatur
589 1849 625 1889 in
650 1860 748 1890 casu
781 1847 1009 1889 secundnm
1037 1846 1145 1889 illius
1168 1858 1338 1889 normae
1368 1845 1710 1899 declarationem,
1735 1843 1780 1886 td

151 1922 287 1959 tamen
324 1931 402 1960 non
439 1917 624 1975 impedit,
649 1931 720 1961 seu
756 1931 833 1960 non
869 1917 1003 1960 obstat
1027 1917 1106 1960 tale
1143 1919 1461 1973 praescriptum,
1487 1915 1722 1973 quominus,
1741 1915 1779 1958 si

151 2000 218 2029 res
250 1986 364 2044 ferat
400 1990 509 2030 iuxta
557 1988 800 2044 prudentem
845 1990 1253 2031 circumstantiarum
1296 1987 1650 2043 ponderationem,
1685 1999 1777 2028 con-

149 2072 258 2115 yrua
293 2061 514 2101 commisso
547 2059 697 2101 delicto
733 2064 900 2114 propter
932 2072 1022 2101 can.
1057 2058 1169 2101 ‘2218
1192 2057 1220 2115 ξ
1248 2058 1260 2100 l
1301 2057 1391 2100 alia
1422 2070 1557 2113 poena
1594 2057 1778 2099 vindica-

154 2131 252 2179 tiva,
286 2132 358 2172 etsi
394 2142 414 2172 a
459 2129 549 2185 lege
592 2143 670 2171 non
705 2134 922 2181 statuatur,
958 2128 1018 2170 ret
1048 2128 1310 2185 poenitentia
1359 2126 1468 2184 affici
1512 2126 1563 2170 ab
1599 2126 1777 2181 homine,

154 2201 286 2244 idest:
322 2214 341 2243 a
379 2190 514 2243 indice
551 2200 613 2243 vel
649 2201 870 2256 Superiore
904 2204 1040 2256 queat.
1090 2203 1198 2242 llaec
1231 2201 1443 2242 concessio
1476 2197 1672 2253 specialis
1705 2204 1778 2251 est,

156 2271 326 2327 proinde
364 2274 508 2326 vigens
542 2275 704 2326 praeter
737 2269 859 2313 aliam
897 2274 1136 2326 potestatem
1164 2272 1202 2312 in
1227 2282 1317 2312 can.
1355 2269 1465 2311 2222
1499 2268 1527 2326 ξ
1555 2269 1589 2321 l,
1615 2267 1780 2324 quando

155 2342 255 2384 llaec
292 2344 328 2383 in
364 2354 459 2384 casn
495 2341 813 2397 applicationem
851 2354 927 2382 non
963 2344 1172 2383 sortiatur.

275 2413 340 2454 30.
378 2413 621 2464 Quantum
656 2414 826 2457 eximit
857 2416 999 2457 aetas
1032 2426 1062 2456 a
1095 2413 1268 2467 poenis
1312 2411 1523 2453 canonicis
1555 2408 1782 2451 subeundis

157 2497 228 2525 nos
261 2483 404 2525 edocet
438 2496 529 2525 erm.
551 2483 677 2525 2930
709 2484 767 2525 sic
801 2483 1043 2525 decernens.
1077 2479 1327 2538 Impuberes,
1355 2479 1570 2522 videlicet:
1601 2494 1620 2519 c(
1644 2481 1675 2521 si
1701 2490 1781 2521 ma·

155 2553 294 2596 sculns
329 2554 429 2596 infra
465 2553 671 2595 decimum
697 2557 906 2610 quartum,
931 2554 961 2594 si
987 2552 1136 2595 femina
1173 2552 1273 2593 intra
1307 2550 1602 2594 duodecimum
1628 2562 1780 2592 annum

155 2623 447 2678 completum»
490 2622 598 2679 (can.
634 2623 686 2666 83
721 2625 745 2676 g
779 2624 834 2677 22),
872 2629 1087 2679 postquam
1126 2624 1392 2677 «septimum
1437 2622 1583 2663 aetatis
1627 2632 1780 2662 annum

155 2694 429 2750 expleverunt
455 2709 494 2748 n,
518 2698 776 2735 eoecuscmtm·
811 2695 966 2735 ratione
999 2692 1126 2734 solius
1157 2693 1302 2734 aetatis
1326 2703 1373 2733 ac
1400 2693 1436 2732 vi
1463 2690 1584 2733 liuius
1613 2691 1783 2732 canonis

157 2780 180 2807 (ι
211 2764 358 2822 poenis
391 2769 472 2807 lain
503 2763 766 2807 vindicativis
798 2763 1144 2820 quibuscumque,
1179 2774 1302 2818 qnam
1335 2763 1533 2815 censuris,
1559 2759 1674 2803 lotae
1695 2772 1784 2801 sen·

159 2836 314 2877 tentiae
349 2835 620 2887 incurrendis,
645 2847 765 2876 secus
797 2846 845 2877 ac
870 2836 931 2876 ius
957 2832 1230 2876 Decretalium
1266 2831 1525 2887 supponebat
1549 2833 1585 2873 in
1611 2843 1702 2886 cap.
1728 2829 1781 2871 60

158 2909 215 2949 tit.
253 2905 425 2949 xxxtx
460 2905 543 2949 Lib.
573 2904 615 2959 V,
643 2904 690 2959 X,
714 2910 753 2947 et
785 2905 919 2962 quoad
956 2916 1107 2960 poenas
1141 2903 1333 2946 serendae
1366 2904 1593 2945 sententiae
1625 2905 1696 2944 aut
1728 2899 1779 2943 ab
