1950 3313
187 147 256 182 158

649 144 733 178 LIB.
759 143 805 177 V.
832 163 844 167 -
872 142 982 175 PARS
1007 141 1057 176 II.
1084 161 1096 166 -
1123 140 1180 175 De
1203 143 1338 185 poenis

187 270 299 308 retur
332 275 589 319 consequens
619 275 676 317 'ex
720 260 847 304 verbo
885 276 907 301 «
929 273 980 304 ne
1014 260 1225 310 habeat»,
1260 250 1315 302 nt
1337 258 1517 319 cadaver
1554 263 1812 312 amoveatur,

187 336 311 378 idest:
353 353 367 371 «
395 333 646 376 exbumetur
678 336 718 375 et
751 333 789 374 in
826 331 914 375 loco
950 332 1120 387 profano
1146 335 1369 388 reponatur
1391 346 1433 385 ›>‚
1455 331 1561 374 siout
1584 342 1673 373 ean.
1700 329 1813 372 1242

187 409 306 448 caxet
339 403 471 447 solum
506 403 557 446 de
595 403 848 446 «cadavere
881 404 1232 446 excommunicati
1271 402 1490 445 vitandi».

646 555 745 599 Aur.
779 555 843 600 111.
876 581 934 588 —
976 554 1031 599 De
1062 555 1345 613 suspensione.

237 672 319 709 CAN.
341 671 446 707 2278.
475 694 491 698 -
513 677 532 715 ξ
556 673 584 707 l.
607 672 797 719 Suspensio
816 678 868 708 est
885 684 965 708 cen-

189 732 269 756 sura
295 731 363 766 qna
389 720 535 755 clericus
561 720 671 755 officio
711 720 762 756 vel
798 720 966 756 beneficio

191 769 241 804 vel
270 772 415 812 utroque
444 767 657 813 prohibetur.

237 816 255 861 g
281 814 314 849 2.
344 814 456 849 Etiam
484 814 725 860 suspensionis
750 814 893 851 effectus
919 825 966 849 se·

192 862 306 909 parari
335 866 487 908 queunt;
514 862 585 903 sed,
604 862 671 896 nisi
699 861 794 897 aliud
821 865 967 904 constet,

191 911 227 944 in
253 909 468 955 suspensione
494 909 703 954 generaliter
729 909 798 944 lata
817 919 969 954 compre·

192 957 395 992 benduntur
420 967 542 992 omnes
567 956 709 992 effectus
726 956 784 1002 qui
805 957 842 991 in
869 967 970 991 cano-

192 1005 296 1039 nibus
316 1004 419 1038 buius
437 1003 574 1039 articuli
593 1008 866 1048 enumerantur3
888 1014 969 1038 eon-

192 1057 257 1092 tra,
289 1051 324 1085 in
351 1051 581 1097 suspensione
607 1051 646 1086 ab
673 1050 777 1097 officio
804 1051 856 1086 vel
883 1062 902 1085 a
922 1050 969 1085 be-

193 1098 307 1145 neficio
321 1109 443 1134 omnes
457 1103 594 1134 tantum
610 1098 751 1134 effectus
768 1098 970 1133 alterutrius

192 1145 335 1192 speciei.

241 1192 325 1229 CAN.
345 1191 449 1227 2279.
474 1214 490 1218 -
513 1197 532 1235 ἓ
553 1193 583 1227 1.
606 1192 796 1238 Suspensio
814 1192 853 1227 ab
868 1192 972 1239 officio

193 1240 408 1286 simpliciter,
440 1240 538 1275 nulla
575 1240 710 1275 adiecta
748 1240 970 1284 limitatione,

194 1292 285 1323 vetat
312 1298 451 1322 ornnem
479 1292 595 1322 actum
623 1292 696 1322 tum
726 1287 905 1333 potestatis
923 1298 971 1322 or-

196 1335 289 1370 dinis
307 1339 340 1369 et
359 1334 622 1375 iurisdictionis,
641 1340 714 1369 tum
733 1335 838 1370 etiam
859 1345 973 1370 merae

195 1381 513 1417 administrationis
539 1394 578 1417 ex
605 1382 715 1417 officio
733 1382 971 1427 competentis,

196 1434 337 1475 excepta
362 1429 668 1465 administratione
695 1429 865 1464 bonorum
904 1440 975 1475 pro·

199 1477 263 1523 prii
292 1476 464 1511 beneficii.

245 1527 263 1570 ξ
289 1524 324 1558 2.
354 1522 565 1570 Suspensi0:

274 1571 318 1605 Η)
343 1570 368 1605 Α
401 1570 633 1606 iurisdictione
659 1571 866 1616 generatim,
884 1575 975 1606 vetat

199 1629 340 1653 omnem
366 1624 481 1653 actum
512 1619 689 1663 potestatis
724 1618 976 1653 iurisdictionis

201 1677 260 1711 pro
286 1669 432 1711 utroque
458 1666 530 1701 foro
556 1671 627 1701 tam
655 1665 852 1701 ordinariae
870 1676 975 1711 quam

199 1713 395 1757 delegatae3

271 1760 323 1794 20
349 1761 373 1794 A
406 1759 543 1804 divinis,
576 1771 716 1795 omnem
744 1765 860 1795 actum
888 1764 978 1806 pote·

201 1807 300 1842 statis
326 1807 459 1842 ordinis
498 1818 602 1853 quam
638 1809 717 1853 quis
744 1808 816 1843 sive
844 1818 903 1852 per
929 1819 979 1842 sa-

200 1865 293 1889 cram
313 1854 570 1890 ordinationem
586 1855 657 1890 sive
681 1866 738 1901 per
758 1854 978 1900 privilegium

201 1901 354 1943 obtinet:

273 1948 325 1983 3.0
352 1948 402 1983 Ab
428 1949 610 1990 ordinibus,
630 1960 769 1984 omnem
789 1954 905 1984 actum
926 1959 980 1995 po-

203 1996 336 2030 testatis
362 1996 496 2030 ordinis
522 2001 679 2042 receptae
707 2007 765 2042 per
791 1997 978 2032 ordinatio-

203 2054 305 2083 nem;

275 2088 323 2124 4.0
341 2092 366 2123 A
384 2090 490 2124 sacris
504 2090 687 2130 ordinibus,
708 2101 848 2126 omnem
863 2095 978 2125 actum

206 2137 383 2189 potestatis
410 2137 542 2172 ordinis
568 2142 725 2183 receptae
757 2149 815 2183 per
841 2138 979 2173 ordina-

204 2189 335 2219 tionem
363 2185 397 2218 in
426 2184 554 2221 sacris:

276 2229 328 2265 5.0
354 2231 379 2266 A
412 2237 497 2267 certo
524 2238 553 2266 et
588 2231 722 2277 definito
748 2231 863 2266 ordine
889 2243 981 2266 exer-

205 2278 314 2318 cendo,
333 2289 473 2314 omnem
493 2283 608 2313 actum
628 2279 762 2313 ordinis
784 2278 978 2323 designati3

206 2336 396 2371 suspensus
438 2330 554 2361 autem
600 2326 801 2372 prohibetur
840 2326 982 2371 insuper

205 2372 355 2408 eundem
383 2372 539 2408 ordinem
567 2373 724 2408 conferre
761 2377 794 2408 et
831 2372 982 2418 superio-

206 2431 278 2455 rem
305 2419 458 2465 recipere
483 2425 729 2466 receptumque
750 2425 824 2466 post
842 2431 984 2466 suspen-

208 2477 343 2502 s10nem
370 2478 548 2511 exercere;

277 2514 329 2548 6.0
355 2513 380 2548 A
412 2520 497 2549 certo
524 2521 553 2549 et
580 2514 714 2560 delinito
740 2514 855 2549 ordine
873 2514 982 2560 confe-

208 2560 319 2603 rendo,
347 2561 463 2607 ipsum
503 2561 662 2597 ordinem
701 2561 871 2604 conferre,
913 2572 983 2597 non

208 2619 287 2644 vero
314 2608 514 2644 inferiorem
540 2619 605 2644 nec
631 2609 863 2654 superiorem;

279 2654 331 2690 ”LO
357 2658 384 2690 A
413 2663 499 2690 certo
518 2662 548 2691 et
565 2655 699 2701 definito
716 2655 913 2696 ministerio,
928 2666 981 2691 ex.

207 2713 275 2747 gr.‚
303 2702 468 2738 audiendi
496 2702 742 2743 confessiones
780 2703 832 2738 vel
865 2702 982 2749 officio,

209 2760 262 2784 ex.
291 2761 355 2794 gr„
383 2761 462 2785 cum
490 2761 573 2785 cura
601 2749 816 2791 animarum,
844 2761 983 2785 omnem

209 2801 325 2844 actum
352 2796 506 2832 eiusdem
528 2797 712 2832 ministerii
734 2798 785 2832 vel
812 2797 937 2839 officii;

281 2843 329 2878 8.0
367 2843 417 2879 Ab
455 2844 570 2879 ordine
609 2844 805 2890 pontificali,
844 2855 985 2880 omnem

209 2895 326 2926 actum
356 2892 534 2937 potestatis
559 2891 693 2926 ordinis
715 2891 939 2937 episcopalis;

1111 671 1160 707 9.Ο
1194 671 1221 706 Α
1255 671 1514 718 pontificalibus,
1541 671 1742 707 exercitium
1761 682 1817 706 ac-

1039 725 1139 755 tuum
1179 719 1446 765 pontfficabum,
1483 720 1526 755 ad
1565 729 1726 754 normam
1763 729 1817 754 ca-

1040 767 1143 803 nonis
1163 765 1241 807 337,
1268 770 1287 808 ἓ
1316 770 1349 801 2.

1087 813 1173 850 CAN.
1203 811 1307 848 9280.
1339 834 1355 838 -
1384 818 1403 856 ξ
1433 813 1463 847 l.
1493 812 1684 859 Suspensio
1715 825 1735 848 a
1768 812 1817 848 be—

1040 861 1155 908 neficio
1172 862 1283 907 privat
1301 861 1471 896 fructibus
1485 860 1660 901 beneficii,
1676 865 1819 906 excepta

1041 908 1257 944 habitatione
1294 908 1331 942 in
1369 908 1513 943 aedibus
1539 907 1816 949 beneficialibus

1043 967 1113 991 non
1151 959 1268 991 autem
1307 955 1381 990 iure
1417 955 1688 990 administrandi
1730 955 1820 990 bona

1043 1002 1274 1043 beneficialia‚
1292 1002 1358 1036 nisi
1379 1002 1555 1037 decretum
1577 1002 1626 1037 vel
1647 1002 1820 1037 sententia

1043 1049 1284 1096 suspensionis
1319 1050 1431 1095 ipsam
1461 1049 1735 1084 administrandi
1765 1060 1822 1095 po·-

1043 1102 1201 1134 testatem
1229 1108 1397 1143 suspenso
1435 1107 1594 1143 expresse
1631 1097 1763 1132 adimat
1789 1101 1823 1132 et

1044 1145 1102 1181 alii
1130 1145 1274 1179 tribuat.

1092 1196 1111 1235 ξ
1136 1192 1168 1227 2.
1197 1190 1246 1233 Si,
1276 1191 1437 1237 quamvis
1462 1202 1610 1227 censura
1627 1190 1750 1232 obstet,
1766 1190 1821 1226 be-

1044 1239 1245 1275 neficiarius
1266 1239 1397 1274 fruetus
1418 1238 1597 1284 percipiat,
1620 1239 1752 1273 fructus
1770 1249 1821 1273 re-

1045 1287 1188 1322 stituere
1214 1286 1315 1321 debet
1340 1291 1371 1321 et
1394 1286 1436 1321 ad
1456 1286 1547 1321 hanc
1565 1285 1820 1321 restitutionem

1046 1334 1117 1379 cogi
1148 1338 1257 1380 potest
1294 1333 1474 1368 canonicis
1508 1344 1653 1379 quoque,
1681 1333 1708 1367 si
1736 1343 1823 1378 opus

1047 1381 1102 1421 sit,
1133 1380 1384 1416 sanctionibus

1096 1427 1178 1464 CAN.
1212 1426 1318 1462 2281.
1358 1448 1374 1455 -
1411 1426 1587 1474 Suspensio
1616 1427 1825 1472 generaliter

1049 1477 1118 1511 lata
1145 1475 1196 1511 vel
1223 1476 1405 1521 suspensio
1431 1475 1470 1510 ab
1496 1474 1600 1521 officio
1633 1479 1693 1510 aut
1727 1485 1747 1508 a
1774 1473 1823 1508 be-

1046 1523 1162 1569 neficio
1176 1523 1285 1558 afficit
1301 1522 1417 1558 omnia
1437 1522 1552 1557 officia
1570 1527 1629 1557 aut
1645 1521 1824 1562 beneficia,

1049 1582 1137 1617 quac
1174 1570 1320 1605 clericus
1350 1569 1454 1605 babet
1480 1569 1516 1604 in
1543 1570 1688 1605 dioecesi
1716 1567 1825 1614 Supe-

1048 1618 1148 1653 rioris
1167 1617 1423 1663 suspendentis,
1442 1617 1510 1651 nisi
1529 1617 1624 1652 aliud
1643 1620 1821 1662 appareat.

1098 1665 1182 1700 Can.
1212 1664 1316 1699 2282.
1341 1686 1357 1690 -
1378 1664 1454 1699 Loci
1476 1663 1686 1700 Ordinarins
1704 1663 1827 1709 nequit

1049 1713 1214 1748 clericum
1242 1713 1453 1758 suspendere
1480 1723 1499 1746 a
1525 1711 1756 1747 determinato
1781 1709 1828 1745 of-

1051 1760 1129 1795 ficio
1155 1760 1206 1794 vel
1233 1759 1402 1795 beneficio
1420 1759 1511 1804 quod
1539 1759 1574 1793 in
1601 1759 1718 1794 aliena
1735 1758 1826 1793 dioe-

1022 1835 1025 1836 ν
1051 1807 1118 1843 cesi
1147 1807 1359 1853 reperiatur;
1380 1808 1438 1842 sed
1455 1806 1636 1852 suspensio
1651 1806 1740 1841 latae
1754 1815 1827 1840 seu-

1051 1854 1192 1895 tentiae,
1221 1854 1295 1890 iure
1321 1855 1499 1889 communi
1526 1854 1688 1898 irrogata.
1720 1852 1828 1888 afficit

1051 1901 1171 1938 omnia
1184 1901 1299 1937 officia
1314 1901 1366 1936 vel
1388 1901 1555 1936 beneficia
1568 1901 1604 1935 in
1619 1909 1828 1946 quacunque

1052 1949 1198 1985 dioecesi
1226 1949 1481 1995 possideantur.

1101 1995 1186 2032 em.
1215 1994 1320 2031 2283.
1360 2017 1376 2020 -
1405 1995 1503 2039 Quae
1528 1995 1570 2030 de
1595 1993 1829 2030 excommuni-

1053 2044 1188 2079 catione
1222 2055 1300 2079 can.
1337 2041 1429 2078 2265
1468 2047 1682 2086 statuuntur,
1722 2041 1827 2076 etiam

1054 2090 1275 2136 suspensioni
1303 2095 1385 2124 sunt
1415 2090 1636 2136 applicanda.

1101 2138 1186 2173 CAN.
1217 2136 1321 2172 2284.
1353 2157 1369 2164 -
1399 2136 1433 2173 Si
1462 2137 1601 2171 incursa
1631 2135 1732 2171 fuerit
1750 2145 1828 2170 cen-

1055 2196 1136 2220 sura
1161 2184 1405 2230 suspensionis
1438 2195 1527 2229 quae
1566 2188 1656 2218 xerat
1682 2182 1832 2218 admini-

1055 2233 1258 2267 strationem
1294 2231 1600 2266 Sacramcntorum
1639 2234 1671 2265 ct
1709 2228 1830 2264 Sacra-

1055 2279 1274 2320 mentalium⁷
1305 2283 1460 2314 servetur
1495 2278 1744 2324 praescriptum
1776 2286 1831 2311 ca—

1054 2326 1158 2361 nonis
1185 2324 1296 2366 2261;
1337 2326 1364 2360 si
1404 2336 1551 2361 censura
1588 2322 1831 2371 suspensionis

1056 2384 1143 2419 quae
1171 2373 1329 2419 probibet
1365 2378 1482 2408 actum
1518 2371 1767 2407 iurisdictionis
1795 2370 1830 2404 in

1058 2421 1128 2456 soro
1155 2431 1214 2455 seu
1242 2420 1381 2456 interno
1407 2431 1464 2455 seu
1492 2425 1644 2455 externo.
1667 2423 1764 2454 actus
1781 2422 1833 2453 est

1057 2467 1245 2509 invalidus,
1273 2478 1325 2502 ex.
1354 2478 1418 2512 gr„
1446 2467 1620 2502 absolutio
1638 2476 1832 2501 sacramen-

1055 2515 1146 2556 talis,
1172 2514 1200 2548 si
1229 2515 1297 2549 lata
1335 2515 1379 2549 sit
1418 2515 1593 2550 sententia
1620 2513 1831 2549 condemna-

1057 2562 1146 2597 toria
1172 2561 1224 2597 vel
1251 2561 1491 2604 declaratoria‚
1510 2566 1570 2597 aut
1596 2559 1760 2607 Superior
1777 2570 1832 2594 ex-

1057 2619 1174 2656 presse
1199 2609 1350 2644 declaret
1375 2619 1410 2643 se
1436 2609 1548 2655 ipsam
1583 2606 1835 2643 iurisdictionis

1058 2660 1260 2703 potestatem
1288 2667 1467 2700 revocare3
1496 2667 1595 2691 secus
1612 2660 1663 2690 est
1689 2653 1832 2689 illicitus

1057 2708 1207 2739 tantum.
1238 2703 1305 2737 nisi
1333 2714 1353 2738 a
1381 2703 1541 2738 fidelibus
1573 2703 1698 2749 petitus
1731 2700 1834 2735 fuerit

1057 2751 1100 2786 ad
1128 2761 1286 2785 normam
1315 2761 1419 2786 mem.
1449 2761 1527 2786 can.
1557 2749 1662 2791 2261,
1691 2752 1710 2791 ξ
1736 2747 1769 2782 2.

1105 2796 1189 2833 CAN.
1219 2796 1323 2831 2285.
1364 2819 1379 2822 -
1416 2801 1435 2839 ξ
1464 2797 1493 2832 l.
1528 2795 1563 2832 Si
1598 2795 1833 2832 communitas

1058 2855 1117 2880 seu
1136 2844 1319 2889 collegium
1339 2845 1542 2880 clericorum
1561 2843 1725 2879 delictum
1745 2852 1834 2877 com-

1059 2892 1204 2930 miserit.
1220 2892 1402 2938 suspensio
1419 2892 1496 2927 ferri
1517 2895 1625 2937 potest
1640 2890 1691 2926 vel
1710 2890 1746 2924 in
1765 2889 1833 2923 sin-
