1950 3313
144 147 210 181 168
651 145 736 179 LIB.
764 145 794 178 I.
824 165 836 171 -
863 145 1034 180 Normae
1054 147 1256 189 ,qenerales

142 266 318 321 praefata
355 267 577 321 potiantur,
609 264 645 321 c)
679 266 768 307 sive
802 264 936 307 locum
981 264 1096 307 illum
1129 265 1418 309 administrent
1451 265 1647 323 legitime,
1682 281 1765 311 non

140 335 247 378 lieet.
283 335 450 391 Propter
483 335 591 392 quod
630 334 801 378 verbum
836 334 887 377 de
920 336 1245 379 renunciationis
1285 336 1371 379 solo
1403 342 1497 381 actu
1530 338 1761 396 intelligen-

139 407 235 449 dum
270 411 330 449 est
364 408 678 462 praescriptum,
712 407 905 463 quamvis
939 405 1005 448 ille
1039 419 1118 449 non
1157 406 1303 461 valeat,
1336 412 1380 451 ut
1414 413 1537 464 patet,
1571 423 1665 453 cum
1701 413 1768 454 ius

138 491 187 520 ex
223 476 441 533 privilegio
475 489 553 519 non
588 478 638 519 sit
672 478 882 532 proprium
918 489 1076 519 earum.

254 547 289 590 A
321 560 442 590 sensu
476 549 697 595 contrario,
735 546 797 590 vel
836 549 933 603 quia
976 547 1161 591 exclusio
1197 551 1454 605 privatarum
1490 564 1760 607 personarum
1827 569 1831 574 ·
1894 543 1923 574 Ὗ

136 631 158 662 3
193 620 501 662 renunciatione
525 617 634 662 licita
661 618 872 661 videretur
896 618 1108 662 includere
1134 619 1312 663 validam
1339 620 1577 679 licitamque
1611 636 1758 666 renun-

136 691 353 733 ciationem
388 691 533 745 ipsam,
553 691 584 732 si
620 688 721 732 haec
754 701 776 732 a
809 692 1105 734 communitate
1138 690 1400 747 privilegiata
1425 693 1555 748 tieret,
1579 694 1765 750 quando-

136 772 229 802 nam
263 759 339 803 hoc
372 759 531 802 admitti
568 762 691 816 possit
724 759 1015 803 deducendum
1051 765 1111 804 est
1143 774 1193 804 ex
1226 763 1253 818 g
1286 761 1324 806 4.
1359 761 1443 807 Nec
1464 762 1549 820 ipsi
1581 777 1759 807 commu-

135 830 262 873 nitati
296 833 333 873 in
365 830 411 888 §⁰
431 842 566 886 praec.
601 829 850 882 declaratae,
883 831 952 873 sed
987 833 1149 875 statutis
1171 832 1429 876 coadunatae
1452 847 1499 877 eo
1527 834 1635 892 quod
1663 848 1756 878 con-

134 901 346 954 dividitur,
382 915 452 943 seu
486 901 634 954 coetui,
668 901 834 959 quando
858 902 993 945 forsan
1025 905 1187 946 statutis
1212 902 1276 946 vel
1301 903 1463 960 legibus
1486 904 1551 948 hic
1577 910 1758 961 regatur,

133 974 229 1029 quin
265 971 530 1016 habitualiter
565 972 749 1016 membra
792 975 1042 1016 conveniant
1086 976 1123 1016 in
1166 987 1306 1027 unum,
1340 974 1551 1032 inteyrum
1596 978 1657 1020 ius
1695 982 1761 1020 est

131 1043 379 1086 rementiare
411 1056 603 1100 expresse
640 1043 702 1087 vel
736 1046 873 1094 tacite,
907 1044 1041 1101 quoad
1076 1050 1296 1102 sequentes
1331 1058 1450 1090 casus
1472 1047 1513 1103 3)
1530 1047 1756 1105 prim'leyio

131 1113 210 1157 sibi
242 1113 340 1157 dato
373 1128 420 1157 eo
453 1114 562 1172 quod
598 1115 783 1157 favorem
821 1117 948 1171 ipsius
976 1117 1196 1171 contineat,
1222 1116 1292 1160 sed
1324 1130 1402 1175 per
1434 1117 1600 1161 modum
1632 1119 1755 1176 leqiS,

131 1198 278 1241 nempe
311 1184 531 1241 obligantis
562 1185 706 1228 saltem
743 1190 901 1229 ceteros
934 1185 1085 1243 quibus
1117 1186 1219 1230 hacc
1256 1187 1335 1231 lata
1369 1190 1433 1243 sit,
1472 1203 1507 1230 v.
1532 1203 1591 1245 gr.
1630 1191 1762 1246 privi-

130 1255 283 1312 legium
304 1258 471 1298 canonis
495 1269 566 1312 pro
589 1255 765 1310 clericis,
788 1256 852 1299 vel
877 1260 1216 1301 communitatem
1237 1263 1456 1302 coetumve
1475 1260 1610 1317 quoad
1631 1263 1757 1316 privi-

131 1327 225 1382 legii
260 1340 392 1381 usum7
431 1341 468 1368 v.
502 1341 562 1383 gr.
599 1327 864 1384 privilegium
899 1329 974 1371 fort
1010 1342 1082 1385 pro
1125 1334 1244 1372 coetu
1269 1329 1533 1385 clericorum,
1559 1330 1601 1388 b)
1627 1331 1688 1374 cel
1719 1331 1757 1374 si

132 1397 393 1440 renwzcialio
428 1397 633 1454 privilegii
668 1398 786 1442 aliter
825 1399 997 1442 «dati»
1039 1399 1158 1442 cedat
1196 1400 1237 1442 111
1261 1399 1478 1444 Ecclesiae
1509 1404 1598 1445 sive
1633 1405 1752 1458 parti-

129 1468 280 1512 cularis
321 1468 522 1512 dioecesis
555 1474 624 1512 aut
658 1470 905 1513 universalis
938 1469 1183 1527 aliorumve,
1203 1474 1396 1531 quamvis
1421 1472 1458 1514 111
1482 1475 1562 1516 sint
1595 1475 1760 1529 privata-

129 1552 150 1582 e
190 1551 386 1595 personae
423 1539 485 1582 vel
520 1542 758 1584 societatem
795 1542 1081 1597 imperfectam
1110 1545 1417 1598 constituentes,
1438 1543 1753 1601 praeiudiciwn

127 1609 339 1665 spirituale
385 1609 446 1653 vel
492 1611 732 1666 temporale,
781 1612 889 1668 quod
940 1625 988 1655 ex
1040 1615 1352 1656 renunciatione
1386 1617 1649 1670 persentiant.
1684 1615 1754 1659 Sic

127 1683 235 1724 enim
262 1680 410 1737 legitur
433 1683 470 1724 in
497 1694 584 1738 cap.
624 1698 643 1723 ‹<
668 1683 707 1725 Si
741 1682 928 1739 diligenti
954 1698 973 1724 ›>
1016 1683 1065 1726 12
1112 1699 1131 1724 (ε
1155 1684 1205 1726 de
1240 1685 1327 1727 foro
1360 1687 1608 1741 competenti
1635 1701 1654 1726 »
1684 1684 1753 1743 (ll,

127 1750 192 1807 ⁶2):
232 1766 252 1791 «
272 1750 417 1795 ...Cum
452 1765 531 1795 non
566 1755 615 1795 sit
652 1752 900 1796 beneficium
935 1753 1012 1797 hoc
1047 1754 1277 1810 personale,
1311 1757 1376 1798 cui
1411 1758 1650 1799 renuntiare
1686 1769 1758 1799 va·

127 1820 220 1872 1031,
242 1821 310 1864 sed
349 1824 481 1877 potius
514 1825 585 1865 toti
619 1822 800 1879 Collegio
834 1824 1115 1868 ecclesiastico
1150 1824 1313 1881 publice
1345 1827 1396 1868 sit
1429 1825 1649 1879 indultum,
1684 1829 1750 1870 cui

127 1893 381 1947 privatorum
417 1895 550 1948 pactio
583 1894 785 1950 derogare
819 1908 897 1937 non
933 1900 1062 1951 potest
1087 1911 1126 1936 1).
1153 1922 1206 1926 —
1234 1895 1526 1940 Verumtamen
1551 1899 1646 1954 quia
1677 1910 1748 1940 ex-

125 1963 259 2017 ceptio
293 1963 427 2005 tirmat
463 1963 646 2019 regulam
682 1966 719 2006 in
754 1967 1024 2019 contrarium,
1059 1965 1160 2009 11300
1203 1968 1261 2020 §¹¹⁵
1293 1966 1635 2023 exceptionaliter
1667 1971 1747 2010 sta-

124 2036 243 2075 tuens
286 2033 481 2089 implicite
524 2037 704 2077 continet
738 2036 828 2078 aliis
860 2038 898 2078 in
934 2036 1099 2080 casibus
1152 2039 1403 2093 «integrum
1446 2050 1535 2080 esse
1568 2050 1752 2081 commu-

125 2105 238 2145 nitati
273 2117 342 2146 seu
378 2107 511 2147 coetui
546 2108 783 2149 renuntiare
816 2106 1036 2163 privilegio
1071 2110 1109 2150 111
1147 2109 1207 2150 sui
1244 2112 1401 2150 tantun]
1437 2109 1620 2151 favorem
1655 2122 1751 2152 con-

122 2175 630 2227 81111110»,(111010100031
657 2190 828 2232 persona
865 2177 1031 2221 moralis
1063 2180 1127 2232 sit,
1163 2180 1233 2221 liat
1268 2181 1524 2222 renunciatio
1562 2179 1612 2222 ad
1657 2192 1755 2221 nor-

124 2256 233 2287 mam
275 2258 362 2288 can.
403 2246 476 2288 101
532 2255 574 2290 ut
623 2252 739 2290 actus
792 2263 811 2288 ((
838 2251 920 2290 vim
971 2251 1071 2292 iuris
1119 2249 1336 2304 11311031»;
1372 2252 1404 2293 si
1442 2263 1538 2292 vero
1573 2263 1745 2306 persona

123 2314 290 2358 moralis
323 2329 401 2358 non
435 2319 497 2371 sit,
535 2321 790 2361 renunciatio
819 2320 889 2362 1131
920 2320 969 2362 ad
1005 2332 1192 2363 normam
1229 2320 1402 2363 aliorum
1438 2325 1605 2364 actuum
1640 2334 1753 2364 com-

122 2388 332 2428 munitatis
358 2386 419 2429 vel
445 2393 597 2432 coetus
622 2387 846 2446 Memorata
870 2403 1035 2446 semper
1068 2390 1212 2447 regula
1248 2393 1348 2434 iuris
1373 2392 1425 2433 56
1451 2393 1489 2434 in
1516 2391 1558 2434 6⁰
1593 2393 1743 2447 princi-

121 2457 233 2511 pium
267 2456 472 2500 edicente:
513 2473 532 2498 «
559 2457 598 2500 111
634 2472 677 2501 re
711 2462 934 2515 communi,
961 2462 1093 2515 potior
1126 2465 1186 2504 est
1218 2461 1399 2504 conditio
1424 2461 1679 2518 prohibentis
1704 2477 1744 2505 >).

242 2525 335 2569 141.
371 2528 443 2571 An
476 2530 736 2585 privilegia
768 2535 962 2576 cessent
995 2546 1054 2577 eo
1088 2534 1221 2588 quod
1254 2534 1524 2596 auctoritas
1547 2547 1608 2578 ea
1632 2547 1747 2578 con-

118 2597 336 2642 cedentis
374 2600 607 2654 exspiret.
645 2598 747 2643 Cum
781 2613 869 2643 can.
897 2601 946 2643 61
977 2602 1217 2645 relationem
1243 2601 1366 2646 habet
1389 2616 1479 2646 can.
1505 2604 1581 2656 73,
1603 2603 1739 2646 eidem

119 2668 241 2721 capiti
278 2667 300 2709 ὃ
334 2667 385 2710 (10
420 2671 628 2725 rescriptis
661 2669 708 2726 (Ι,
744 2670 786 2727 3)
820 2685 1067 2728 congruens,
1103 2673 1260 2716 illudve
1283 2675 1341 2716 sic
1370 2673 1585 2730 amplians.
1621 2672 1747 2716 Reso-

118 2734 205 2778 lecto
239 2736 385 2793 (veluti
419 2739 551 2782 soluta
586 2740 783 2784 relatione
816 2742 1042 2785 accidentis
1075 2743 1124 2786 ad
1158 2743 1412 2800 subiectum)
1443 2744 1536 2786 iure
1567 2757 1639 2787 seu
1672 2757 1740 2787 au-

119 2810 307 2851 ctoritate
332 2823 529 2865 personae
553 2816 638 2854 tum
663 2811 858 2869 physicae
881 2818 967 2856 tum
1003 2814 1169 2857 moralis
1202 2814 1464 2858 concedentis
1486 2815 1735 2872 quandoque

118 2878 291 2933 favores,
323 2880 551 2937 privilessia
585 2895 633 2924 ex
671 2882 778 2925 illius
810 2886 1076 2927 concessione
1109 2885 1276 2928 obtenta
1300 2898 1382 2928 non
1410 2886 1746 2943 eoestinqumvtm'-
