1950 3313
189 144 254 177 1⁴26
696 139 780 173 Lm.
812 139 839 173 Ι.
871 158 882 164 ·

186 261 283 296 11111111
314 259 461 294 inhabili
490 258 531 293 ad
568 256 847 309 consequendam
886 267 962 301 gra—

185 309 268 343 tiam
312 307 353 341 de
399 317 467 351 qua
509 304 635 349 agitur.
678 305 830 348 itemque
871 303 963 338 edita

184 360 305 389 contra
331 353 479 389 alicuius
508 351 569 387 loci
599 351 788 395 legitimam
816 361 961 385 60115116-

185 401 340 436 tudinem
382 399 432 434 tel
474 403 640 434 statutum
682 397 864 449 peculiare,
910 397 959 432 161

184 453 305 484 contra
331 447 384 481 ius
411 446 508 481 alteri
538 446 604 480 iam
641 444 847 490 quaesitum,
887 455 957 479 non

185 497 411 533 sustinentur,
442 493 505 527 uisi
546 503 707 538 expressa
745 491 960 535 derogatoria

183 541 337 577 clausula
367 540 531 585 rescripto
557 543 767 584 apponatur

231 589 313 624 (ΑΝ.
342 586 383 621 47
415 607 430 613 -
461 587 637 631 Rescripta
663 596 732 621 non
756 585 844 619 fiunt
863 585 960 619 irrita

183 636 226 671 ob
254 646 403 671 errorem
449 634 484 668 in
514 634 655 668 nomine
695 643 862 678 personae
905 633 957 666 6111

185 683 233 717 xel
261 694 280 718 a
307 693 372 727 qua
401 681 649 720 conceduntur
675 684 734 714 aut
755 679 815 714 loci
837 690 872 713 111
893 690 960 725 (1110

186 731 259 776 ipsa
287 734 452 770 moratur,
479 733 537 763 aut
564 728 610 762 rei
655 727 696 761 de
724 737 791 771 qua
833 726 960 778 agitur,

184 776 387 812 dummodo.
419 775 545 810 iudicio
573 774 765 813 Ordinarii,
793 773 891 808 nulla
917 773 960 807 sit

184 825 226 859 de
244 824 326 879 ipsa
359 833 504 868 persona
531 822 581 856 xel
609 832 644 856 re
671 821 854 855 dubitatio.

231 869 313 906 CAN.
345 868 388 904 48
418 891 433 894 -
465 873 483 910 ξ
515 869 541 903 l.
569 867 602 903 Si
631 869 811 913 contingat
845 872 880 902 ut
918 868 960 902 de

185 929 254 953 una
279 918 469 969 eademque
511 927 545 951 re
585 916 651 950 duo
679 915 843 960 rescripti
871 915 960 950 inter

183 976 218 1000 se
245 964 418 999 contraria
446 964 688 1008 impetrentur.
712 962 894 1008 peculiare,
923 962 958 996 in

185 1013 226 1046 iis
246 1023 333 1057 quae
353 1011 570 1057 peculiariter
588 1010 842 1055 exprimuntur,
864 1020 961 1055 prae-

186 1059 273 1094 valet
298 1058 464 1103 generali.

233 1105 310 1148 §2
350 1104 383 1139 Si
428 1105 499 1138 sint
537 1115 644 1149 aeque
688 1103 875 1149 peculiaria
901 1108 960 1138 aut

185 1153 373 1198 generalia,
401 1153 495 1198 prius
523 1157 674 1197 tempore
705 1151 877 1196 praevalet
905 1162 960 1197 po-

186 1199 333 1237 steriori.
362 1199 428 1233 nisi
476 1199 509 1233 in
549 1199 656 1233 altero
699 1199 757 1233 liat
800 1209 960 1243 expressa

186 1247 315 1282 mentio
341 1247 383 1281 de
410 1246 533 1292 priore,
551 1251 610 1280 aut
636 1246 703 1280 nisi
733 1245 825 1291 prior
853 1246 960 1291 impe-

185 1299 291 1329 trator
316 1294 393 1328 dolo
419 1293 469 1328 vel
499 1293 640 1328 notabili
661 1293 875 1337 negligentia
900 1303 961 1327 suo

186 1341 350 1386 rescripto
379 1352 459 1375 usus
487 1351 555 1374 non
585 1341 698 1375 fuerit.

233 1392 251 1430 ξ
279 1388 310 1423 3.
341 1387 439 1431 Quod
462 1388 487 1421 si
510 1388 630 1422 eodem
652 1388 707 1422 die
729 1387 857 1422 fuerint
883 1398 961 1421 con-

186 1446 282 1471 cessa
310 1446 372 1470 uec
414 1435 540 1480 liqueat
568 1441 640 1469 uter
670 1435 760 1480 prior
804 1435 963 1480 impetra-

188 1483 283 1522 verit,
312 1487 498 1527 utrumque
530 1483 664 1516 irritum
693 1487 756 1520 est.
783 1486 826 1521 et,
854 1482 879 1515 si
909 1492 962 1515 res

188 1530 285 1569 ferat,
307 1541 425 1564 rursus
443 1530 483 1564 ad
504 1540 581 1564 eum
599 1529 655 1574 (1111
673 1529 840 1573 rescripta,
858 1528 961 1568 dedit,

188 1582 240 1612 est
268 1577 527 1611 recurrendum.

236 1623 318 1659 CAN.
361 1622 403 1657 49
453 1645 468 1648 -
511 1623 688 1668 Rescripta
736 1623 964 1667 intelligenda

188 1676 270 1706 sunt
296 1671 486 1705 secundum
516 1671 688 1717 propriam
710 1670 892 1705 verborum
919 1670 963 1704 si-

188 1718 445 1763 gnificationem
482 1723 513 1753 et
543 1729 764 1753 communem
799 1717 962 1763 loquendi

189 1776 301 1803 usum.
322 1776 382 1799 nec
401 1765 526 1799 delient
545 1765 588 1800 ad
609 1776 709 1800 casus
726 1765 812 1800 alios
832 1769 966 1810 praeter

189 1823 365 1857 expressos
392 1812 540 1847 extendi.

237 1859 319 1894 CAN.
350 1858 406 1893 50.
441 1879 453 1883 -
487 1858 522 1893 ln
543 1859 663 1900 dubio,
693 1859 858 1904 rescripta
877 1869 965 1904 quae

188 1906 230 1941 ad
260 1906 336 1941 lites
363 1907 574 1949 reseruntur,
606 1907 655 1941 iel
673 1906 748 1941 iura
765 1906 965 1951 (1111511006-

190 1953 257 1988 sita
285 1953 438 1993 laedunt,
471 1953 520 1988 vel
559 1953 789 1989 adversantur
823 1953 887 1998 legi
928 1953 963 1987 in

189 2001 409 2036 commodum
456 2001 678 2046 privatorum,
721 2001 772 2035 vel
814 2000 966 2046 denique

190 2048 372 2093 impetrata
402 2048 542 2082 suerunt
579 2048 620 2082 ad
662 2047 821 2082 beneficii
861 2047 967 2083 eccle-

193 2095 321 2129 siastici
338 2095 602 2130 assecutionem.
626 2095 779 2130 strictam
797 2095 964 2140 interpre-

193 2144 358 2177 tationem
374 2142 566 2187 recipiuntg
583 2147 695 2177 cetera
709 2142 828 2177 omnia
848 2142 965 2177 latam.

239 2187 321 2223 CAN.
355 2187 409 2223 51.
439 2209 454 2213 —
484 2188 701 2234 Rescriptum
740 2189 838 2224 sedis
876 2190 964 2235 Apo-

192 2235 332 2270 stolicae
361 2236 392 2269 111
422 2247 489 2281 (1110
516 2236 634 2271 nullus
653 2236 755 2271 datur
774 2241 963 2275 exsecutor.

192 2288 276 2317 tunc
318 2287 455 2317 tantum
496 2283 596 2318 (lebet
636 2281 823 2318 Ordinario
863 2284 966 2329 impe-

192 2329 319 2364 trantis
347 2330 571 2375 praesentari,
600 2341 676 2364 cum
706 2330 738 2365 id
768 2331 801 2364 in
834 2331 963 2365 eisdem

193 2376 316 2411 litteris
337 2377 556 2422 praecipitur,
582 2382 642 2411 aut
661 2377 705 2412 de
724 2377 827 2412 rebus
853 2378 967 2422 agitur

194 2423 353 2469 publicis,
389 2428 448 2458 aut
486 2424 710 2469 comprobare
751 2425 967 2460 conditiones

191 2470 359 2515 quasdam
387 2475 531 2515 oportet.

240 2516 310 2551 CAN
353 2516 407 2551 52.
438 2538 452 2542 —
485 2517 674 2562 Rescripta,
705 2529 851 2562 quorum
874 2529 965 2564 prae

192 2564 379 2599 sentationi
409 2564 545 2599 nullum
573 2569 623 2599 est
657 2564 841 2599 definitum
882 2570 966 2600 16111-

195 2622 269 2656 11115,
293 2616 437 2655 possunt
460 2611 650 2646 exsecutori
671 2612 825 2646 exhiberi
846 2612 967 2656 quovis

193 2663 354 2703 tempore,
387 2658 486 2693 modo
511 2658 600 2693 absit
631 2659 723 2693 fraus
749 2664 780 2693 et
807 2659 918 2693 dolus.

239 2705 323 2740 CAN.
355 2703 410 2739 2¹53.
442 2726 459 2730 -
490 2705 653 2750 Rescripti
674 2710 853 2740 exsecutor
871 2706 965 2739 inva-

194 2752 260 2785 lide
296 2763 441 2787 munere
472 2764 535 2787 suo
567 2752 735 2797 fungitur,
776 2757 964 2797 antequam

195 2798 325 2833 litteras
361 2799 525 2845 receperit
564 2810 753 2845 earumque
790 2799 964 2834 authenti-

194 2845 332 2880 citatem
372 2851 405 2880 et
444 2846 676 2890 integritatem
717 2847 965 2891 recognoverit,

195 2892 261 2926 nisi
291 2893 424 2937 praevia
452 2893 639 2928 earundem
670 2893 791 2928 notitia
816 2893 857 2928 ad
885 2904 962 2928 eum

908 139 1079 172 Normae
1100 138 1298 182 ρεπεν-0163

1041 254 1144 289 fuerit
1186 255 1390 291 auctoritate
1430 255 1654 291 rescribentis
1687 261 1806 292 trans-

1037 302 1156 336 missa.

1084 348 1169 384 CAN.
1196 346 1253 383 54.
1274 370 1290 374 -
1312 353 1330 391 ξ
1359 348 1389 384 1.
1420 348 1454 384 Si
1476 350 1510 384 in
1531 350 1697 402 rescripto
1714 361 1805 385 eom—

1036 395 1195 430 mittatur
1225 406 1358 430 merum
1390 397 1619 432 exsecutionis
1650 397 1806 432 ministe-

1034 443 1138 481 1111111
1164 443 1337 478 exsecutio
1361 444 1518 489 rescripti
1545 444 1707 489 denegari
1734 455 1806 479 non

1036 494 1156 534 potest,
1187 490 1252 523 nisi
1292 495 1353 525 aut
1391 491 1577 526 manifeste
1605 496 1716 537 pateat
1755 501 1806 526 re-

1033 537 1201 581 scriptum
1229 537 1312 572 vitio
1349 537 1585 583 subreptionis
1603 543 1663 573 aut
1688 538 1807 583 obrep-

1034 584 1138 618 tionis
1174 583 1309 619 uullum
1345 595 1430 626 esse,
1468 590 1528 620 aut
1567 585 1601 619 in
1641 585 1807 631 rescripto

1032 636 1256 676 apponantur
1289 632 1507 667 conditiones
1545 643 1630 677 quas
1668 643 1806 668 exsecu-

1035 679 1094 713 tori
1123 683 1256 713 constet
1281 689 1351 713 non
1378 690 1451 715 esse
1470 679 1640 725 impletas,
1669 684 1728 715 aut
1746 679 1803 725 qui

1032 726 1239 771 rescriptum
1292 726 1491 772 impetravit
1535 727 1632 767 adeo,
1680 727 1808 762 iudicio

1032 772 1252 812 exsecutoris,
1280 773 1437 809 videatur
1463 773 1629 819 indignus
1661 779 1698 809 ut
1723 774 1806 809 alio-

1033 831 1109 854 rum
1138 819 1319 854 offensioni
1351 821 1466 856 lutura
1492 821 1536 855 sit
1573 821 1705 866 gratiae
1729 832 1806 856 con·

1033 866 1160 910 cessi0;
1190 868 1280 912 quod
1308 868 1473 903 ultimum
1493 868 1520 902 si
1539 868 1686 907 accidat.
1713 879 1806 904 exse—

1033 918 1140 954 cutor,
1178 913 1379 950 intermissa
1417 915 1648 957 exsecutione,
1689 916 1806 950 statim

1034 972 1071 996 ea
1081 961 1140 1049 §de
1164 972 1200 996 re
1225 962 1403 997 certiorem
1425 962 1527 997 faciat
1544 962 1806 998 rescribentem

1127 1007 1160 1043 Q.
1190 1007 1289 1052 Quod
1317 1009 1345 1043 si
1374 1009 1408 1044 in
1437 1009 1602 1056 rescripto
1633 1010 1810 1045 concessio

1033 1055 1165 1099 gratiae
1191 1056 1379 1091 exsecutori
1408 1057 1659 1101 committatur,
1698 1057 1810 1103 ipsius

1033 1106 1083 1137 est
1112 1114 1171 1148 1110
1197 1114 1258 1137 5110
1295 1104 1454 1148 prudenti
1482 1103 1625 1139 arbitrio
1659 1109 1691 1139 et
1729 1115 1808 1139 con-

1034 1149 1180 1185 scientia
1227 1151 1375 1195 gratiam
1426 1152 1612 1186 concedere
1654 1151 1705 1187 vel
1750 1151 1810 1187 de-

1035 1208 1172 1240 negare.

1081 1245 1164 1279 11111.
1191 1242 1235 1278 55
1256 1265 1272 1269 —
1294 1244 1477 1280 Exsecutor
1502 1245 1683 1298 procedere
1708 1245 1809 1281 debet

1033 1291 1075 1325 ad
1105 1292 1260 1326 mandati
1288 1303 1462 1331 normam,
1491 1298 1523 1328 et
1550 1293 1616 1326 nisi
1644 1293 1813 1328 conditio·

1037 1349 1096 1373 nes
1122 1339 1324 1375 essentiales
1350 1340 1383 1373 in
1408 1339 1528 1374 litteris
1555 1339 1731 1386 appositas
1750 1340 1812 1374 im

1037 1385 1179 1431 plexerit
1213 1397 1252 1421 ac
1291 1386 1560 1422 substantialem
1603 1387 1808 1440 procedendi

1037 1434 1181 1468 tormam
1210 1434 1405 1470 servaverit
1434 1434 1531 1469 irrita
1555 1439 1606 1469 est
1627 1435 1809 1470 exsecutio.

1083 1481 1168 1516 CAN.
1212 1478 1265 1514 06.
1297 1502 1313 1506 -
1342 1480 1521 1516 Exsecutio
1563 1481 1808 1534 rescriptorum

1036 1538 1125 1573 quae
1141 1528 1249 1563 lorum
1265 1532 1446 1563 externum
1462 1528 1666 1574 respiciunt,
1683 1529 1814 1575 scripto

1039 1574 1196 1610 iacienda
1222 1579 1285 1611 est.

1086 1622 1168 1657 CAN
1199 1621 1255 1657 57
1288 1644 1303 1647 -
1333 1627 1352 1664 ξ
1384 1622 1411 1656 l.
1442 1622 1697 1668 Rescriptorum
1720 1633 1812 1658 exse·

1037 1677 1134 1704 611101
1169 1674 1277 1715 1101651
1306 1670 1414 1704 alium
1455 1680 1514 1715 pro
1548 1680 1609 1705 suo
1649 1670 1807 1715 prudenti

1037 1717 1182 1752 arbitrio
1200 1717 1263 1752 sibi
1284 1716 1507 1761 substituere,
1527 1716 1594 1751 nisi
1611 1716 1814 1752 substitutio

1040 1764 1210 1810 prohibita
1242 1764 1356 1804 fuerit,
1380 1769 1440 1799 aut
1467 1763 1644 1799 substituti
1667 1775 1810 1810 persona

1039 1811 1234 1857 praefinita.

1085 1862 1104 1900 ἓ
1132 1857 1163 1892 ’2.
1191 1858 1224 1894 Si
1253 1863 1370 1893 tamen
1392 1858 1493 1893 fuerit
1509 1857 1617 1893 electa
1637 1857 1812 1893 industria

1040 1917 1219 1951 personae,
1265 1905 1452 1941 exsecutori
1493 1916 1561 1940 non
1599 1905 1677 1940 licet
1712 1904 1810 1940 alteri

1038 1953 1254 1988 committere
1281 1952 1348 1987 nisi
1376 1957 1473 1987 actus
1500 1952 1762 1998 preparatorios.

1087 1998 1171 2035 CAN.
1202 1998 1256 2034 08.
1287 2021 1303 2025 -
1334 1999 1510 2045 Rescripta
1544 1999 1719 2045 quaelibet
1756 2009 1815 2034 ex-

1038 2047 1206 2082 secutioni
1244 2047 1402 2082 mandari
1445 2051 1587 2092 possunt
1626 2047 1730 2082 etiam
1768 2046 1814 2081 ab

1039 2094 1248 2130 exsecutoris
1273 2104 1468 2130 successore
1494 2094 1528 2128 in
1564 2093 1734 2138 dignitate
1761 2093 1815 2128 vek

1038 2142 1160 2181 officio,
1186 2142 1252 2176 nisi
1283 2141 1384 2177 fuerit
1409 2141 1517 2176 electa
1544 2140 1715 2175 industria
1744 2151 1812 2186 per-

1040 2200 1158 2224 sonae.

1088 2236 1173 2271 (AN
1205 2234 1260 2270 09.
1290 2256 1306 2260 -
1337 2239 1356 2277 ξ
1386 2235 1415 2269 l.
1449 2234 1642 2270 Exsecutori
1671 2234 1722 2269 fas
1748 2239 1809 2269 est

1042 2284 1068 2318 si
1098 2293 1237 2329 quoquo
1264 2283 1366 2318 modo
1392 2283 1428 2316 in
1456 2282 1701 2327 rescriptorum
1720 2291 1815 2316 exse-

1041 2330 1181 2366 cutione
1206 2330 1386 2365 erraverit.
1416 2329 1540 2365 iterum
1568 2329 1687 2364 eadem
1720 2339 1815 2363 exse-

1040 2377 1170 2413 cutioni
1201 2377 1378 2412 mandare.

1088 2429 1107 2467 §
1134 2424 1166 2458 ’.2.
1197 2424 1294 2468 Quod
1323 2423 1448 2459 attinet
1473 2423 1516 2458 ad
1542 2427 1639 2458 taxas
1679 2433 1738 2468 pro
1763 2432 1816 2457 re·

1041 2452 1249 2524 scriptorum
1277 2470 1508 2509 exsecutione
1538 2474 1693 2505 servetur
1721 2480 1814 2514 prae-

1041 2519 1208 2564 scriptum
1237 2529 1315 2553 can
1346 2516 1449 2553 1:107
1478 2521 1497 2559 ξ
1528 2517 1555 2551 l.

1089 2564 1185 2601 CAN.
1215 2564 1259 2600 60
1300 2586 1316 2590 -
1357 2569 1376 2607 S
1420 2565 1448 2598 l.
1490 2563 1715 2609 Rescriptum,
1758 2573 1820 2608 per

1043 2613 1249 2658 peculiarem
1266 2611 1462 2658 Superioris
1476 2616 1590 2646 actum
1607 2615 1819 2650 rexocatum,

1044 2660 1205 2704 perdurat
1232 2670 1340 2704 usque
1365 2659 1446 2693 dum
1476 2657 1645 2693 revocatio
1670 2657 1714 2701 ei,
1754 2657 1811 2702 qui

1041 2707 1125 2742 illud
1154 2706 1319 2747 obtinuit,
1347 2705 1575 2750 significetur.

1089 2757 1108 2795 ξ
1146 2755 1178 2787 2.
1222 2753 1283 2788 Per
1323 2753 1431 2798 legem
1471 2751 1680 2787 contrariam
1717 2750 1814 2785 nulla

1041 2800 1207 2846 rescripta
1232 2804 1449 2840 revocantur,
1478 2799 1544 2833 11151
1572 2797 1693 2833 aliud
1686 2809 1719 2832 m
1741 2797 1815 2842 ipsa

1043 2846 1114 2898 lege
1141 2852 1312 2886 caveatur.
1339 2851 1399 2882 aut
1425 2827 1475 2881 leri
1501 2846 1570 2880 lata
1595 2845 1639 2879 511
1664 2856 1685 2880 a
1710 2844 1817 2890 Supe

1042 2905 1129 2945 riore
1156 2894 1264 2940 ipsius
1291 2893 1525 2929 rescribentis.
