1950 3313
111 143 205 179 Can.
231 143 341 178 2401-
343 142 437 178 2403
486 142 569 176 ΤιΤ.
596 142 743 176 XVIII
773 144 868 207 -De
893 145 965 209 (let.
990 147 1030 178 ι’7ι
1056 145 1141 179 cult.
1165 146 1246 178 tun
1268 156 1298 179 e‹
1299 145 1353 178 ὐί.
1665 145 1735 178 313

111 263 217 320 ficio,
250 262 459 319 beneficio,
490 260 713 318 (inquitate,
750 265 786 304 iu
821 276 941 306 seusu
983 266 1262 319 inscriptionis
1300 263 1435 314 Tituli,
1470 265 1512 318 a)
1560 278 1638 305 non
1674 263 1742 306 ob-

110 340 249 376 stante
283 333 472 391 leyitima
507 334 530 375 i.
565 345 600 375 e.
637 334 748 375 iuxta
783 348 836 376 ss.
872 347 1050 376 canones
1089 334 1254 377 decreta
1291 334 1531 391 privatione
1575 339 1742 391 propter

111 404 322 459 delictum,
358 403 419 446 ret
440 402 672 446 remotione
695 406 860 446 torsitan
888 404 1207 460 inculpabiliter,
1234 404 1274 461 b)
1296 405 1499 462 persistat
1525 418 1743 447 remanens

112 478 150 518 in
187 477 458 532 possessione,
492 479 566 516 ant
599 488 650 516 ne
681 488 729 516 en
763 474 964 518 (limium.
1001 475 1077 518 hoc
1111 478 1219 517 enim
1266 477 1345 518 tine
1384 475 1527 518 saltem
1575 488 1740 531 praesu-

116 545 279 599 mendo,
313 545 354 601 c)
388 557 527 587 moras
560 542 782 599 illeqitime
814 557 834 587 a
871 547 958 587 iure
993 558 1070 586 nou
1108 547 1328 600 permissas
1364 544 1424 587 vel
1460 549 1599 586 contra
1633 544 1743 596 leges

116 621 266 670 nectat,
281 615 461 659 scilicet:
487 613 597 657 velut
609 614 774 657 addens
799 628 919 657 uuam
940 614 1071 661 alteri:
1093 614 1291 657 alterutro
1313 617 1348 656 iu
1370 627 1464 657 casu
1488 620 1603 670 prout
1625 620 1742 657 aulea

115 687 403 737 determinate,
439 698 502 738 ea,
535 684 715 728 scilicet:
751 684 948 737 ollicium,
984 684 1246 740 beneticium,
1281 685 1538 741 dignitatem,
1562 688 1746 742 a)pr‹1e-

118 756 245 799 missa
277 755 519 806 monitione,
555 754 597 812 b)
631 754 824 798 deserere
858 755 983 798 libera
1019 769 1088 798 seu
1128 758 1314 799 vacantia
1350 756 1399 797 de
1434 757 1537 798 licto
1571 762 1746 812 eoqatm

116 827 156 884 c)
187 840 265 885 per
296 825 610 884 suspensionem
644 840 667 868 α
701 825 857 868 (lirinis
893 826 1000 883 (cau.
1039 826 1223 879 Ξὲῖέ),ξ
1201 828 1223 856 ’
1246 831 1270 853 '
1310 825 1744 883 2⁰,atzaffis1epoeuns

115 897 392 956 depositione,
426 897 465 940 si
501 910 569 939 res
610 896 739 955 ferat,
779 896 958 940 scilicet:
1004 897 1234 940 secundum
1275 899 1621 948 circumstiutias
1666 911 1743 937 non

117 968 300 1012 esclusa.
335 969 435 1012 Sunt
472 981 627 1025 poenae
661 968 854 1011 terendae
886 970 1114 1011 sententiae
1146 967 1216 1010 sed
1253 967 1593 1010 indeterminatae
1612 967 1746 1023 quoad

117 1042 360 1084 electionem
400 1042 506 1082 inter
539 1042 646 1095 ipsas
680 1039 789 1096 (can.
824 1039 952 1093 2217,
987 1041 1011 1092 g
1049 1039 1082 1093 l,
1121 1038 1162 1081 10
1198 1038 1274 1095 2⁰).

237 1111 336 1154 247.
375 1112 561 1157 Contra
595 1111 880 1156 Praelatum
918 1111 1250 1166 negligentem
1289 1110 1509 1165 recipere
1551 1110 1748 1153 benedi-

120 1185 345 1230 ctionem.
382 1208 435 1212 —
475 1180 575 1224 Can
609 1182 748 1224 9402.
784 1179 917 1223 lbbns
953 1179 1012 1222 iet
1048 1178 1271 1222 Ptnelatns
1306 1178 1464 1221 mellens
1486 1178 1534 1221 ad
1562 1191 1747 1221 uorzmun

119 1266 210 1297 can.
247 1253 345 1304 319,
381 1252 452 1310 qni
486 1257 633 1295 eontra
664 1251 976 1309 praescriptum
1000 1265 1089 1293 ean.
1109 1252 1216 1305 3ξ2,
1242 1252 1318 1303 §9
1287 1281 1332 1303 v,
1354 1249 1534 1292 scilic:et
1562 1265 1580 1288 «
1606 1251 1674 1305 qui
1700 1262 1748 1291 ex

122 1326 376 1382 pr·aesciipto
410 1323 636 1381 apostolico
673 1322 735 1366 vel
771 1336 821 1365 ex
848 1323 1038 1378 pr·op1iae
1065 1321 1276 1378 religionis
1300 1319 1659 1363 constitutionibus
1686 1319 1752 1362 be-

122 1395 257 1439 nedici
292 1394 458 1450 debent,
484 1397 588 1437 intra
624 1399 706 1437 tres
741 1406 902 1436 meuses
925 1408 945 1434 ))
991 1392 1043 1435 ibi
1091 1392 1387 1435 determinatos
1429 1389 1753 1433 benedictionem

121 1466 283 1511 abbatis
317 1480 398 1510 non
430 1465 636 1524 receperit
674 1481 696 1506 «
719 1464 770 1508 ab
802 1463 1021 1521 Episcopo,
1044 1476 1166 1521 quem
1194 1462 1384 1506 maluerit
1408 1478 1456 1514 »ς
1492 1461 1558 1504 ille
1580 1466 1640 1503 est
1665 1461 1754 1518 ipso

122 1536 236 1595 facto
272 1539 466 1581 transacti
503 1538 700 1593 temporis
734 1549 828 1579 cum
864 1535 973 1578 dicta
1006 1533 1203 1590 culpabili
1239 1535 1472 1586 omissione,
1513 1547 1536 1574 a
1582 1531 1752 1574 iurisdi-

124 1608 260 1652 ctione
294 1621 521 1665 suspensus
555 1605 671 1664 (Can.
704 1607 835 1660 2279,
867 1606 894 1664 ξ
926 1609 967 1660 2,
1002 1605 1082 1654 10).
1105 1605 1222 1648 (luae
1250 1605 1510 1658 «suspensio
1537 1607 1645 1646 vetat
1669 1616 1754 1645 om-

125 1761 249 1807 quam
286 1749 564 1805 delegatae».

247 1820 346 1864 248.
386 1821 571 1866 Contra
604 1821 936 1876 negligentem
969 1819 1191 1864 emittere
1223 1818 1340 1862 fidei
1384 1816 1758 1873 professionem.

128 1916 181 1922 -
221 1890 322 1936 Con.
356 1892 495 1934 2403.
536 1889 618 1943 Qui
651 1895 798 1933 eontra
827 1888 1141 1947 praescriptam
1173 1901 1264 1931 ean.
1300 1888 1418 1929 1400·
1451 1886 1492 1942 a)
1524 1884 1621 1942 fidei
1660 1898 1757 1942 pro-

127 1961 351 2021 fessionem
388 1961 429 2018 b)
463 1961 554 2004 sine
586 1961 710 2011 insto,
745 1960 782 2003 b.
818 1973 854 2004 e.
888 1960 997 2018 quod
1025 1959 1101 2015 legi
1126 1961 1175 2002 sit
1201 1959 1569 2014 proportionatum,
1589 1955 1760 2013 impedi-

131 2038 265 2076 mento
301 2032 492 2076 emittere
525 2031 565 2089 c)
599 2031 802 2089 neqliyat,
836 2031 944 2088 quod
980 2033 1175 2086 supponit
1209 2028 1441 2072 habendam
1481 2029 1757 2083 cognitionem

130 2104 408 2160 obligationis,
443 2107 566 2160 atque
601 2104 800 2159 temporis
833 2116 906 2158 pro
930 2114 975 2145 ea
1000 2100 1265 2157 adimplenda
1290 2101 1586 2153 transitionem,
1611 2096 1652 2154 a)
1675 2110 1758 2139 mo-

132 2180 283 2218 neatur
315 2174 510 2232 equidem
544 2186 565 2217 3
599 2174 822 2230 Super-iore
855 2176 1116 2228 competente
1148 2171 1198 2214 ad
1233 2170 1552 2227 subsequentem
1588 2180 1758 2224 poenam

132 2245 415 2303 infligendam,
451 2244 494 2301 b)
525 2244 752 2303 praefinito
787 2257 947 2301 quoqne
984 2255 1166 2300 eonqrno
1210 2240 1386 2284 termino
1424 2240 1473 2283 ad
1510 2239 1759 2295 implendum

132 2317 442 2373 obligationem,
479 2318 519 2373 e)
554 2330 633 2374 qno
669 2319 884 2358 transacto
917 2313 1073 2371 absque
1106 2314 1269 2366 effectu,
1305 2311 1558 2368 proindeque
1596 2311 1760 2365 (suppo-

132 2390 207 2432 sita
242 2387 484 2443 monitione)
517 2389 549 2430 si
586 2391 750 2430 maneat
784 2390 1021 2440 contumax,
1056 2384 1100 2441 d)
1126 2383 1251 2426 etiam
1272 2381 1662 2441 perprimitionem,
1686 2381 1762 2421 sci-

134 2459 250 2502 licet:
289 2458 455 2515 procedi
499 2462 631 2515 potest
674 2460 711 2500 in
754 2458 967 2513 punitione
1011 2468 1141 2513 usque
1184 2455 1233 2498 ad
1281 2454 1406 2506 illam,
1450 2454 1488 2504 3)
1531 2450 1676 2509 officii,
1721 2448 1762 2505 b)

134 2528 334 2585 beneficii,
368 2527 410 2585 c)
442 2527 682 2585 diqnitatis,
717 2527 760 2585 d)
801 2526 1000 2579 nznneris,
1034 2527 1360 2581 uniuscuiusque
1397 2523 1647 2566 disiunctixe
1687 2534 1762 2577 pn-

135 2600 309 2651 niatnr;
331 2625 383 2630 —
408 2599 479 2643 sed
515 2604 678 2656 praeter
707 2599 813 2642 banc
846 2599 1101 2642 sanctionem
1136 2596 1330 2639 ferendae
1353 2595 1578 2638 sententiae
1604 2604 1765 2647 praece-

139 2673 263 2728 ptivis
298 2672 435 2714 verbis
467 2673 746 2724 enunciatam,
781 2669 948 2713 additur
979 2667 1106 2712 altera
1152 2666 1256 2710 latae
1300 2666 1547 2709 sententiae:
1595 2675 1666 2703 nee
1708 2661 1764 2702 in-

140 2741 262 2785 terim
295 2740 438 2784 saltem
473 2752 494 2783 3
531 2742 755 2784 monitione
788 2739 940 2793 habita,
973 2738 1043 2781 sed
1073 2739 1211 2780 verius
1233 2749 1253 2780 3
1280 2735 1553 2792 negligentiae
1579 2736 1619 2774 ut
1642 2742 1764 2786 supra

140 2817 340 2870 tempore,
381 2810 581 2868 beneficii,
615 2810 763 2869 officii,
806 2809 1045 2868 diynitotis,
1082 2807 1267 2850 mttneris
1303 2805 1468 2863 fruetus
1510 2801 1614 2860 sues!
1647 2814 1766 2850 s21os;
