1950 3313
135 139 232 176 Gan.
258 140 353 175 2359
602 169 608 175 .
632 141 716 174 Trr.
746 141 831 175 XV.
861 162 872 168 -
901 143 955 177 De
981 146 1145 178 crimine
1171 144 1268 186 falsi
1695 146 1764 180 ‘2459

256 260 427 305 Dicente
450 272 608 304 canone
637 275 656 300 «
683 263 718 303 in
739 261 903 305 casibus
922 263 1186 318 gratim-ibus
1207 280 1225 304 »
1257 265 1511 320 indigitatur,
1535 264 1605 307 bas
1626 264 1764 308 distin-

135 338 224 376 ctas
249 344 401 389 poenas
425 344 502 374 non
529 344 617 373 esse
641 331 897 375 cumulative
921 334 1187 388 accipiendas
1223 348 1293 390 pro
1325 334 1498 390 singulis
1521 334 1762 392 delinquen-

137 402 260 457 tibus,
293 402 362 446 sed
396 401 661 457 Superiorem
691 404 800 444 iuxta
827 403 1086 458 prudentiam
1122 418 1236 447 suam
1272 404 1446 458 seligere
1480 404 1633 448 debere
1659 408 1763 448 inter

135 486 218 521 eas,
253 475 350 530 quin
378 471 453 515 boe
478 471 676 528 impediat
701 472 868 515 easdem
897 486 1013 529 posse
1039 473 1301 530 multiplicari
1338 489 1434 531 erga
1469 469 1660 518 eumdem
1685 475 1763 519 cle-

137 547 268 588 ricum
308 548 474 600 propter
509 541 894 599 multiplicationem
939 543 1183 587 delictorum
1227 546 1467 588 eorumdem
1517 545 1578 588 vel
1623 546 1760 589 diver-

134 628 290 659 sorum.
562 616 564 618 ’

253 688 277 738 ἓ
307 686 351 729 3.
387 684 432 728 Si
465 683 594 727 aliter
626 697 673 728 ac
707 684 969 742 designatum
1016 691 1151 729 manet
1196 689 1233 729 in
1278 687 1438 730 duobus
1478 686 1759 744 paragraphis,

132 762 281 800 contra
324 761 488 799 serlum
531 754 722 812 decaloyi
761 761 1045 813 praeceptum,
1083 770 1119 800 ν.
1154 770 1215 813 gr.
1251 758 1533 811 t'ornicatimie,
1567 757 1757 800 sollicita-

133 829 243 870 tione
276 827 325 870 ad
362 829 511 883 turpia,
547 826 731 881 mollitie,
776 826 953 870 lactibus
998 828 1230 883 impudicis,
1280 828 1340 870 vel
1386 827 1760 885 colloquutionibus

132 897 370 940 huiusmodi
404 896 663 954 deliquerim
698 900 862 953 proprie
908 899 1019 940 iuxta
1059 910 1148 940 can.
1185 898 1296 940 &195
1331 898 1382 941 ob
1414 901 1664 941 sanctionem
1701 900 1757 939 in-

130 968 449 1012 determinatam
476 967 598 1011 buius
624 967 886 1024 paragraphi,
911 968 1108 1025 conyrm’s
1127 968 1289 1026 poem‘S,
1313 970 1402 1011 sive
1433 966 1758 1016 medicinalibus,

129 1041 220 1083 sive
257 1039 536 1094 vindicativis,
580 1041 670 1082 sive
721 1039 914 1082 remediis
958 1038 1199 1095 poenalibus
1238 1043 1307 1082 aut
1353 1040 1624 1095 poenitentiis,
1648 1052 1758 1080 reer-

130 1116 307 1154 ceantur
338 1109 390 1154 ab
425 1109 588 1153 illorum
628 1110 875 1153 delictorum
918 1112 1235 1166 perpetratione,
1272 1123 1349 1152 non
1385 1114 1569 1166 eweepta,
1604 1111 1658 1151 uti
1693 1122 1757 1151 su-

131 1183 283 1238 periori
317 1180 460 1233 limite,
494 1179 628 1238 officii
660 1179 722 1223 vel
754 1180 941 1238 beneficii
978 1181 1250 1224 «secundum
1279 1179 1500 1223 verborum
1534 1181 1756 1235 proprieta-

129 1256 257 1295 tem»
295 1254 481 1295 strictam
514 1251 771 1309 privatione,
802 1251 940 1295 debite
986 1250 1249 1308 procedendo
1291 1249 1520 1294 secundum
1566 1262 1758 1302 canones,

128 1322 311 1366 maxime
343 1322 479 1380 quoad
517 1335 690 1379 poenam
725 1327 764 1366 et
798 1335 1036 1379 processum
1076 1321 1321 1365 alterutrum
1363 1323 1572 1364 titulorum
1610 1318 1754 1362 XXVll

128 1399 167 1438 et
202 1393 369 1437 XXVlll
403 1393 489 1437 Lib.
524 1393 589 1443 lv,
623 1393 661 1437 si
694 1407 837 1436 curam
871 1393 1113 1436 animarum
1144 1398 1310 1449 qeront.
1343 1390 1459 1445 Quae
1482 1391 1663 1435 clausula
1699 1393 1754 1433 in-

128 1464 339 1522 telligatur
373 1477 539 1523 quoque
571 1464 622 1508 de
658 1466 824 1508 vicariis
859 1463 1162 1521 paroecialibus
1195 1462 1462 1520 quibuslibet.

767 1669 1002 1708 TITULUS
1033 1670 1120 1707 XV.

718 1772 782 1815 De
814 1772 1013 1814 erimine
1044 1770 1163 1813 falsi.

171 1914 256 1950 CAN.
278 1913 382 1949 2360.
399 1933 416 1939 -
436 1917 455 1955 ἓ
477 1912 506 1948 1.
522 1911 656 1949 Omnes
676 1913 899 1948 fabricatores

123 1962 174 1998 vel
204 1961 333 1997 falsarii
368 1961 576 2001 litterarum,
603 1960 819 1996 decretorum
848 1960 899 1996 vel

121 2009 366 2055 rescriptorum
378 2007 476 2043 Sedis
487 2007 704 2054 Apostolicae
713 2008 764 2043 vel
777 2007 899 2043 iisdem

123 2057 259 2098 litteris,
288 2055 435 2092 decretis
463 2055 513 2090 vel
541 2056 717 2101 rescriptis
751 2056 901 2090 scienter

123 2109 259 2140 utentes
286 2104 474 2139 incurrunt
493 2102 566 2148 ipso
586 2102 674 2138 facto
702 2103 736 2137 in
764 2113 900 2138 excom-

122 2151 397 2187 municationem
426 2150 566 2196 speciali
597 2150 697 2185 modo
715 2148 793 2185 Sedi
816 2151 900 2196 Apo-

121 2199 263 2235 stolicae
289 2202 513 2235 reservatam.

169 2250 188 2288 ἓ
214 2245 248 2281 ·2.
278 2245 400 2282 Clerici
428 2245 597 2280 delictum
615 2245 657 2280 de
675 2255 744 2290 quo
770 2245 806 2278 in
834 2247 853 2286 ξ
885 2245 894 2278 l

120 2293 379 2329 committentes
393 2292 472 2329 aliis
487 2292 608 2338 poenis
625 2297 801 2338 praeterea
812 2302 903 2326 coer·

120 2345 279 2381 ceantur.
312 2351 401 2387 quae
439 2350 548 2385 usque
585 2340 629 2374 ad
669 2339 899 2385 privationem

121 2388 293 2430 beneficii,
326 2387 442 2431 officii,
478 2386 660 2431 dignitatis
697 2391 731 2422 et
766 2386 900 2432 pensio-

120 2435 176 2470 nis
200 2435 454 2471 ecclesiasticae
488 2435 625 2470 extendi
659 2439 823 2480 possunt;
853 2444 901 2469 re-

120 2482 231 2527 ligiosi
267 2488 384 2518 antem
423 2481 604 2529 priventur
636 2481 801 2517 omnibus
828 2481 898 2516 offi-

119 2530 182 2565 ciis
208 2541 297 2576 quae
324 2529 360 2564 in
387 2528 558 2573 religione
584 2529 714 2565 habent
748 2533 781 2564 et
820 2539 900 2563 voce

117 2578 230 2613 activa
255 2588 295 2613 ac
322 2578 469 2623 passiva,
498 2582 632 2622 praeter
657 2576 744 2611 alias
770 2586 899 2622 poenas

118 2625 154 2659 in
192 2625 341 2671 propriis
380 2624 551 2669 cuiusque
588 2622 899 2660 constitutionibus

119 2676 280 2708 statutas.

165 2719 251 2755 CAN.
282 2717 385 2754 2361.
403 2740 419 2744 —
440 2717 574 2764 Siquis
602 2718 639 2753 in
669 2717 828 2764 precibus
854 2717 896 2752 ad

118 2767 325 2813 rescriptum
352 2777 372 2801 a
398 2766 486 2803 Sede
513 2764 710 2812 Apostolica
730 2769 780 2799 vet
800 2764 894 2800 aloci

119 2811 308 2850 Ordinario
323 2813 584 2860 impetrandum
606 2812 725 2848 fraude
753 2811 803 2847 vel
819 2810 897 2846 dolo

119 2871 238 2896 verum
265 2861 442 2897 reticuerit
459 2865 519 2897 aut
541 2860 665 2896 falsum
685 2858 894 2904 exposuerit,

975 1916 1083 1958 potest
1108 1922 1127 1947 a
1154 1922 1214 1946 suo
1234 1910 1422 1947 Ordinario
1450 1922 1508 1956 pro
1534 1910 1656 1955 culpae
1674 1921 1746 1954 gra-

974 1959 1078 1994 vitate
1098 1959 1228 2005 puniri,
1249 1958 1343 1993 salvo
1365 1958 1574 2004 praescripto
1593 1968 1671 1992 can.
1690 1955 1747 1991 itii.

978 2005 1076 2042 1051.

1022 2054 1107 2089 (Lm.
1137 2052 1241 2087 2362.
1262 2073 1278 2078 -
1296 2052 1504 2087 Litterarum
1525 2051 1577 2087 vel
1595 2055 1749 2086 actorum

973 2101 1285 2137 ecclesiasticorum
1305 2105 1375 2134 tam
1402 2098 1618 2145 publicorum
1646 2109 1749 2143 quam

977 2148 1188 2194 privatorum
1218 2147 1441 2182 fabricatores
1468 2146 1520 2181 vel
1549 2145 1677 2180 falsarii
1701 2145 1749 2179 xci

974 2195 1172 2230 huiusmodi
1193 2194 1412 2230 documentis
1431 2193 1580 2228 scienter
1599 2197 1747 2228 utentes,

977 2254 1036 2289 pro
1061 2243 1231 2287 gravitate
1257 2241 1369 2277 delicti
1397 2246 1633 2279 coerceantur,
1653 2239 1750 2273 firmo

977 2290 1189 2336 praescripto
1215 2300 1293 2324 can.
1324 2286 1428 2328 2406,
1458 2292 1477 2330 ξ
1510 2288 1535 2321 l.

1023 2337 1107 2372 CAN.
1138 2336 1242 2371 2363.
1280 2356 1300 2362 -
1340 2335 1374 2370 Si
1406 2337 1484 2380 quis
1513 2346 1570 2380 per
1596 2334 1746 2379 seipsum

975 2385 1025 2420 vel
1055 2395 1113 2430 per
1139 2384 1226 2420 alios
1245 2384 1495 2419 confessarium
1523 2382 1565 2416 dc
1591 2380 1750 2415 sollicita-

974 2432 1079 2467 tionis
1105 2431 1253 2467 crimine
1291 2430 1382 2476 apud
1423 2430 1623 2475 Superiores
1664 2428 1748 2461 falso

973 2479 1244 2519 denuntiaverit,
1271 2478 1346 2523 ipso
1367 2477 1454 2512 facto
1473 2475 1617 2511 incurrit
1640 2475 1671 2508 in
1693 2485 1747 2509 ex-

973 2526 1329 2562 communicationem
1358 2523 1495 2570 speciali
1538 2522 1637 2557 modo
1667 2521 1743 2572 Sedi

974 2573 1190 2620 Apostolicae
1217 2576 1439 2610 reservatam„
1468 2582 1486 2605 a
1526 2581 1592 2615 qua
1629 2572 1744 2613 nequit

973 2621 1043 2656 ullo
1062 2621 1094 2655 in
1115 2631 1197 2656 casu
1215 2620 1361 2661 absolvi,
1385 2619 1449 2652 nisi
1472 2617 1591 2651 falsam
1612 2616 1744 2650 dcnun-

973 2668 1152 2703 tiationem
1198 2667 1387 2702 formaliter
1425 2663 1672 2704 retractaverit,
1714 2665 1743 2695 ct

972 2717 1114 2756 damna,
1140 2714 1167 2748 si
1209 2724 1275 2759 qua
1316 2713 1396 2747 inde
1435 2715 1549 2746 secuta
1577 2710 1658 2749 sint,
1687 2719 1744 2753 pro

973 2763 1105 2797 viribus
1143 2760 1366 2806 reparaverit,
1406 2757 1564 2804 imposita
1604 2756 1745 2800 insuper

970 2810 1066 2855 gravi
1105 2820 1143 2844 ac
1183 2808 1350 2842 diuturna
1392 2803 1615 2851 poenitentia,
1647 2802 1744 2836 lirmo

972 2855 1182 2903 praescripto
1208 2865 1287 2889 can.
1318 2851 1398 2886 894.
