1950 3313
125 142 217 178 Can.
246 143 339 178 2358
500 143 584 176 Tl'r.
614 143 720 178 XIV.
742 166 753 171 -
774 147 829 182 De
846 149 996 183 (lectoris
1013 154 1150 184 contra
1170 153 1286 185 vitam
1310 155 1374 187 etc,
1684 156 1753 190 265

127 262 249 306 liceat
281 262 505 320 aliquando
538 262 686 319 dignos
720 266 878 309 l'uluros
911 281 998 311 esse
1034 269 1296 325 presbyteros
1324 290 1338 307 »
1378 270 1486 327 (can.
1522 274 1620 326 973,
1641 275 1669 331 g
1697 275 1749 331 l),

123 346 382 392 consequens
412 338 473 377 631
505 333 614 390 quod
650 336 892 390 praescribit
918 352 1008 383 clm.
1032 342 1170 383 2²:358.
1196 366 1252 371 —
1278 340 1431 384 Clerici
1455 343 1494 384 in
1522 344 1750 387 minoribns

123 403 342 447 ordinibus
374 403 594 447 constituti
625 409 665 448 et
700 409 843 461 potiori
878 421 1016 463 causa,
1055 410 1164 453 velut
1197 415 1374 454 contenti
1416 413 1492 455 sul)
1525 417 1583 456 cis
1618 418 1747 470 prima

121 475 253 518 solum
289 479 455 518 tonsura
490 477 650 530 initiati,
684 476 746 519 rei
778 477 961 521 alieuius
999 479 1155 533 delicti,
1193 488 1309 537 prout
1350 482 1424 525 hoc
1463 485 1750 541 «intelligitur

124 548 212 590 iure
244 545 525 590 ecclesiastico
542 561 582 598 »‚
607 552 753 590 eontra
786 554 947 591 seoetum
971 549 1161 607 deraloqi
1179 559 1461 610 praereptum,
1486 568 1748 612 ‹puicumque

125 617 245 661 modo
283 633 302 657 «
329 619 537 673 praecepti
575 616 696 661 huius
733 619 898 663 violatio
930 623 981 663 sit
1014 627 1184 664 externa
1219 628 1255 665 61
1291 624 1499 667 moraliter
1535 626 1749 682 imputabi-

122 687 170 730 lis
194 704 212 728 »
252 687 361 744 (can.
396 688 522 738 2195,
560 690 585 743 ἓ
622 689 677 745 1),
711 702 803 733 uam
840 690 906 734 hic
939 691 1077 735 addita
1113 697 1173 735 est
1210 697 1410 737 «sanctio
1443 699 1639 739 canonica
1675 698 1749 740 sul-

122 763 202 801 tem
239 758 619 814 indeterminata»,
654 760 751 803 dum
787 764 1050 818 prosequitur
1082 776 1233 806 canon:
1264 778 1342 822 pro
1372 767 1749 824 yrurilcileculpne

118 828 371 886 puniantur,
404 835 528 886 atque
565 829 677 874 velut
708 831 900 888 specialis
935 846 1062 889 poena
1108 835 1308 888 innuitur,
1342 836 1466 878 eliam
1507 836 1750 880 ‹limis-sione

121 913 143 942 e
173 904 289 943 statu
322 899 526 954 clericali,
559 913 665 958 quae
698 902 875 959 simplici
916 903 1036 946 «loci
1072 902 1283 948 Ordinarii
1318 905 1528 949 decreto»
1559 908 1653 950 ferri
1680 922 1746 964 po-

121 975 200 1014 test
232 971 282 1015 ad
317 984 504 1015 normam
540 984 631 1017 can.
667 972 764 1027 ⁶211,
798 975 825 1031 ᾗ
858 974 896 1028 ⁶2,
930 974 968 1016 si
999 973 1144 1018 delicet
1184 980 1223 1018 ut
1268 989 1390 1032 supra
1440 977 1635 1021 declarati
1681 979 1751 1021 nd-

121 1042 267 1085 ἱππεία
299 1041 344 1085 id
375 1041 597 1097 suadeant,
647 1049 851 1100 quatenus
889 1061 910 1081 a
933 1042 1181 1089 Ordinarius
1216 1046 1308 1089 inde
1344 1047 1566 1103 prudenter
1601 1050 1750 1093 iudica-

125 1115 272 1156 verit»
310 1113 420 1171 quod
456 1116 493 1156 in
529 1115 595 1157 cit.
631 1117 673 1168 ξ’)
707 1117 967 1171 exprimitur.
1001 1116 1206 1159 Statutum
1241 1120 1410 1161 canonis
1442 1118 1653 1176 hucusque
1685 1134 1748 1163 so-

123 1183 205 1227 lum
240 1183 404 1228 clericis
437 1189 615 1241 aptatur,
648 1185 719 1228 sed
752 1191 926 1243 praeter
956 1199 1115 1243 poenas
1148 1187 1198 1229 (le
1230 1186 1377 1245 quibus
1415 1188 1458 1231 in
1502 1203 1590 1234 cun.
1625 1192 1749 1233 :²357

123 1259 290 1311 propter
322 1255 489 1299 diversa
524 1255 673 1299 delicta
708 1256 860 1300 ibidem
894 1257 1029 1314 quoad
1066 1271 1208 1300 eorum
1244 1272 1409 1316 quoque
1432 1259 1751 1305 delimitationes

120 1325 329 1370 declarata
363 1326 440 1370 sub
475 1331 649 1384 utroque
681 1327 741 1385 ἕο,
776 1327 814 1370 si
846 1327 898 1371 ob
930 1328 1110 1384 speciale
1145 1334 1359 1385 peccatum
1409 1335 1549 1373 contra
1587 1336 1748 1374 sextum

122 1395 187 1439 his
224 1413 247 1439 «
270 1400 413 1454 poenis
436 1414 456 1439 ))
495 1397 611 1441 loeus
643 1398 713 1441 sit.
878 1440 880 1442 .

177 1496 180 1499 -
240 1467 383 1512 Datam
421 1471 801 1525 interpretationem
836 1470 982 1513 suadet
1015 1483 1105 1527 cap.
1145 1471 1192 1513 13
1232 1471 1326 1515 «de
1364 1473 1443 1515 vita
1478 1476 1517 1515 et
1541 1471 1751 1516 honestate

120 1538 367 1582 clericorum
393 1555 413 1580 ))
452 1539 537 1594 (ΙΙΙ,
574 1539 617 1596 1)
652 1539 699 1583 Χ.
733 1541 800 1584 Sic
832 1541 931 1584 dicit
967 1540 1103 1584 lnnoc.
1142 1541 1189 1584 ΙΙΙ
1218 1544 1255 1584 111
1281 1541 1403 1587 Couc.
1428 1540 1528 1587 Gen.
1559 1558 1579 1583 «
1603 1542 1651 1587 Ut
1675 1543 1752 1586 cle-

122 1612 305 1653 ricorum
339 1623 475 1653 mores
507 1615 547 1654 et
579 1615 696 1654 actus
729 1613 766 1654 in
803 1611 952 1655 melius
986 1613 1275 1665 reformentur,v
1300 1614 1558 1657 continenter
1581 1619 1619 1656 et
1642 1619 1751 1657 caste

124 1682 267 1723 vivere
299 1680 492 1723 studeant
526 1683 724 1735 universi⁷
761 1684 1004 1737 praesertim
1039 1684 1076 1724 in
1111 1696 1163 1725 ss.
1197 1682 1412 1726 ordinibus
1450 1686 1675 1736 constituti,
1700 1683 1751 1728 ab

119 1823 179 1865 ira
213 1821 285 1865 Dei
322 1824 359 1865 in
395 1821 500 1865 tilios
543 1822 810 1873 diffidentiae,
855 1828 1058 1880 quatenus
1104 1826 1140 1866 in
1190 1829 1413 1880 conspectu
1458 1827 1751 1881 omnipotentis

120 1892 207 1947 Dei,
243 1906 344 1949 puro
377 1893 503 1937 corde
535 1906 583 1937 ac
619 1893 770 1937 mundo
805 1907 991 1951 corpore,
1030 1896 1193 1938 valeant
1217 1897 1465 1939 ministrare.
1490 1921 1545 1928 —
1568 1895 1626 1939 Ne
1653 1910 1750 1940 vero

120 1963 294 2008 facilitas
330 1966 487 2019 veniae,
524 1966 777 2008 incentivum
818 1965 968 2009 tribuat
1010 1965 1296 2023 delinquendi,
1328 1968 1560 2018 statuimus,
1595 1972 1638 2010 ut
1679 1970 1747 2024 qui

117 2034 406 2091 comprehensi
440 2036 590 2078 tuerint
625 2037 946 2079 incontinentiae
983 2038 1080 2079 vitio
1115 2035 1318 2091 laborare,
1351 2042 1470 2093 prout
1506 2040 1636 2094 magis
1679 2043 1747 2081 aut

119 2107 255 2149 minus
290 2108 569 2163 peccaverint,
606 2108 829 2162 puniantur
856 2106 1003 2164 (prout
1042 2106 1286 2162 praescribit
1328 2107 1478 2165 canon)
1521 2109 1749 2151 secuudum

118 2179 340 2221 canonicas
370 2179 662 2231 sanctiones,...
699 2181 741 2220 ut
774 2191 877 2234 quos
910 2178 1077 2221 divinus
1110 2180 1232 2221 timor
1264 2190 1284 2221 a
1322 2178 1427 2221 malo
1460 2192 1539 2221 non
1571 2184 1753 2231 revocat,

119 2247 360 2304 temporalis
391 2247 536 2291 saltem
574 2260 703 2304 poena
738 2247 930 2291 collibeat
962 2261 984 2292 a
1020 2253 1188 2305 peccato
1210 2264 1250 2293 ›>.

195 2312 199 2316 ’
238 2318 335 2361 ⁶201.
370 2320 442 2365 De
475 2320 666 2365 clericis
698 2321 1064 2366 concubinariis
1097 2323 1146 2366 et
1179 2324 1351 2366 contra
1384 2324 1577 2366 sextum
1601 2322 1748 2366 sacri-

120 2389 260 2444 legis,
290 2414 334 2418 —-
370 2387 494 2434 Couc.
528 2388 639 2434 'fi-id.
673 2391 725 2432 sit
757 2389 965 2434 decrevit:
1003 2390 1015 2412 ¹
1054 2388 1257 2442 «Quia...
1294 2389 1589 2446 parochialium
1625 2390 1751 2433 eccle-

119 2460 274 2502 siarum
310 2464 536 2506 rectores...
568 2459 636 2504 alii
670 2464 840 2517 propter
875 2473 1017 2504 eorum
1058 2463 1164 2504 vitae
1189 2461 1486 2517 turpitudinem
1510 2463 1642 2516 potius
1664 2460 1751 2502 des-

122 2533 276 2577 truunt,
309 2542 433 2587 quam
468 2531 715 2583 aediticant;
749 2530 988 2587 Episcopi...
1021 2544 1104 2583 eos⁷
1137 2533 1205 2588 qui
1243 2533 1417 2587 turpiter
1450 2536 1489 2573 et
1511 2529 1750 2573 scandalose

123 2601 282 2655 vivunt,
317 2605 533 2658 postquam
569 2604 814 2658 praemoniti
853 2602 1020 2655 l'ueriut,
1054 2606 1273 2645 coerceant
1305 2614 1352 2644 ac
1385 2603 1608 2657 castigent:
1639 2601 1747 2650 et,'si

120 2669 256 2714 adhuc
289 2670 605 2728 incorregibiles
639 2674 677 2715 in
702 2684 774 2716 sua
795 2674 976 2730 nequitia
998 2676 1280 2728 perseverent,
1300 2685 1370 2715 eos
1395 2671 1617 2723 beneficiis,
1639 2672 1748 2712 iuxta

237 2825 248 2846 ¹
276 2823 367 2868 Cap.
397 2824 432 2867 6,
462 2835 557 2859 sess.
587 2824 699 2869 XXI,
728 2824 774 2859 de
802 2824 888 2859 Res.
