1950 3313
113 268 162 299 eo
194 256 303 313 quod
340 259 451 299 reete
485 254 612 307 ducit,
648 268 721 298 nec
760 255 982 313 aliquando
1020 257 1217 300 aliorsum
1263 257 1401 301 trahit.
1437 257 1514 300 Alii
1549 257 1745 299 dixerunt

115 326 300 383 regulam
335 327 499 370 dictam,
543 325 604 368 vel
640 326 748 382 quod
786 332 912 382 regat,
953 327 1013 370 rel
1049 328 1156 384 ‹piod
1199 340 1384 370 normam
1429 332 1538 371 recte
1576 328 1742 370 xiiendi

114 397 321 454 praebeat,
355 396 464 454 quod
510 396 729 439 distortum
767 410 1027 454 pravumque
1060 401 1304 454 corrigat».
1342 398 1387 441 Et
1424 398 1499 441 lioc
1543 398 1744 441 stabiliter

111 470 251 511 evenit
287 469 323 509 in
360 466 535 522 legibus,
569 479 674 522 quae
708 479 729 509 a
763 468 933 510 Summo
969 468 1164 511 l'ontitice
1209 469 1269 511 vet
1311 468 1504 512 Conciliis
1537 470 1742 512 (lei-ume-

112 540 215 581 nicis
248 539 448 582 seruntur.
477 542 643 592 propter
666 539 939 580 assistentiam
975 541 1151 594 Spiritus
1173 540 1310 582 Sancti
1347 539 1501 582 eisdem
1529 553 1656 595 usquc
1690 539 1738 580 ad

112 610 513 652 consummationem
547 608 701 651 saeculi
736 621 756 651 a
794 609 879 652 lesu
914 610 1074 652 (ilii-isto
1110 613 1368 666 promissam.
1403 637 1456 640 —
1493 610 1599 653 luter
1637 626 1655 649 «
1681 624 1741 651 ca-

114 691 242 722 nones
265 694 304 731 ³),
338 677 506 735 quidam
541 683 633 720 sunt
668 681 926 722 continentes
964 679 1142 736 «legem
1176 680 1371 722 credendi
1399 697 1416 719 »
1455 684 1743 735 supernatura-

115 748 207 792 liter
242 750 436 792 veritates
468 750 557 791 sive
591 749 885 803 speculativas,
907 752 995 793 sive
1028 752 1243 806 practicas,
1272 764 1306 792 r.
1333 765 1393 806 gr.
1419 763 1507 793 can.
1539 751 1629 793 108.
1656 757 1678 803 ξ
1703 750 1741 802 3,

111 831 202 863 can.
228 819 325 873 218,
348 819 376 875 ξ
400 818 437 871 1,
462 823 500 862 et
538 824 739 862 vocantur
776 835 795 860 <c
820 833 997 863 canones
1030 821 1253 876 dogmatici
1280 836 1318 873 »‚
1352 820 1418 862 alii
1457 826 1565 863 recte
1600 821 1743 863 ‹lirun-

113 894 180 933 tur
218 902 441 933 «canones
476 889 652 933 morales
680 909 717 942 ›,
751 894 818 947 qui
867 904 1015 947 nempe
1060 891 1328 934 moderantur
1372 891 1637 943 xoium-atem,
1671 905 1739 933 seu

118 976 140 1002 (t
163 961 311 1017 agendi
347 960 525 1017 legem»
565 963 775 1004 continent
816 963 853 1004 in
899 961 1007 1004 illius
1040 961 1212 1009 actibus,
1247 964 1335 1004 sire
1362 964 1518 1004 interne
1553 976 1741 1004 cousum-

113 1034 235 1075 matis
266 1034 355 1075 sive
394 1031 442 1074 ad
484 1036 702 1075 externum
740 1032 1081 1088 pertingentibus,
1119 1046 1156 1075 v.
1191 1046 1251 1089 gr.
1285 1045 1373 1075 can.
1414 1033 1539 1082 1323,
1573 1033 1599 1088 3⁴
1637 1033 1671 1081 1,
1705 1038 1741 1075 et

113 1115 202 1146 can.
238 1102 335 1148 901.
371 1102 539 1145 demum
589 1103 656 1145 alii
707 1105 873 1159 proprie
906 1108 998 1146 sunt
1038 1118 1057 1143 «
1081 1116 1260 1146 canones
1293 1102 1578 1159 disciplinares
1602 1120 1640 1152 »,
1675 1106 1742 1159 qui

117 1189 136 1214 «
163 1173 294 1230 legem
320 1173 418 1216 dant
441 1175 649 1216 actionum
677 1178 945 1216 externarum
973 1190 991 1213 n
1025 1173 1216 1230 equidem
1243 1186 1336 1215 cum
1364 1172 1490 1216 libera
1520 1173 1744 1219 voluntate,

111 1256 218 1302 quae
245 1244 437 1288 videlieet
471 1243 681 1287 Ecclesiae
707 1244 981 1287 iurisdictioni
1010 1244 1197 1300 publicae
1231 1243 1520 1292 subiiciuntur,
1546 1249 1583 1287 ct
1611 1243 1746 1286 liuius-

113 1315 223 1358 modi
258 1320 351 1358 sunt
376 1329 459 1371 pro
485 1317 666 1358 maxima
691 1314 855 1358 Codicis
880 1320 1007 1371 parte,
1042 1317 1123 1357 imo
1147 1327 1326 1358 canones
1359 1320 1440 1357 tam
1471 1314 1746 1371 dogmaticos,

109 1398 236 1443 quam
272 1385 450 1430 morales
476 1388 550 1429 rite
594 1387 760 1430 admisit
795 1386 861 1429 ille
896 1388 934 1428 in
970 1385 1114 1428 ordine
1148 1388 1197 1428 ad
1229 1385 1571 1441 gubernationem
1611 1384 1746 1428 Eccle-

110 1458 194 1500 siae
229 1461 443 1500 externam
482 1470 554 1513 pro
590 1459 718 1513 ipsius
749 1456 913 1500 Codicis
946 1458 1213 1513 perfectione.

236 1528 304 1571 62.
341 1530 742 1581 constitutiones,
776 1530 991 1580 decreta,
1025 1530 1314 1573 decretales.
1358 1526 1536 1570 Rubrica
1584 1525 1744 1568 relatix'i

109 1597 231 1641 Tituli
270 1598 547 1642 Decretalium
585 1603 736 1642 mutata
769 1600 841 1642 t'uit
878 1601 914 1641 in
952 1600 1261 1654 inscriptionem
1288 1597 1482 1641 facilioris
1516 1596 1746 1652 intelligen-

112 1672 191 1713 tiae
231 1685 250 1710 «
280 1674 335 1713 De
361 1669 520 1726 legibus
543 1670 836 1713 ecclesiasticis
860 1686 898 1716 2).
933 1682 979 1712 ac
1007 1671 1183 1726 proprie,
1210 1682 1303 1712 cum
1341 1671 1377 1711 iu
1404 1668 1478 1711 hoc
1514 1667 1630 1710 titulo
1654 1680 1748 1709 con-

109 1741 344 1784 siderentur
377 1743 500 1784 etiam
543 1740 655 1796 leges
696 1740 966 1796 particulares
1002 1741 1169 1783 forsitan
1204 1752 1225 1782 a
1268 1739 1467 1796 singulari
1505 1738 1736 1794 legislatore

107 1813 315 1866 conditae,
338 1812 436 1855 dum
467 1827 487 1852 (c
511 1813 755 1856 Constituti«)
781 1828 800 1852 »
833 1814 870 1853 vi
897 1813 1011 1854 vocis
1033 1812 1238 1868 significat
1263 1810 1417 1868 aliquid
1443 1814 1623 1852 statuere
1647 1822 1738 1851 cum

108 1883 214 1932 aliis,
251 1883 357 1926 unde
393 1887 522 1939 pirilest
562 1883 776 1939 applicari,
814 1884 919 1925 sicut
955 1883 994 1924 in
1031 1881 1307 1925 Decretalium
1354 1880 1533 1932 rubrica,
1567 1879 1741 1935 Capituli

108 1953 483 2011 Universitatisque
515 1956 691 2005 statutis,
728 1966 886 1996 necnon
921 1952 1082 1996 actibus
1114 1952 1250 1995 civilis
1293 1953 1515 2008 potestatis.
1553 1950 1635 1992 lmo
1669 1951 1740 1992 etsi

109 2025 220 2081 leges
254 2024 532 2068 Conciliorum
568 2036 614 2067 ac
639 2024 918 2080 §monol-um,
943 2029 985 2067 ut
1018 2026 1072 2066 ait
1108 2023 1257 2067 Bened.
1284 2021 1388 2075 xiv,
1421 2020 1741 2065 Constitutiones

105 2095 188 2139 dici
225 2100 376 2153 queant
413 2098 449 2137 in
485 2097 572 2137 iure
608 2097 821 2148 canonico,
857 2099 895 2137 et
935 2096 1099 2137 nomine
1140 2112 1158 2133 «
1181 2092 1450 2150 Synodalium
1487 2092 1742 2135 constitutio-

108 2179 206 2209 num
232 2182 251 2206 »
283 2170 420 2209 utatur
453 2178 542 2209 cun.
570 2165 669 2217 362,
695 2164 875 2208 attamen
913 2167 949 2207 in
985 2164 1168 2207 Gratiani
1197 2163 1369 2207 Deci-eto
1393 2164 1593 2218 scriptum
1620 2165 1677 2203 cst
1706 2161 1742 2201 ¹:

115 2252 134 2278 ((
158 2235 404 2280 Constitutio
442 2236 503 2279 vol
549 2236 733 2279 edictum
773 2241 847 2286 est,
880 2235 988 2293 quod
1037 2235 1121 2278 Rex
1160 2235 1221 2278 vel
1270 2234 1496 2290 lmperator
1539 2233 1749 2275 constituit

113 2307 174 2350 vel
211 2307 400 2362 edicit»,
434 2307 542 2350 unde
577 2306 906 2350 Constitutiones
940 2306 1176 2362 pontificiae
1213 2309 1414 2348 vocantur
1447 2304 1625 2359 proprie,
1649 2314 1750 2358 quas

108 2377 338 2434 Supremus
374 2377 513 2421 Pastor
557 2380 646 2420 sive
693 2380 729 2420 in
775 2376 961 2420 Concilio
995 2374 1294 2430 Oecumeuico,
1341 2377 1430 2418 sive
1475 2378 1588 2417 extra
1637 2371 1749 2425 illud,

108 2449 308 2492 consultis
330 2448 368 2492 S.
397 2448 441 2492 fl.
471 2448 512 2492 E.
538 2447 843 2499 Carumaubus,
880 2448 1127 2504 promulgat.
1158 2473 1208 2477 —
1235 2446 1356 2489 Aliud
1386 2444 1559 2488 verbum
1598 2446 1633 2485 in
1662 2455 1750 2489 usu,

109 2532 190 2577 quo
241 2519 354 2575 leges
397 2519 707 2563 ecclesiasticae
758 2519 1042 2575 designantur,
1075 2523 1133 2561 est
1173 2517 1383 2560 «decreta
1409 2532 1448 2568 J),
1483 2520 1519 2557 et
1559 2514 1750 2569 ‹piamris

108 2590 318 2633 ordinarie
358 2589 593 2633 huiusmodi
631 2592 711 2632 sint
747 2603 818 2646 per
842 2590 910 2633 SS.
938 2588 1142 2632 Romanas
1166 2587 1516 2643 Congregationes
1550 2584 1673 2629 edita,
1710 2585 1745 2624 iu

108 2660 260 2705 Codice
284 2662 340 2704 sic
371 2660 632 2716 appellantur
664 2662 753 2703 sive
781 2660 892 2716 leges
926 2656 1303 2703 Oecumenis-orum
1329 2656 1605 2699 (Conciliorum
1641 2654 1748 2709 (ran.

108 2732 212 2787 ⁶227)
249 2731 299 2773 ad
333 2731 573 2787 exemplum
607 2731 729 2774 Cone.
755 2730 895 2783 Ti·i‹l¹.,
920 2732 1008 2772 sive
1044 2729 1154 2785 leges
1188 2728 1355 2771 Concilii
1384 2727 1554 2781 plenarii
1590 2729 1625 2766 ct
1654 2737 1740 2778 pro-

243 2886 253 2906 ¹
281 2883 326 2917 D.
355 2883 405 2924 Π,
433 2895 512 2927 cap.
540 2885 561 2917 4
