<?xml version="1.0" encoding="UTF-8"?>
<!DOCTYPE html PUBLIC "-//W3C//DTD XHTML 1.0 Transitional//EN"
    "http://www.w3.org/TR/xhtml1/DTD/xhtml1-transitional.dtd">
<html xmlns="http://www.w3.org/1999/xhtml" xml:lang="en" lang="en">
 <head>
  <title>
</title>
<meta http-equiv="Content-Type" content="text/html;charset=utf-8" />
  <meta name='ocr-system' content='tesseract 3.04.00' />
  <meta name='ocr-capabilities' content='ocr_page ocr_carea ocr_par ocr_line ocrx_word'/>
</head>
<body>
  <div class='ocr_page' id='page_1' title='image "./commentariumtext01blatuoft_0186.png"; bbox 0 0 1950 3313; ppageno 0'>
   <div class='ocr_carea' id='block_1_1' title="bbox 173 140 1797 186">
    <p class='ocr_par' dir='ltr' id='par_1_1' title="bbox 173 140 1797 186">
     <span class='ocr_line' id='line_1_1' title="bbox 173 140 1797 186; baseline -0.005 -4"><span class='ocrx_word' id='word_1_1' title='bbox 173 148 241 182; x_wconf 76' lang='lat'>174</span> <span class='ocrx_word' id='word_1_2' title='bbox 632 143 721 178; x_wconf 80' lang='lat' dir='ltr'>Lm.</span> <span class='ocrx_word' id='word_1_3' title='bbox 745 143 793 177; x_wconf 82' lang='lat' dir='ltr'>V.</span> <span class='ocrx_word' id='word_1_4' title='bbox 821 163 834 168; x_wconf 96' lang='lat'><em>-</em></span> <span class='ocrx_word' id='word_1_5' title='bbox 860 143 970 177; x_wconf 76' lang='lat' dir='ltr'>PARS</span> <span class='ocrx_word' id='word_1_6' title='bbox 995 142 1047 176; x_wconf 87' lang='grc' dir='ltr'>ΙΙ.</span> <span class='ocrx_word' id='word_1_7' title='bbox 1077 162 1088 168; x_wconf 93' lang='grc'>-</span> <span class='ocrx_word' id='word_1_8' title='bbox 1115 142 1172 177; x_wconf 88' lang='lat' dir='ltr'>De</span> <span class='ocrx_word' id='word_1_9' title='bbox 1194 144 1329 186; x_wconf 80' lang='lat' dir='ltr'>poenis</span> <span class='ocrx_word' id='word_1_10' title='bbox 1583 141 1676 175; x_wconf 82' lang='lat' dir='ltr'>Can.</span> <span class='ocrx_word' id='word_1_11' title='bbox 1702 140 1797 175; x_wconf 75' lang='lat'>2291</span> 
     </span>
    </p>
   </div>
   <div class='ocr_carea' id='block_1_2' title="bbox 174 202 1782 211">
    <p class='ocr_par' dir='ltr' id='par_1_2' title="bbox 174 202 1782 211">
     <span class='ocr_line' id='line_1_2' title="bbox 174 202 1782 211; baseline 0 0"><span class='ocrx_word' id='word_1_12' title='bbox 174 202 1782 211; x_wconf 95' lang='lat' dir='ltr'> </span> 
     </span>
    </p>
   </div>
   <div class='ocr_carea' id='block_1_3' title="bbox 170 260 1816 2945">
    <p class='ocr_par' dir='ltr' id='par_1_3' title="bbox 170 260 1795 390">
     <span class='ocr_line' id='line_1_3' title="bbox 170 260 1795 324; baseline -0.004 -14"><span class='ocrx_word' id='word_1_13' title='bbox 170 269 399 324; x_wconf 77' lang='lat' dir='ltr'>quentium,</span> <span class='ocrx_word' id='word_1_14' title='bbox 433 267 500 321; x_wconf 81' lang='lat' dir='ltr'>qui</span> <span class='ocrx_word' id='word_1_15' title='bbox 531 267 593 307; x_wconf 57' lang='lat' dir='ltr'>‘sic</span> <span class='ocrx_word' id='word_1_16' title='bbox 627 277 800 306; x_wconf 89' lang='lat' dir='ltr'>numero</span> <span class='ocrx_word' id='word_1_17' title='bbox 834 262 972 320; x_wconf 83' lang='lat' dir='ltr'>aliquo</span> <span class='ocrx_word' id='word_1_18' title='bbox 1006 268 1157 320; x_wconf 79' lang='lat' dir='ltr'>queant</span> <span class='ocrx_word' id='word_1_19' title='bbox 1189 262 1502 319; x_wconf 81' lang='lat' dir='ltr'>comprehendi.</span> <span class='ocrx_word' id='word_1_20' title='bbox 1535 260 1622 305; x_wconf 86' lang='lat' dir='ltr'>Hoc</span> <span class='ocrx_word' id='word_1_21' title='bbox 1645 274 1795 318; x_wconf 85' lang='lat' dir='ltr'>sequu-</span> 
     </span>
     <span class='ocr_line' id='line_1_4' title="bbox 171 331 1602 390; baseline -0.003 -11"><span class='ocrx_word' id='word_1_22' title='bbox 171 342 234 380; x_wconf 92' lang='lat' dir='ltr'>tus</span> <span class='ocrx_word' id='word_1_23' title='bbox 267 341 324 379; x_wconf 83' lang='lat' dir='ltr'>est</span> <span class='ocrx_word' id='word_1_24' title='bbox 359 334 581 390; x_wconf 81' lang='lat' dir='ltr'>legislator,</span> <span class='ocrx_word' id='word_1_25' title='bbox 615 334 712 377; x_wconf 92' lang='lat' dir='ltr'>dum</span> <span class='ocrx_word' id='word_1_26' title='bbox 748 333 926 377; x_wconf 87' lang='lat' dir='ltr'>Titulum</span> <span class='ocrx_word' id='word_1_27' title='bbox 961 332 1171 376; x_wconf 77' lang='lat' dir='ltr'>distribuit</span> <span class='ocrx_word' id='word_1_28' title='bbox 1205 334 1242 375; x_wconf 93' lang='lat' dir='ltr'>iu</span> <span class='ocrx_word' id='word_1_29' title='bbox 1277 333 1359 376; x_wconf 88' lang='lat' dir='ltr'>duo</span> <span class='ocrx_word' id='word_1_30' title='bbox 1391 331 1547 388; x_wconf 86' lang='lat' dir='ltr'>Capita.</span> <span class='ocrx_word' id='word_1_31' title='bbox 1590 369 1602 379; x_wconf 88' lang='grc'><em>,</em></span> 
     </span>
    </p>

    <p class='ocr_par' dir='ltr' id='par_1_4' title="bbox 171 402 1799 744">
     <span class='ocr_line' id='line_1_5' title="bbox 291 402 1796 462; baseline -0.002 -14"><span class='ocrx_word' id='word_1_32' title='bbox 291 405 427 462; x_wconf 76' lang='lat' dir='ltr'>Caput</span> <span class='ocrx_word' id='word_1_33' title='bbox 458 404 642 462; x_wconf 74' lang='lat' dir='ltr'>primum</span> <span class='ocrx_word' id='word_1_34' title='bbox 686 407 893 461; x_wconf 78' lang='lat' dir='ltr'>inscripsit</span> <span class='ocrx_word' id='word_1_35' title='bbox 930 403 987 447; x_wconf 86' lang='lat' dir='ltr'>De</span> <span class='ocrx_word' id='word_1_36' title='bbox 1015 403 1162 462; x_wconf 80' lang='lat' dir='ltr'>poenis</span> <span class='ocrx_word' id='word_1_37' title='bbox 1198 403 1464 447; x_wconf 70' lang='lat' dir='ltr'>vinclicaticis</span> <span class='ocrx_word' id='word_1_38' title='bbox 1502 402 1796 453; x_wconf 80' lang='lat' dir='ltr'>communibus,</span> 
     </span>
     <span class='ocr_line' id='line_1_6' title="bbox 171 473 1796 532; baseline -0.002 -12"><span class='ocrx_word' id='word_1_39' title='bbox 171 480 288 520; x_wconf 87' lang='lat' dir='ltr'>cuius</span> <span class='ocrx_word' id='word_1_40' title='bbox 314 475 428 518; x_wconf 69' lang='lat' dir='ltr'>verbi</span> <span class='ocrx_word' id='word_1_41' title='bbox 453 476 701 532; x_wconf 82' lang='lat' dir='ltr'>significatio</span> <span class='ocrx_word' id='word_1_42' title='bbox 724 478 902 518; x_wconf 86' lang='lat' dir='ltr'>sumitur</span> <span class='ocrx_word' id='word_1_43' title='bbox 927 480 1114 532; x_wconf 90' lang='lat' dir='ltr'>respectu</span> <span class='ocrx_word' id='word_1_44' title='bbox 1141 476 1420 531; x_wconf 71' lang='lat' dir='ltr'>inscriptionis</span> <span class='ocrx_word' id='word_1_45' title='bbox 1443 475 1589 530; x_wconf 84' lang='lat' dir='ltr'>capitis</span> <span class='ocrx_word' id='word_1_46' title='bbox 1611 473 1796 516; x_wconf 88' lang='lat' dir='ltr'>secundi.</span> 
     </span>
     <span class='ocr_line' id='line_1_7' title="bbox 177 543 1799 602; baseline -0.002 -13"><span class='ocrx_word' id='word_1_47' title='bbox 177 547 402 590; x_wconf 76' lang='lat' dir='ltr'>Videlicet:</span> <span class='ocrx_word' id='word_1_48' title='bbox 440 560 684 590; x_wconf 89' lang='lat' dir='ltr'>communes</span> <span class='ocrx_word' id='word_1_49' title='bbox 711 551 911 590; x_wconf 81' lang='lat' dir='ltr'>vocantur</span> <span class='ocrx_word' id='word_1_50' title='bbox 936 546 1028 590; x_wconf 83' lang='lat' dir='ltr'>illae</span> <span class='ocrx_word' id='word_1_51' title='bbox 1053 559 1209 602; x_wconf 88' lang='lat' dir='ltr'>poenae</span> <span class='ocrx_word' id='word_1_52' title='bbox 1234 548 1270 588; x_wconf 92' lang='lat' dir='ltr'>in</span> <span class='ocrx_word' id='word_1_53' title='bbox 1296 545 1495 599; x_wconf 74' lang='lat' dir='ltr'>Ecclesia,</span> <span class='ocrx_word' id='word_1_54' title='bbox 1520 543 1671 602; x_wconf 84' lang='lat' dir='ltr'>quibus</span> <span class='ocrx_word' id='word_1_55' title='bbox 1695 544 1799 587; x_wconf 88' lang='lat' dir='ltr'>mul-</span> 
     </span>
     <span class='ocr_line' id='line_1_8' title="bbox 175 615 1799 674; baseline -0.002 -13"><span class='ocrx_word' id='word_1_56' title='bbox 175 621 274 662; x_wconf 84' lang='lat' dir='ltr'>ctari</span> <span class='ocrx_word' id='word_1_57' title='bbox 302 622 470 673; x_wconf 76' lang='lat' dir='ltr'>possunt</span> <span class='ocrx_word' id='word_1_58' title='bbox 493 630 636 660; x_wconf 90' lang='lat' dir='ltr'>omnes</span> <span class='ocrx_word' id='word_1_59' title='bbox 660 617 769 661; x_wconf 91' lang='lat' dir='ltr'>illius</span> <span class='ocrx_word' id='word_1_60' title='bbox 785 617 954 669; x_wconf 91' lang='lat' dir='ltr'>subditi,</span> <span class='ocrx_word' id='word_1_61' title='bbox 989 631 1082 661; x_wconf 90' lang='lat' dir='ltr'>cum</span> <span class='ocrx_word' id='word_1_62' title='bbox 1120 617 1239 673; x_wconf 88' lang='lat' dir='ltr'>bona,</span> <span class='ocrx_word' id='word_1_63' title='bbox 1273 616 1423 674; x_wconf 81' lang='lat' dir='ltr'>quibus</span> <span class='ocrx_word' id='word_1_64' title='bbox 1458 615 1550 658; x_wconf 85' lang='lat' dir='ltr'>illae</span> <span class='ocrx_word' id='word_1_65' title='bbox 1576 617 1755 672; x_wconf 78' lang='lat' dir='ltr'>privant,</span> <span class='ocrx_word' id='word_1_66' title='bbox 1777 627 1799 658; x_wconf 92' lang='lat' dir='ltr'>a</span> 
     </span>
     <span class='ocr_line' id='line_1_9' title="bbox 175 687 851 744; baseline -0.001 -12"><span class='ocrx_word' id='word_1_67' title='bbox 175 688 346 744; x_wconf 80' lang='lat' dir='ltr'>singuiis</span> <span class='ocrx_word' id='word_1_68' title='bbox 382 687 573 732; x_wconf 89' lang='lat' dir='ltr'>lidelibus</span> <span class='ocrx_word' id='word_1_69' title='bbox 606 688 851 732; x_wconf 79' lang='lat' dir='ltr'>habeantur.</span> 
     </span>
    </p>

    <p class='ocr_par' dir='ltr' id='par_1_5' title="bbox 175 757 1805 1311">
     <span class='ocr_line' id='line_1_10' title="bbox 296 757 1800 815; baseline -0.002 -14"><span class='ocrx_word' id='word_1_70' title='bbox 296 759 391 801; x_wconf 87' lang='grc'><strong>199.</strong></span> <span class='ocrx_word' id='word_1_71' title='bbox 425 761 561 805; x_wconf 83' lang='lat' dir='ltr'>Ordo</span> <span class='ocrx_word' id='word_1_72' title='bbox 595 774 836 806; x_wconf 85' lang='lat' dir='ltr'>canonum</span> <span class='ocrx_word' id='word_1_73' title='bbox 873 759 993 803; x_wconf 78' lang='lat' dir='ltr'>valde</span> <span class='ocrx_word' id='word_1_74' title='bbox 1026 760 1156 803; x_wconf 86' lang='lat' dir='ltr'>taeilis</span> <span class='ocrx_word' id='word_1_75' title='bbox 1188 772 1235 802; x_wconf 87' lang='lat' dir='ltr'>ae</span> <span class='ocrx_word' id='word_1_76' title='bbox 1271 759 1428 815; x_wconf 85' lang='lat' dir='ltr'>logicus</span> <span class='ocrx_word' id='word_1_77' title='bbox 1461 762 1535 801; x_wconf 86' lang='lat' dir='ltr'>est.</span> <span class='ocrx_word' id='word_1_78' title='bbox 1568 757 1669 801; x_wconf 78' lang='lat' dir='ltr'>Nam</span> <span class='ocrx_word' id='word_1_79' title='bbox 1710 769 1800 800; x_wconf 87' lang='lat' dir='ltr'>can.</span> 
     </span>
     <span class='ocr_line' id='line_1_11' title="bbox 177 828 1804 887; baseline -0.002 -14"><span class='ocrx_word' id='word_1_80' title='bbox 177 830 283 873; x_wconf 85' lang='grc'><strong>9991</strong></span> <span class='ocrx_word' id='word_1_81' title='bbox 323 836 536 873; x_wconf 81' lang='lat' dir='ltr'>enumerat</span> <span class='ocrx_word' id='word_1_82' title='bbox 574 832 817 886; x_wconf 90' lang='lat' dir='ltr'>praecipuas</span> <span class='ocrx_word' id='word_1_83' title='bbox 850 830 1001 887; x_wconf 84' lang='lat' dir='ltr'>poenas</span> <span class='ocrx_word' id='word_1_84' title='bbox 1037 830 1312 873; x_wconf 81' lang='lat' dir='ltr'>vindicativas</span> <span class='ocrx_word' id='word_1_85' title='bbox 1345 831 1552 873; x_wconf 86' lang='lat' dir='ltr'>mentione</span> <span class='ocrx_word' id='word_1_86' title='bbox 1584 828 1744 884; x_wconf 80' lang='lat' dir='ltr'>dignas,</span> <span class='ocrx_word' id='word_1_87' title='bbox 1764 831 1804 871; x_wconf 87' lang='lat' dir='ltr'>et</span> 
     </span>
     <span class='ocr_line' id='line_1_12' title="bbox 175 900 1803 959; baseline -0.002 -15"><span class='ocrx_word' id='word_1_88' title='bbox 175 900 485 959; x_wconf 84' lang='lat' dir='ltr'>subsequuntur</span> <span class='ocrx_word' id='word_1_89' title='bbox 508 914 687 945; x_wconf 81' lang='lat' dir='ltr'>canones</span> <span class='ocrx_word' id='word_1_90' title='bbox 709 901 948 958; x_wconf 79' lang='lat' dir='ltr'>explicativi</span> <span class='ocrx_word' id='word_1_91' title='bbox 973 914 1130 944; x_wconf 88' lang='lat' dir='ltr'>earum.</span> <span class='ocrx_word' id='word_1_92' title='bbox 1158 901 1546 944; x_wconf 89' lang='lat' dir='ltr'>Praetermittuntur</span> <span class='ocrx_word' id='word_1_93' title='bbox 1567 912 1677 954; x_wconf 83' lang='lat' dir='ltr'>vero,</span> <span class='ocrx_word' id='word_1_94' title='bbox 1696 911 1803 956; x_wconf 86' lang='lat' dir='ltr'>quae</span> 
     </span>
     <span class='ocr_line' id='line_1_13' title="bbox 176 968 1804 1029; baseline -0.002 -14"><span class='ocrx_word' id='word_1_95' title='bbox 176 985 224 1015; x_wconf 84' lang='lat' dir='ltr'>ex</span> <span class='ocrx_word' id='word_1_96' title='bbox 261 971 524 1029; x_wconf 79' lang='lat' dir='ltr'>homonymis</span> <span class='ocrx_word' id='word_1_97' title='bbox 557 975 744 1016; x_wconf 79' lang='lat' dir='ltr'>censuris</span> <span class='ocrx_word' id='word_1_98' title='bbox 777 974 1051 1028; x_wconf 88' lang='lat' dir='ltr'>innotescunt,</span> <span class='ocrx_word' id='word_1_99' title='bbox 1086 977 1125 1015; x_wconf 92' lang='lat' dir='ltr'>et</span> <span class='ocrx_word' id='word_1_100' title='bbox 1157 984 1263 1029; x_wconf 85' lang='lat' dir='ltr'>quae</span> <span class='ocrx_word' id='word_1_101' title='bbox 1290 971 1376 1015; x_wconf 91' lang='lat' dir='ltr'>sola</span> <span class='ocrx_word' id='word_1_102' title='bbox 1400 972 1690 1014; x_wconf 87' lang='lat' dir='ltr'>enunciatione</span> <span class='ocrx_word' id='word_1_103' title='bbox 1713 968 1804 1012; x_wconf 91' lang='lat' dir='ltr'>aliis</span> 
     </span>
     <span class='ocr_line' id='line_1_14' title="bbox 177 1041 1804 1099; baseline -0.002 -14"><span class='ocrx_word' id='word_1_104' title='bbox 177 1056 227 1086; x_wconf 83' lang='lat' dir='ltr'>ex</span> <span class='ocrx_word' id='word_1_105' title='bbox 258 1042 487 1086; x_wconf 89' lang='lat' dir='ltr'>canonibus</span> <span class='ocrx_word' id='word_1_106' title='bbox 520 1048 639 1086; x_wconf 93' lang='lat' dir='ltr'>notae</span> <span class='ocrx_word' id='word_1_107' title='bbox 672 1047 779 1087; x_wconf 93' lang='lat' dir='ltr'>sunt.</span> <span class='ocrx_word' id='word_1_108' title='bbox 815 1043 1034 1099; x_wconf 77' lang='lat' dir='ltr'>Propterea</span> <span class='ocrx_word' id='word_1_109' title='bbox 1068 1055 1158 1087; x_wconf 85' lang='lat' dir='ltr'>ean.</span> <span class='ocrx_word' id='word_1_110' title='bbox 1194 1043 1305 1086; x_wconf 89' lang='grc'><strong>9999</strong></span> <span class='ocrx_word' id='word_1_111' title='bbox 1330 1044 1414 1098; x_wconf 81' lang='lat' dir='ltr'>agit</span> <span class='ocrx_word' id='word_1_112' title='bbox 1432 1041 1482 1085; x_wconf 89' lang='lat' dir='ltr'>de</span> <span class='ocrx_word' id='word_1_113' title='bbox 1513 1042 1804 1097; x_wconf 88' lang='lat' dir='ltr'>suppressione</span> 
     </span>
     <span class='ocr_line' id='line_1_15' title="bbox 175 1110 1804 1169; baseline -0.003 -12"><span class='ocrx_word' id='word_1_114' title='bbox 175 1118 245 1157; x_wconf 90' lang='lat' dir='ltr'>aut</span> <span class='ocrx_word' id='word_1_115' title='bbox 279 1113 544 1157; x_wconf 87' lang='lat' dir='ltr'>translatione</span> <span class='ocrx_word' id='word_1_116' title='bbox 575 1114 685 1157; x_wconf 88' lang='lat' dir='ltr'>sedis</span> <span class='ocrx_word' id='word_1_117' title='bbox 718 1118 801 1156; x_wconf 91' lang='lat' dir='ltr'>tum</span> <span class='ocrx_word' id='word_1_118' title='bbox 828 1113 1074 1169; x_wconf 88' lang='lat' dir='ltr'>episcopalis</span> <span class='ocrx_word' id='word_1_119' title='bbox 1097 1119 1179 1156; x_wconf 90' lang='lat' dir='ltr'>tum</span> <span class='ocrx_word' id='word_1_120' title='bbox 1207 1111 1464 1169; x_wconf 87' lang='lat' dir='ltr'>paroecialis‚</span> <span class='ocrx_word' id='word_1_121' title='bbox 1488 1113 1554 1154; x_wconf 88' lang='lat' dir='ltr'>eui</span> <span class='ocrx_word' id='word_1_122' title='bbox 1578 1110 1804 1154; x_wconf 86' lang='lat' dir='ltr'>adnectun-</span> 
     </span>
     <span class='ocr_line' id='line_1_16' title="bbox 178 1181 1805 1242; baseline -0.002 -15"><span class='ocrx_word' id='word_1_123' title='bbox 178 1190 243 1228; x_wconf 88' lang='lat' dir='ltr'>tur</span> <span class='ocrx_word' id='word_1_124' title='bbox 274 1197 363 1227; x_wconf 86' lang='lat' dir='ltr'>can.</span> <span class='ocrx_word' id='word_1_125' title='bbox 399 1184 643 1227; x_wconf 78' lang='grc'><strong>99939995</strong></span> <span class='ocrx_word' id='word_1_126' title='bbox 677 1185 727 1227; x_wconf 89' lang='lat' dir='ltr'>de</span> <span class='ocrx_word' id='word_1_127' title='bbox 763 1185 928 1227; x_wconf 87' lang='lat' dir='ltr'>infamia</span> <span class='ocrx_word' id='word_1_128' title='bbox 973 1187 1088 1239; x_wconf 89' lang='lat' dir='ltr'>iuris,</span> <span class='ocrx_word' id='word_1_129' title='bbox 1130 1189 1253 1242; x_wconf 82' lang='lat' dir='ltr'>atque</span> <span class='ocrx_word' id='word_1_130' title='bbox 1296 1196 1386 1227; x_wconf 88' lang='lat' dir='ltr'>cau.</span> <span class='ocrx_word' id='word_1_131' title='bbox 1427 1183 1539 1225; x_wconf 83' lang='grc'><strong>9996</strong></span> <span class='ocrx_word' id='word_1_132' title='bbox 1575 1186 1722 1225; x_wconf 84' lang='lat' dir='ltr'>tractat</span> <span class='ocrx_word' id='word_1_133' title='bbox 1754 1181 1805 1224; x_wconf 87' lang='lat' dir='ltr'>de</span> 
     </span>
     <span class='ocr_line' id='line_1_17' title="bbox 179 1254 1549 1311; baseline -0.003 -14"><span class='ocrx_word' id='word_1_134' title='bbox 179 1254 520 1309; x_wconf 82' lang='lat' dir='ltr'>iuliabilitatibus,</span> <span class='ocrx_word' id='word_1_135' title='bbox 554 1268 683 1299; x_wconf 89' lang='lat' dir='ltr'>canon</span> <span class='ocrx_word' id='word_1_136' title='bbox 721 1269 819 1298; x_wconf 67' lang='lat' dir='ltr'>vero</span> <span class='ocrx_word' id='word_1_137' title='bbox 854 1255 964 1298; x_wconf 84' lang='grc'><strong>9997</strong></span> <span class='ocrx_word' id='word_1_138' title='bbox 1000 1256 1051 1298; x_wconf 90' lang='lat' dir='ltr'>de</span> <span class='ocrx_word' id='word_1_139' title='bbox 1086 1255 1257 1298; x_wconf 84' lang='lat' dir='ltr'>mulctis</span> <span class='ocrx_word' id='word_1_140' title='bbox 1288 1256 1549 1311; x_wconf 84' lang='lat' dir='ltr'>pecuniariis.</span> 
     </span>
    </p>

    <p class='ocr_par' dir='ltr' id='par_1_6' title="bbox 179 1323 1809 1880">
     <span class='ocr_line' id='line_1_18' title="bbox 299 1323 1808 1384; baseline -0.003 -12"><span class='ocrx_word' id='word_1_141' title='bbox 299 1326 394 1368; x_wconf 75' lang='grc'><strong>193-</strong></span> <span class='ocrx_word' id='word_1_142' title='bbox 431 1329 612 1372; x_wconf 87' lang='lat' dir='ltr'>Harum</span> <span class='ocrx_word' id='word_1_143' title='bbox 645 1341 917 1384; x_wconf 87' lang='lat' dir='ltr'>poenarum</span> <span class='ocrx_word' id='word_1_144' title='bbox 959 1328 1278 1373; x_wconf 86' lang='lat' dir='ltr'>enumeratio.</span> <span class='ocrx_word' id='word_1_145' title='bbox 1325 1325 1423 1368; x_wconf 76' lang='lat' dir='ltr'>Can.</span> <span class='ocrx_word' id='word_1_146' title='bbox 1468 1327 1600 1368; x_wconf 64' lang='lat'><em>9291.</em></span> <span class='ocrx_word' id='word_1_147' title='bbox 1635 1323 1808 1367; x_wconf 80' lang='lat' dir='ltr'>Poenae</span> 
     </span>
     <span class='ocr_line' id='line_1_19' title="bbox 180 1396 1807 1452; baseline -0.001 -14"><span class='ocrx_word' id='word_1_148' title='bbox 180 1396 461 1440; x_wconf 66' lang='lat' dir='ltr'>vvindicatione</span> <span class='ocrx_word' id='word_1_149' title='bbox 494 1399 531 1440; x_wconf 88' lang='lat' dir='ltr'>in</span> <span class='ocrx_word' id='word_1_150' title='bbox 567 1410 656 1441; x_wconf 86' lang='lat' dir='ltr'>cau.</span> <span class='ocrx_word' id='word_1_151' title='bbox 693 1397 805 1441; x_wconf 78' lang='grc'><strong>9986</strong></span> <span class='ocrx_word' id='word_1_152' title='bbox 830 1397 1041 1452; x_wconf 86' lang='lat' dir='ltr'>delinitae,</span> <span class='ocrx_word' id='word_1_153' title='bbox 1077 1410 1406 1441; x_wconf 79' lang='lat' dir='ltr'>«communes»</span> <span class='ocrx_word' id='word_1_154' title='bbox 1447 1399 1556 1439; x_wconf 79' lang='lat' dir='ltr'>iuxta</span> <span class='ocrx_word' id='word_1_155' title='bbox 1582 1397 1728 1451; x_wconf 86' lang='lat' dir='ltr'>capitis</span> <span class='ocrx_word' id='word_1_156' title='bbox 1752 1396 1807 1436; x_wconf 89' lang='lat' dir='ltr'>in-</span> 
     </span>
     <span class='ocr_line' id='line_1_20' title="bbox 179 1465 1809 1526; baseline -0.002 -15"><span class='ocrx_word' id='word_1_157' title='bbox 179 1470 462 1524; x_wconf 83' lang='lat' dir='ltr'>scriptionem,</span> <span class='ocrx_word' id='word_1_158' title='bbox 488 1469 524 1511; x_wconf 89' lang='lat' dir='ltr'>id</span> <span class='ocrx_word' id='word_1_159' title='bbox 561 1474 647 1512; x_wconf 88' lang='lat' dir='ltr'>est:</span> <span class='ocrx_word' id='word_1_160' title='bbox 682 1483 789 1526; x_wconf 82' lang='lat' dir='ltr'>quae</span> <span class='ocrx_word' id='word_1_161' title='bbox 821 1482 961 1511; x_wconf 80' lang='lat' dir='ltr'>omnes</span> <span class='ocrx_word' id='word_1_162' title='bbox 994 1468 1150 1525; x_wconf 77' lang='lat' dir='ltr'>fideles,</span> <span class='ocrx_word' id='word_1_163' title='bbox 1187 1471 1297 1511; x_wconf 83' lang='lat' dir='ltr'>viros</span> <span class='ocrx_word' id='word_1_164' title='bbox 1319 1481 1367 1512; x_wconf 90' lang='lat' dir='ltr'>ac</span> <span class='ocrx_word' id='word_1_165' title='bbox 1393 1467 1600 1521; x_wconf 88' lang='lat' dir='ltr'>mulieres,</span> <span class='ocrx_word' id='word_1_166' title='bbox 1623 1468 1712 1509; x_wconf 82' lang='lat' dir='ltr'>sive</span> <span class='ocrx_word' id='word_1_167' title='bbox 1730 1465 1809 1509; x_wconf 88' lang='lat' dir='ltr'>cle-</span> 
     </span>
     <span class='ocr_line' id='line_1_21' title="bbox 182 1536 1809 1598; baseline -0.001 -17"><span class='ocrx_word' id='word_1_168' title='bbox 182 1541 254 1582; x_wconf 89' lang='lat' dir='ltr'>rici</span> <span class='ocrx_word' id='word_1_169' title='bbox 288 1541 369 1582; x_wconf 91' lang='lat' dir='ltr'>sint</span> <span class='ocrx_word' id='word_1_170' title='bbox 402 1539 472 1593; x_wconf 92' lang='lat' dir='ltr'>illi,</span> <span class='ocrx_word' id='word_1_171' title='bbox 505 1542 595 1583; x_wconf 86' lang='lat' dir='ltr'>sive</span> <span class='ocrx_word' id='word_1_172' title='bbox 637 1539 745 1593; x_wconf 87' lang='lat' dir='ltr'>laici,</span> <span class='ocrx_word' id='word_1_173' title='bbox 788 1545 857 1583; x_wconf 94' lang='lat' dir='ltr'>aut</span> <span class='ocrx_word' id='word_1_174' title='bbox 892 1540 1088 1597; x_wconf 77' lang='lat' dir='ltr'>religiosi,</span> <span class='ocrx_word' id='word_1_175' title='bbox 1117 1554 1195 1598; x_wconf 75' lang='lat' dir='ltr'>pro</span> <span class='ocrx_word' id='word_1_176' title='bbox 1228 1539 1476 1583; x_wconf 77' lang='lat' dir='ltr'>delictorum</span> <span class='ocrx_word' id='word_1_177' title='bbox 1506 1537 1721 1595; x_wconf 71' lang='lat' dir='ltr'>yravitate</span> <span class='ocrx_word' id='word_1_178' title='bbox 1752 1536 1809 1579; x_wconf 89' lang='lat' dir='ltr'>di-</span> 
     </span>
     <span class='ocr_line' id='line_1_22' title="bbox 185 1608 1807 1667; baseline 0.001 -18"><span class='ocrx_word' id='word_1_179' title='bbox 185 1622 341 1658; x_wconf 78' lang='lat' dir='ltr'>versae,</span> <span class='ocrx_word' id='word_1_180' title='bbox 385 1616 507 1667; x_wconf 86' lang='lat' dir='ltr'>atque</span> <span class='ocrx_word' id='word_1_181' title='bbox 549 1610 613 1653; x_wconf 90' lang='lat' dir='ltr'>his</span> <span class='ocrx_word' id='word_1_182' title='bbox 654 1613 766 1654; x_wconf 90' lang='lat' dir='ltr'>innui</span> <span class='ocrx_word' id='word_1_183' title='bbox 809 1611 973 1654; x_wconf 84' lang='lat' dir='ltr'>videtur</span> <span class='ocrx_word' id='word_1_184' title='bbox 1006 1610 1096 1654; x_wconf 88' lang='lat' dir='ltr'>illas</span> <span class='ocrx_word' id='word_1_185' title='bbox 1130 1613 1234 1654; x_wconf 90' lang='lat' dir='ltr'>iuter</span> <span class='ocrx_word' id='word_1_186' title='bbox 1266 1624 1309 1654; x_wconf 92' lang='lat' dir='ltr'>se</span> <span class='ocrx_word' id='word_1_187' title='bbox 1352 1610 1535 1653; x_wconf 91' lang='lat' dir='ltr'>ordinari</span> <span class='ocrx_word' id='word_1_188' title='bbox 1578 1608 1807 1653; x_wconf 87' lang='lat' dir='ltr'>seeundum</span> 
     </span>
     <span class='ocr_line' id='line_1_23' title="bbox 183 1681 1809 1740; baseline 0 -18"><span class='ocrx_word' id='word_1_189' title='bbox 183 1682 379 1723; x_wconf 90' lang='lat' dir='ltr'>maiorem</span> <span class='ocrx_word' id='word_1_190' title='bbox 417 1682 676 1725; x_wconf 88' lang='lat' dir='ltr'>minoremve</span> <span class='ocrx_word' id='word_1_191' title='bbox 708 1684 971 1738; x_wconf 82' lang='lat' dir='ltr'>gravitatem,</span> <span class='ocrx_word' id='word_1_192' title='bbox 1006 1681 1168 1740; x_wconf 81' lang='lat' dir='ltr'>afficere</span> <span class='ocrx_word' id='word_1_193' title='bbox 1198 1687 1374 1739; x_wconf 80' lang='lat' dir='ltr'>possunt</span> <span class='ocrx_word' id='word_1_194' title='bbox 1407 1694 1455 1724; x_wconf 85' lang='lat' dir='ltr'>ex</span> <span class='ocrx_word' id='word_1_195' title='bbox 1482 1683 1570 1723; x_wconf 89' lang='lat' dir='ltr'>iure</span> <span class='ocrx_word' id='word_1_196' title='bbox 1595 1682 1809 1736; x_wconf 87' lang='lat' dir='ltr'>impositae</span> 
     </span>
     <span class='ocr_line' id='line_1_24' title="bbox 185 1750 1809 1809; baseline 0.001 -17"><span class='ocrx_word' id='word_1_197' title='bbox 185 1750 247 1794; x_wconf 78' lang='lat' dir='ltr'>vel</span> <span class='ocrx_word' id='word_1_198' title='bbox 291 1750 342 1794; x_wconf 86' lang='lat' dir='ltr'>ab</span> <span class='ocrx_word' id='word_1_199' title='bbox 386 1751 566 1804; x_wconf 89' lang='lat' dir='ltr'>homine,</span> <span class='ocrx_word' id='word_1_200' title='bbox 609 1751 652 1794; x_wconf 81' lang='lat' dir='ltr'>in</span> <span class='ocrx_word' id='word_1_201' title='bbox 694 1751 887 1796; x_wconf 76' lang='lat' dir='ltr'>Ecclesia</span> <span class='ocrx_word' id='word_1_202' title='bbox 929 1767 1001 1797; x_wconf 92' lang='lat' dir='ltr'>seu</span> <span class='ocrx_word' id='word_1_203' title='bbox 1043 1753 1117 1797; x_wconf 82' lang='lat' dir='ltr'>liae</span> <span class='ocrx_word' id='word_1_204' title='bbox 1163 1753 1354 1809; x_wconf 85' lang='lat' dir='ltr'>religiosa</span> <span class='ocrx_word' id='word_1_205' title='bbox 1397 1754 1592 1796; x_wconf 86' lang='lat' dir='ltr'>societate</span> <span class='ocrx_word' id='word_1_206' title='bbox 1627 1752 1809 1807; x_wconf 78' lang='lat' dir='ltr'>perfecta</span> 
     </span>
     <span class='ocr_line' id='line_1_25' title="bbox 179 1822 1188 1880; baseline 0.004 -17"><span class='ocrx_word' id='word_1_207' title='bbox 179 1822 447 1879; x_wconf 77' lang='lat' dir='ltr'>praesertim,</span> <span class='ocrx_word' id='word_1_208' title='bbox 479 1825 576 1880; x_wconf 79' lang='lat' dir='ltr'>quin</span> <span class='ocrx_word' id='word_1_209' title='bbox 611 1823 716 1866; x_wconf 90' lang='lat' dir='ltr'>aliae</span> <span class='ocrx_word' id='word_1_210' title='bbox 749 1823 1039 1877; x_wconf 75' lang='lat' dir='ltr'>excludantur,</span> <span class='ocrx_word' id='word_1_211' title='bbox 1072 1829 1188 1867; x_wconf 90' lang='lat' dir='ltr'>sunt:</span> 
     </span>
    </p>

    <p class='ocr_par' dir='ltr' id='par_1_7' title="bbox 183 1892 1816 2945">
     <span class='ocr_line' id='line_1_26' title="bbox 303 1892 1810 1953; baseline -0.001 -17"><span class='ocrx_word' id='word_1_212' title='bbox 303 1893 471 1950; x_wconf 87' lang='lat' dir='ltr'>Propter</span> <span class='ocrx_word' id='word_1_213' title='bbox 504 1893 779 1952; x_wconf 70' lang='lat' dir='ltr'>bomonymas</span> <span class='ocrx_word' id='word_1_214' title='bbox 812 1908 1010 1939; x_wconf 89' lang='lat' dir='ltr'>censuras</span> <span class='ocrx_word' id='word_1_215' title='bbox 1042 1892 1106 1950; x_wconf 73' lang='lat' dir='ltr'>et,=</span> <span class='ocrx_word' id='word_1_216' title='bbox 1127 1898 1224 1953; x_wconf 83' lang='lat' dir='ltr'>quia</span> <span class='ocrx_word' id='word_1_217' title='bbox 1250 1898 1288 1938; x_wconf 91' lang='lat' dir='ltr'>in</span> <span class='ocrx_word' id='word_1_218' title='bbox 1311 1895 1389 1939; x_wconf 87' lang='lat' dir='ltr'>hoc</span> <span class='ocrx_word' id='word_1_219' title='bbox 1412 1895 1553 1952; x_wconf 85' lang='lat' dir='ltr'>Capite</span> <span class='ocrx_word' id='word_1_220' title='bbox 1577 1907 1655 1937; x_wconf 94' lang='lat' dir='ltr'>non</span> <span class='ocrx_word' id='word_1_221' title='bbox 1680 1892 1810 1949; x_wconf 85' lang='lat' dir='ltr'>expli-</span> 
     </span>
     <span class='ocr_line' id='line_1_27' title="bbox 183 1964 1813 2023; baseline 0 -17"><span class='ocrx_word' id='word_1_222' title='bbox 183 1968 341 2016; x_wconf 87' lang='lat' dir='ltr'>cantur,</span> <span class='ocrx_word' id='word_1_223' title='bbox 377 1964 653 2008; x_wconf 87' lang='lat' dir='ltr'>moderandas</span> <span class='ocrx_word' id='word_1_224' title='bbox 687 1968 798 2009; x_wconf 86' lang='lat' dir='ltr'>iuxta</span> <span class='ocrx_word' id='word_1_225' title='bbox 831 1978 1010 2009; x_wconf 86' lang='lat' dir='ltr'>canones</span> <span class='ocrx_word' id='word_1_226' title='bbox 1032 1965 1153 2010; x_wconf 91' lang='lat' dir='ltr'>Tituli</span> <span class='ocrx_word' id='word_1_227' title='bbox 1180 1966 1481 2023; x_wconf 88' lang='lat' dir='ltr'>praecedentis,</span> <span class='ocrx_word' id='word_1_228' title='bbox 1506 1964 1574 2009; x_wconf 90' lang='lat' dir='ltr'>ubi</span> <span class='ocrx_word' id='word_1_229' title='bbox 1597 1964 1702 2008; x_wconf 87' lang='lat' dir='ltr'>desit</span> <span class='ocrx_word' id='word_1_230' title='bbox 1724 1976 1813 2006; x_wconf 85' lang='lat' dir='ltr'>ver-</span> 
     </span>
     <span class='ocr_line' id='line_1_28' title="bbox 186 2033 1810 2093; baseline -0.001 -16"><span class='ocrx_word' id='word_1_231' title='bbox 186 2033 281 2077; x_wconf 88' lang='lat' dir='ltr'>bum</span> <span class='ocrx_word' id='word_1_232' title='bbox 321 2048 602 2089; x_wconf 79' lang='lat' dir='ltr'>«censura»,</span> <span class='ocrx_word' id='word_1_233' title='bbox 639 2036 679 2079; x_wconf 87' lang='grc' dir='ltr'>1Ο</span> <span class='ocrx_word' id='word_1_234' title='bbox 714 2035 988 2080; x_wconf 81' lang='lat' dir='ltr'>Interdictum</span> <span class='ocrx_word' id='word_1_235' title='bbox 1020 2037 1155 2081; x_wconf 82' lang='lat' dir='ltr'>locale</span> <span class='ocrx_word' id='word_1_236' title='bbox 1190 2040 1324 2080; x_wconf 79' lang='lat' dir='ltr'>«sive</span> <span class='ocrx_word' id='word_1_237' title='bbox 1355 2035 1551 2093; x_wconf 83' lang='lat' dir='ltr'>generale</span> <span class='ocrx_word' id='word_1_238' title='bbox 1573 2037 1663 2079; x_wconf 72' lang='lat' dir='ltr'>sive</span> <span class='ocrx_word' id='word_1_239' title='bbox 1685 2036 1810 2091; x_wconf 90' lang='lat' dir='ltr'>parti-</span> 
     </span>
     <span class='ocr_line' id='line_1_29' title="bbox 185 2104 1813 2164; baseline -0.001 -16"><span class='ocrx_word' id='word_1_240' title='bbox 185 2104 325 2148; x_wconf 86' lang='lat' dir='ltr'>culare</span> <span class='ocrx_word' id='word_1_241' title='bbox 348 2120 369 2145; x_wconf 81' lang='lat'>›&gt;</span> <span class='ocrx_word' id='word_1_242' title='bbox 409 2105 517 2162; x_wconf 84' lang='lat' dir='ltr'>(can.</span> <span class='ocrx_word' id='word_1_243' title='bbox 554 2106 686 2163; x_wconf 84' lang='grc'><strong>9970)</strong></span> <span class='ocrx_word' id='word_1_244' title='bbox 719 2121 813 2150; x_wconf 88' lang='lat' dir='ltr'>eum</span> <span class='ocrx_word' id='word_1_245' title='bbox 848 2109 1189 2164; x_wconf 86' lang='lat' dir='ltr'>permissionibus</span> <span class='ocrx_word' id='word_1_246' title='bbox 1221 2115 1328 2152; x_wconf 85' lang='lat' dir='ltr'>ean.⁵</span> <span class='ocrx_word' id='word_1_247' title='bbox 1362 2108 1470 2151; x_wconf 87' lang='grc'><strong>9971</strong></span> <span class='ocrx_word' id='word_1_248' title='bbox 1508 2120 1581 2163; x_wconf 91' lang='lat' dir='ltr'>pro</span> <span class='ocrx_word' id='word_1_249' title='bbox 1615 2106 1682 2149; x_wconf 94' lang='lat' dir='ltr'>illo</span> <span class='ocrx_word' id='word_1_250' title='bbox 1706 2110 1813 2149; x_wconf 84' lang='lat' dir='ltr'>can.S</span> 
     </span>
     <span class='ocr_line' id='line_1_30' title="bbox 187 2175 1811 2235; baseline 0.001 -17"><span class='ocrx_word' id='word_1_251' title='bbox 187 2175 299 2218; x_wconf 88' lang='grc'><strong>9979</strong></span> <span class='ocrx_word' id='word_1_252' title='bbox 335 2189 407 2232; x_wconf 92' lang='lat' dir='ltr'>pro</span> <span class='ocrx_word' id='word_1_253' title='bbox 456 2179 544 2231; x_wconf 87' lang='lat' dir='ltr'>isto,</span> <span class='ocrx_word' id='word_1_254' title='bbox 588 2182 714 2235; x_wconf 84' lang='lat' dir='ltr'>atque</span> <span class='ocrx_word' id='word_1_255' title='bbox 755 2179 1109 2235; x_wconf 90' lang='lat' dir='ltr'>interpretandum</span> <span class='ocrx_word' id='word_1_256' title='bbox 1154 2180 1204 2223; x_wconf 90' lang='lat' dir='ltr'>ad</span> <span class='ocrx_word' id='word_1_257' title='bbox 1249 2192 1437 2222; x_wconf 90' lang='lat' dir='ltr'>normam</span> <span class='ocrx_word' id='word_1_258' title='bbox 1472 2184 1579 2222; x_wconf 58' lang='grc' dir='ltr'>6311.εἰ</span> <span class='ocrx_word' id='word_1_259' title='bbox 1613 2178 1740 2231; x_wconf 74' lang='grc'><strong>9973,</strong></span> <span class='ocrx_word' id='word_1_260' title='bbox 1773 2182 1811 2219; x_wconf 77' lang='lat' dir='ltr'>ec</span> 
     </span>
     <span class='ocr_line' id='line_1_31' title="bbox 188 2246 1812 2307; baseline 0.002 -19"><span class='ocrx_word' id='word_1_261' title='bbox 188 2246 457 2289; x_wconf 81' lang='lat' dir='ltr'>interdictum</span> <span class='ocrx_word' id='word_1_262' title='bbox 490 2247 532 2289; x_wconf 72' lang='lat' dir='ltr'>‘in</span> <span class='ocrx_word' id='word_1_263' title='bbox 567 2249 905 2292; x_wconf 73' lang='lat' dir='ltr'>communitatem</span> <span class='ocrx_word' id='word_1_264' title='bbox 937 2264 1009 2292; x_wconf 87' lang='lat' dir='ltr'>seu</span> <span class='ocrx_word' id='word_1_265' title='bbox 1041 2249 1262 2307; x_wconf 72' lang='lat' dir='ltr'>colleyium</span> <span class='ocrx_word' id='word_1_266' title='bbox 1294 2249 1523 2293; x_wconf 89' lang='lat' dir='ltr'>secundum</span> <span class='ocrx_word' id='word_1_267' title='bbox 1559 2262 1648 2293; x_wconf 87' lang='lat' dir='ltr'>can.</span> <span class='ocrx_word' id='word_1_268' title='bbox 1684 2249 1812 2305; x_wconf 77' lang='grc'><strong>9974,</strong></span> 
     </span>
     <span class='ocr_line' id='line_1_32' title="bbox 187 2317 1813 2379; baseline 0.003 -20"><span class='ocrx_word' id='word_1_269' title='bbox 187 2317 228 2374; x_wconf 90' lang='grc'>3)</span> <span class='ocrx_word' id='word_1_270' title='bbox 262 2318 303 2360; x_wconf 84' lang='lat' dir='ltr'>in</span> <span class='ocrx_word' id='word_1_271' title='bbox 334 2323 584 2375; x_wconf 80' lang='lat' dir='ltr'>perpetuum</span> <span class='ocrx_word' id='word_1_272' title='bbox 617 2333 812 2376; x_wconf 81' lang='lat' dir='ltr'>expresse</span> <span class='ocrx_word' id='word_1_273' title='bbox 847 2319 889 2377; x_wconf 87' lang='lat' dir='ltr'>b)</span> <span class='ocrx_word' id='word_1_274' title='bbox 923 2320 986 2363; x_wconf 69' lang='lat' dir='ltr'>vel</span> <span class='ocrx_word' id='word_1_275' title='bbox 1017 2320 1074 2363; x_wconf 77' lang='lat' dir='ltr'>acl</span> <span class='ocrx_word' id='word_1_276' title='bbox 1107 2326 1266 2379; x_wconf 81' lang='lat' dir='ltr'>tempus</span> <span class='ocrx_word' id='word_1_277' title='bbox 1295 2320 1568 2378; x_wconf 81' lang='lat' dir='ltr'>praefinitum</span> <span class='ocrx_word' id='word_1_278' title='bbox 1602 2321 1639 2375; x_wconf 74' lang='lat' dir='ltr'>c)</span> <span class='ocrx_word' id='word_1_279' title='bbox 1661 2320 1724 2364; x_wconf 70' lang='lat' dir='ltr'>vel</span> <span class='ocrx_word' id='word_1_280' title='bbox 1746 2334 1813 2364; x_wconf 88' lang='lat' dir='ltr'>ex-</span> 
     </span>
     <span class='ocr_line' id='line_1_33' title="bbox 187 2388 1812 2448; baseline 0.002 -17"><span class='ocrx_word' id='word_1_281' title='bbox 187 2401 326 2444; x_wconf 89' lang='lat' dir='ltr'>presse</span> <span class='ocrx_word' id='word_1_282' title='bbox 359 2388 415 2431; x_wconf 85' lang='lat' dir='ltr'>aal</span> <span class='ocrx_word' id='word_1_283' title='bbox 446 2388 749 2446; x_wconf 81' lang='lat' dir='ltr'>beneplacitum</span> <span class='ocrx_word' id='word_1_284' title='bbox 783 2391 1024 2448; x_wconf 75' lang='lat' dir='ltr'>Superioris</span> <span class='ocrx_word' id='word_1_285' title='bbox 1060 2391 1156 2435; x_wconf 90' lang='lat' dir='ltr'>illud</span> <span class='ocrx_word' id='word_1_286' title='bbox 1196 2392 1418 2448; x_wconf 78' lang='lat' dir='ltr'>infligentis</span> <span class='ocrx_word' id='word_1_287' title='bbox 1454 2392 1515 2435; x_wconf 76' lang='lat' dir='ltr'>vel</span> <span class='ocrx_word' id='word_1_288' title='bbox 1555 2393 1738 2446; x_wconf 89' lang='lat' dir='ltr'>alterius,</span> <span class='ocrx_word' id='word_1_289' title='bbox 1772 2394 1812 2434; x_wconf 94' lang='lat' dir='ltr'>in</span> 
     </span>
     <span class='ocr_line' id='line_1_34' title="bbox 185 2458 1812 2520; baseline 0.004 -19"><span class='ocrx_word' id='word_1_290' title='bbox 185 2471 265 2516; x_wconf 88' lang='lat' dir='ltr'>qua</span> <span class='ocrx_word' id='word_1_291' title='bbox 300 2458 449 2516; x_wconf 89' lang='lat' dir='ltr'>triplici</span> <span class='ocrx_word' id='word_1_292' title='bbox 484 2459 702 2517; x_wconf 67' lang='lat' dir='ltr'>hypothesi</span> <span class='ocrx_word' id='word_1_293' title='bbox 737 2461 872 2504; x_wconf 79' lang='lat' dir='ltr'>diflert</span> <span class='ocrx_word' id='word_1_294' title='bbox 910 2461 961 2506; x_wconf 87' lang='lat' dir='ltr'>ab</span> <span class='ocrx_word' id='word_1_295' title='bbox 1000 2464 1231 2517; x_wconf 87' lang='lat' dir='ltr'>interdicto,</span> <span class='ocrx_word' id='word_1_296' title='bbox 1272 2463 1381 2520; x_wconf 85' lang='lat' dir='ltr'>quod</span> <span class='ocrx_word' id='word_1_297' title='bbox 1425 2465 1476 2506; x_wconf 90' lang='lat' dir='ltr'>sit</span> <span class='ocrx_word' id='word_1_298' title='bbox 1519 2475 1721 2511; x_wconf 79' lang='lat' dir='ltr'>censura:</span> <span class='ocrx_word' id='word_1_299' title='bbox 1759 2488 1812 2493; x_wconf 84' lang='lat'><em>-</em></span> 
     </span>
     <span class='ocr_line' id='line_1_35' title="bbox 186 2528 1815 2591; baseline 0.004 -20"><span class='ocrx_word' id='word_1_300' title='bbox 186 2529 234 2572; x_wconf 68' lang='lat'>20</span> <span class='ocrx_word' id='word_1_301' title='bbox 266 2528 541 2573; x_wconf 77' lang='lat' dir='ltr'>Interdictum</span> <span class='ocrx_word' id='word_1_302' title='bbox 573 2530 622 2573; x_wconf 85' lang='lat' dir='ltr'>ab</span> <span class='ocrx_word' id='word_1_303' title='bbox 655 2531 849 2588; x_wconf 67' lang='lat' dir='ltr'>inqressu</span> <span class='ocrx_word' id='word_1_304' title='bbox 882 2532 1082 2576; x_wconf 82' lang='lat' dir='ltr'>ecclesiae</span> <span class='ocrx_word' id='word_1_305' title='bbox 1113 2534 1248 2591; x_wconf 89' lang='lat' dir='ltr'>quoad</span> <span class='ocrx_word' id='word_1_306' title='bbox 1284 2534 1456 2577; x_wconf 81' lang='lat' dir='ltr'>effectus</span> <span class='ocrx_word' id='word_1_307' title='bbox 1488 2536 1710 2578; x_wconf 81' lang='lat' dir='ltr'>canonicos</span> <span class='ocrx_word' id='word_1_308' title='bbox 1747 2547 1815 2577; x_wconf 84' lang='lat' dir='ltr'>ex-</span> 
     </span>
     <span class='ocr_line' id='line_1_36' title="bbox 189 2600 1812 2663; baseline 0.003 -21"><span class='ocrx_word' id='word_1_309' title='bbox 189 2600 383 2656; x_wconf 87' lang='lat' dir='ltr'>plicatum</span> <span class='ocrx_word' id='word_1_310' title='bbox 420 2604 458 2644; x_wconf 93' lang='lat' dir='ltr'>iu</span> <span class='ocrx_word' id='word_1_311' title='bbox 491 2614 580 2645; x_wconf 88' lang='lat' dir='ltr'>ean.</span> <span class='ocrx_word' id='word_1_312' title='bbox 618 2603 744 2657; x_wconf 76' lang='grc'><strong>9977,</strong></span> <span class='ocrx_word' id='word_1_313' title='bbox 778 2602 818 2659; x_wconf 88' lang='grc'>3)</span> <span class='ocrx_word' id='word_1_314' title='bbox 852 2604 897 2646; x_wconf 85' lang='lat' dir='ltr'>in</span> <span class='ocrx_word' id='word_1_315' title='bbox 927 2609 1175 2662; x_wconf 76' lang='lat' dir='ltr'>perpetuum</span> <span class='ocrx_word' id='word_1_316' title='bbox 1211 2604 1252 2661; x_wconf 90' lang='lat' dir='ltr'>b)</span> <span class='ocrx_word' id='word_1_317' title='bbox 1288 2604 1349 2648; x_wconf 69' lang='lat' dir='ltr'>cel</span> <span class='ocrx_word' id='word_1_318' title='bbox 1382 2605 1437 2648; x_wconf 80' lang='lat' dir='ltr'>ad</span> <span class='ocrx_word' id='word_1_319' title='bbox 1471 2611 1630 2663; x_wconf 81' lang='lat' dir='ltr'>tempus</span> <span class='ocrx_word' id='word_1_320' title='bbox 1659 2604 1812 2663; x_wconf 77' lang='lat' dir='ltr'>praefi-</span> 
     </span>
     <span class='ocr_line' id='line_1_37' title="bbox 190 2670 1815 2731; baseline 0.003 -18"><span class='ocrx_word' id='word_1_321' title='bbox 190 2671 323 2713; x_wconf 84' lang='lat' dir='ltr'>nitum</span> <span class='ocrx_word' id='word_1_322' title='bbox 355 2670 395 2728; x_wconf 83' lang='lat' dir='ltr'>c)</span> <span class='ocrx_word' id='word_1_323' title='bbox 432 2671 493 2714; x_wconf 68' lang='lat' dir='ltr'>vel</span> <span class='ocrx_word' id='word_1_324' title='bbox 526 2672 581 2715; x_wconf 76' lang='lat' dir='ltr'>acl</span> <span class='ocrx_word' id='word_1_325' title='bbox 613 2672 917 2731; x_wconf 80' lang='lat' dir='ltr'>beneplacitum</span> <span class='ocrx_word' id='word_1_326' title='bbox 949 2674 1205 2729; x_wconf 73' lang='lat' dir='ltr'>Superioris,</span> <span class='ocrx_word' id='word_1_327' title='bbox 1240 2676 1436 2719; x_wconf 88' lang='lat' dir='ltr'>clausulis</span> <span class='ocrx_word' id='word_1_328' title='bbox 1469 2676 1545 2720; x_wconf 91' lang='lat' dir='ltr'>sub</span> <span class='ocrx_word' id='word_1_329' title='bbox 1578 2677 1636 2719; x_wconf 91' lang='lat' dir='ltr'>u.⁰</span> <span class='ocrx_word' id='word_1_330' title='bbox 1673 2676 1715 2718; x_wconf 74' lang='lat'>10</span> <span class='ocrx_word' id='word_1_331' title='bbox 1749 2675 1815 2718; x_wconf 91' lang='lat' dir='ltr'>de-</span> 
     </span>
     <span class='ocr_line' id='line_1_38' title="bbox 190 2742 1814 2804; baseline 0.002 -19"><span class='ocrx_word' id='word_1_332' title='bbox 190 2742 383 2796; x_wconf 71' lang='lat' dir='ltr'>claratis,</span> <span class='ocrx_word' id='word_1_333' title='bbox 420 2769 472 2775; x_wconf 91' lang='lat'>—</span> <span class='ocrx_word' id='word_1_334' title='bbox 505 2745 553 2786; x_wconf 80' lang='lat'>3⁰</span> <span class='ocrx_word' id='word_1_335' title='bbox 591 2743 796 2799; x_wconf 81' lang='lat' dir='ltr'>Poenalis,</span> <span class='ocrx_word' id='word_1_336' title='bbox 837 2748 932 2803; x_wconf 87' lang='lat' dir='ltr'>quia</span> <span class='ocrx_word' id='word_1_337' title='bbox 976 2760 1024 2790; x_wconf 85' lang='lat' dir='ltr'>ex</span> <span class='ocrx_word' id='word_1_338' title='bbox 1069 2747 1160 2790; x_wconf 91' lang='lat' dir='ltr'>aliis</span> <span class='ocrx_word' id='word_1_339' title='bbox 1198 2750 1333 2791; x_wconf 88' lang='lat' dir='ltr'>causis</span> <span class='ocrx_word' id='word_1_340' title='bbox 1367 2749 1454 2791; x_wconf 89' lang='lat' dir='ltr'>tieri</span> <span class='ocrx_word' id='word_1_341' title='bbox 1498 2750 1621 2791; x_wconf 89' lang='lat' dir='ltr'>etiam</span> <span class='ocrx_word' id='word_1_342' title='bbox 1665 2751 1814 2804; x_wconf 85' lang='lat' dir='ltr'>posset,</span> 
     </span>
     <span class='ocr_line' id='line_1_39' title="bbox 195 2813 1816 2876; baseline 0.003 -21"><span class='ocrx_word' id='word_1_343' title='bbox 195 2813 422 2856; x_wconf 80' lang='lat' dir='ltr'>translatio</span> <span class='ocrx_word' id='word_1_344' title='bbox 455 2814 506 2858; x_wconf 89' lang='lat' dir='ltr'>de</span> <span class='ocrx_word' id='word_1_345' title='bbox 541 2828 619 2858; x_wconf 91' lang='lat' dir='ltr'>una</span> <span class='ocrx_word' id='word_1_346' title='bbox 653 2818 822 2859; x_wconf 80' lang='lat' dir='ltr'>civitate</span> <span class='ocrx_word' id='word_1_347' title='bbox 858 2817 921 2860; x_wconf 84' lang='lat' dir='ltr'>vel</span> <span class='ocrx_word' id='word_1_348' title='bbox 961 2817 1133 2861; x_wconf 86' lang='lat' dir='ltr'>eeclesia</span> <span class='ocrx_word' id='word_1_349' title='bbox 1161 2820 1198 2861; x_wconf 90' lang='lat' dir='ltr'>iu</span> <span class='ocrx_word' id='word_1_350' title='bbox 1222 2819 1360 2874; x_wconf 87' lang='lat' dir='ltr'>aliam,</span> <span class='ocrx_word' id='word_1_351' title='bbox 1396 2819 1457 2862; x_wconf 78' lang='lat' dir='ltr'>vel</span> <span class='ocrx_word' id='word_1_352' title='bbox 1479 2817 1733 2876; x_wconf 81' lang='lat' dir='ltr'>suppressio,</span> <span class='ocrx_word' id='word_1_353' title='bbox 1767 2830 1816 2861; x_wconf 90' lang='lat' dir='ltr'>eo</span> 
     </span>
     <span class='ocr_line' id='line_1_40' title="bbox 196 2884 1815 2945; baseline 0.005 -21"><span class='ocrx_word' id='word_1_354' title='bbox 196 2885 303 2941; x_wconf 85' lang='lat' dir='ltr'>quod</span> <span class='ocrx_word' id='word_1_355' title='bbox 339 2884 405 2928; x_wconf 91' lang='lat' dir='ltr'>alii</span> <span class='ocrx_word' id='word_1_356' title='bbox 439 2885 618 2929; x_wconf 88' lang='lat' dir='ltr'>dioecesi</span> <span class='ocrx_word' id='word_1_357' title='bbox 655 2886 717 2929; x_wconf 80' lang='lat' dir='ltr'>vel</span> <span class='ocrx_word' id='word_1_358' title='bbox 756 2889 972 2942; x_wconf 86' lang='lat' dir='ltr'>paroeciae</span> <span class='ocrx_word' id='word_1_359' title='bbox 1004 2889 1224 2932; x_wconf 86' lang='lat' dir='ltr'>adiiciatur</span> <span class='ocrx_word' id='word_1_360' title='bbox 1256 2893 1526 2945; x_wconf 88' lang='lat' dir='ltr'>territorium,</span> <span class='ocrx_word' id='word_1_361' title='bbox 1545 2889 1656 2933; x_wconf 83' lang='lat' dir='ltr'>scalis</span> <span class='ocrx_word' id='word_1_362' title='bbox 1689 2889 1815 2933; x_wconf 88' lang='lat' dir='ltr'>idest:</span> 
     </span>
    </p>
   </div>
   <div class='ocr_carea' id='block_1_4' title="bbox 1905 0 1950 1180">
    <p class='ocr_par' dir='ltr' id='par_1_8' title="bbox 1905 0 1950 1180">
     <span class='ocr_line' id='line_1_41' title="bbox 1905 0 1950 1180; baseline 0 0"><span class='ocrx_word' id='word_1_363' title='bbox 1905 0 1950 1180; x_wconf 95' lang='lat' dir='ltr'> </span> 
     </span>
    </p>
   </div>
   <div class='ocr_carea' id='block_1_5' title="bbox 1910 1565 1950 1759">
    <p class='ocr_par' dir='ltr' id='par_1_9' title="bbox 1910 1565 1950 1759">
     <span class='ocr_line' id='line_1_42' title="bbox 1946 1565 1950 1614; baseline 0 0"><span class='ocrx_word' id='word_1_364' title='bbox 1946 1565 1950 1614; x_wconf 62' lang='grc' dir='ltr'>ιζ</span> 
     </span>
     <span class='ocr_line' id='line_1_43' title="bbox 1910 1618 1950 1674; baseline 0 -11"><span class='ocrx_word' id='word_1_365' title='bbox 1910 1671 1914 1674; x_wconf 7' lang='grc' dir='ltr'>ἢ</span> <span class='ocrx_word' id='word_1_366' title='bbox 1945 1618 1950 1663; x_wconf 84' lang='lat' dir='ltr'>i</span> 
     </span>
     <span class='ocr_line' id='line_1_44' title="bbox 1943 1669 1950 1759; baseline 0 0"><span class='ocrx_word' id='word_1_367' title='bbox 1943 1669 1950 1759; x_wconf 69' lang='lat' dir='ltr'>l</span> 
     </span>
    </p>
   </div>
  </div>
 </body>
</html>
