1950 3313
96 180 190 218 Gan.
217 181 422 216 2217-2218
503 182 586 217 Tl'r.
612 183 677 217 IV.
705 204 716 208 -
744 185 799 219 De
824 197 1040 229 [menarum
1069 191 1221 223 notione
1247 193 1313 223 etc.
1444 223 1447 226 .
1682 195 1721 226 51

101 304 243 358 posito„
279 301 351 344 sed
384 304 550 358 proprie
584 302 879 361 consulendam·
904 308 939 347 in
974 307 1124 351 Codice
1151 314 1346 366 lanqlmm
1374 310 1422 351 ‹al›
1447 309 1611 353 homine
1637 326 1726 367 pro-

104 386 286 416 vemens.

221 443 434 487 Distinetio
457 443 534 486 sub
559 444 601 485 n⁰
629 444 670 486 20
698 447 825 500 posita
868 446 1034 490 lulcitur
1068 463 1114 491 ex
1152 450 1416 494 dauumtione
1442 466 1513 508 per
1539 453 1650 495 l'ium
1682 453 1726 495 tt

99 517 137 557 in
177 514 291 557 Bulla
331 513 599 557 «Auctorem
647 515 741 557 lidei
770 516 824 555 »¹
865 516 979 572 l'rop.
1020 518 1083 560 Π.
1124 535 1141 558 «
1172 520 1394 575 l'ropositio
1439 536 1545 580 quae
1591 524 1727 571 tradit,

99 587 377 628 necessarium
413 598 502 628 esse
538 587 649 628 iuxta
686 585 798 640 leges
833 588 1040 629 naturmes
1084 595 1119 630 et
1165 590 1341 636 ‹lixiuasn
1379 597 1417 634 ut
1452 595 1540 635 sive
1574 595 1623 635 ad
1659 608 1726 636 ex-

98 658 518 700 communicationem
553 657 643 698 sive
675 656 724 698 ad
760 660 1071 712 suspensionem
1100 661 1347 715 praet-mtere
1372 663 1518 705 detwat
1553 678 1726 707 exauwu

99 726 336 782 personale3
371 731 495 784 atque
528 727 633 770 adeo
677 730 901 770 sententias
935 730 1065 771 dictas
1101 730 1189 786 ipso
1222 731 1335 788 lits-lo
1371 747 1446 775 non
1482 734 1602 776 aliam
1642 737 1723 777 vim

98 797 265 852 habere,
301 800 375 841 nisi
410 799 543 840 seriae
566 800 901 840 comminationis
924 802 1011 841 sine
1046 800 1126 843 ullo
1161 802 1309 844 actuali
1336 804 1506 847 ellectu:
1533 831 1588 835 —
1612 806 1725 850 l'alsa.

98 871 333 919 temeraria,
370 871 616 925 perniciosa,
651 868 861 912 Ecclesiae
897 874 1084 925 potestati
1123 874 1331 919 iniuriosa,
1372 888 1606 917 erronea».

221 938 513 982 Verumtamen
541 939 743 995 benignae
769 942 883 995 praxi
910 940 1121 984 Ecclesiae
1145 942 1263 985 decet
1290 942 1386 985 illud
1413 958 1584 987 exaimfu
1613 960 1726 1001 prae-

99 1013 276 1064 mittere,
325 1015 395 1054 aut
442 1010 738 1054 comminando
783 1012 1025 1066 praepedire
1070 1013 1234 1056 delicta.
1271 1016 1371 1056 ilinc
1405 1015 1594 1058 subditur
1626 1018 1653 1071 ᾗ
1685 1024 1726 1059 3.

96 1081 245 1125 Poena
278 1081 487 1139 quaelibet
518 1082 815 1135 ecelesiastica,
850 1084 939 1125 sive
974 1095 992 1125 a
1031 1085 1117 1125 iure
1151 1086 1239 1126 sire
1273 1084 1324 1127 al)
1359 1084 1536 1138 homine,
1573 1086 1724 1129 intelli-

95 1153 215 1210 9itzcr
240 1166 403 1210 semper
437 1154 548 1195 iuxta
586 1157 764 1195 mentem
800 1152 967 1195 ferentis
1002 1153 1110 1196 illam
1157 1159 1193 1197 et
1239 1168 1361 1211 (inam
1403 1156 1538 1198 Codex
1575 1158 1725 1211 pandit.

98 1237 186 1267 esse
219 1223 422 1281 ferendae
454 1223 703 1275 sententiae,
739 1237 810 1266 seu
850 1236 912 1266 «a
951 1225 1084 1267 iudice
1114 1225 1173 1268 rel
1200 1226 1418 1281 superiore¹
1444 1242 1462 1267 ›>
1501 1226 1636 1270 adliuc
1671 1230 1727 1269 iu-

98 1295 277 1352 ssigenda
315 1300 401 1351 post
437 1297 807 1352 transgressionem
850 1295 951 1351 legis
995 1301 1061 1339 aut
1109 1299 1330 1352 praecepti,
1367 1300 1439 1339 nisi
1479 1300 1514 1340 in
1552 1298 1626 1341 hoc
1665 1298 1726 1341 rel

98 1366 165 1410 illa
199 1380 396 1424 expresse
427 1366 598 1409 dicatur
629 1381 720 1409 eam
755 1379 927 1423 poenam
963 1381 1050 1409 esse
1084 1370 1265 1410 taxatixe
1301 1368 1361 1411 tus
1394 1368 1529 1411 verbis
1552 1369 1591 1423 a)
1613 1368 1727 1411 latae

97 1437 333 1480 senientiae
364 1437 441 1492 vel,
479 1438 589 1494 quod
626 1440 664 1481 in
700 1438 809 1481 idem
845 1440 1003 1493 recidit,
1039 1437 1080 1495 b)
1116 1438 1204 1496 ipso
1246 1441 1582 1495 transgressionis
1613 1439 1726 1496 sueto

97 1523 170 1552 seu
203 1513 239 1563 c)
273 1509 363 1567 ipso
397 1509 502 1565 iure,
538 1510 665 1553 idest:
717 1509 827 1552 nulla
881 1512 1184 1553 interveniente
1229 1512 1442 1566 posteriori
1489 1511 1729 1562 intlietione,

98 1579 319 1631 eontralii‚·
350 1585 529 1624 attamen
554 1581 706 1624 suffieit
742 1581 848 1624 idem
884 1581 1003 1624 aliter
1026 1583 1219 1637 exprimi,
1242 1594 1289 1624 eo
1313 1581 1419 1638 quod
1446 1581 1725 1625 subinfertur:

98 1652 160 1695 vel
193 1653 237 1709 d)
270 1651 356 1694 m‘sz'
388 1651 479 1694 alia
512 1652 674 1695 similia
697 1652 832 1709 quoad
857 1665 1025 1695 sensum
1062 1652 1180 1694 verba
1215 1651 1497 1695 adlabentem·
1524 1667 1594 1708 per
1622 1666 1728 1709 quae

99 1723 278 1779 idipsum
317 1723 481 1780 liqueat.

219 1794 286 1838 35.
324 1796 396 1840 De
428 1797 602 1852 poenis
636 1797 960 1841 decernendis
994 1797 1044 1837 ita
1079 1794 1285 1837 scribebat
1311 1794 1428 1838 Alex.
1450 1793 1497 1836 lll
1523 1791 1726 1837 Oxonien.

97 1864 324 1922 Episcopo:
360 1864 375 1887 2
399 1881 418 1906 z(
442 1866 548 1909 Sane
581 1879 675 1909 cum
713 1869 776 1909 vir
799 1866 1003 1909 discretus
1026 1868 1200 1915 existas;
1228 1865 1388 1921 plenius
1413 1867 1528 1913 nosti,
1554 1865 1661 1922 quod
1689 1868 1726 1907 in

97 1935 338 1979 excessibus
369 1936 645 1993 singulorum,
678 1951 757 1980 non
792 1937 924 1980 solum
960 1937 1169 1994 quantitas
1202 1941 1240 1979 et
1274 1936 1449 1992 qualitas
1482 1936 1724 1984 delicti‚sed

96 2012 222 2060 aetas,
255 2009 426 2050 scientia
451 2013 490 2051 et
513 2022 650 2064 sexus,
674 2013 798 2066 atque
832 2009 1013 2052 conditio
1037 2007 1316 2064 delinquentis
1339 2012 1430 2049 suut
1457 2007 1725 2057 attendenda3

96 2082 137 2121 et
160 2092 238 2120 non
263 2077 395 2121 solum
420 2080 649 2122 secundum
686 2079 821 2123 locum
857 2085 895 2122 et
930 2085 1092 2134 tempus
1115 2092 1195 2135 quo
1219 2078 1414 2121 delictum
1441 2080 1726 2129 committitur,

98 2151 321 2207 uuicuique
357 2152 604 2206 poenitentia
639 2150 763 2195 debet
797 2151 945 2195 indici:
981 2164 1073 2193 cum
1123 2149 1228 2192 idem
1275 2163 1481 2201 excessus,
1517 2150 1645 2204 magis
1677 2150 1725 2190 sit

98 2222 136 2262 in
173 2234 252 2263 uno
286 2234 409 2278 quam
447 2224 484 2264 in
519 2221 599 2264 alio
626 2222 860 2278 puniendus
883 2238 922 2262 )).
950 2221 1145 2264 Eamdem
1174 2220 1373 2276 regulam,
1397 2220 1465 2262 sed
1493 2221 1727 2262 accuratius

96 2291 222 2334 tradit
255 2305 346 2335 ean.
380 2294 564 2347 &2185
597 2295 631 2337 1.
667 2292 715 2336 In
746 2292 894 2350 poenis
927 2295 1015 2335 sive
1060 2290 1389 2343 medicinalibus,
1423 2293 1511 2333 sive
1550 2289 1729 2331 xiudica·

97 2363 207 2416 uvis,
225 2364 315 2405 sive
337 2365 598 2418 poenitentiis
630 2376 795 2420 quoque
819 2364 868 2406 ad
895 2362 1079 2419 singulos
1109 2367 1434 2417 transgressores
1468 2359 1726 2402 mulctandos

95 2431 369 2475 decernendis
404 2447 475 2489 per
507 2437 752 2477 sententiam
799 2439 868 2477 aut
910 2434 959 2476 ad
1008 2433 1173 2475 modum
1211 2433 1416 2487 praecepti
1452 2429 1725 2486 particularis,

56 2553 61 2560 .
95 2506 304 2560 quamvis,
329 2508 372 2547 ut
395 2517 538 2547 norma
562 2504 781 2558 directiva,
804 2507 927 2560 possit
952 2517 1081 2547 canon
1118 2503 1330 2545 deservire
1366 2503 1402 2542 iu
1438 2500 1615 2542 terendis
1641 2512 1726 2554 pai·-

95 2573 340 2617 ticularibus
373 2574 546 2631 legibus,
581 2580 771 2618 servetur
805 2575 1091 2632 (praeceptive
1130 2571 1305 2628 dictum)
1342 2585 1473 2628 aequa
1506 2569 1725 2627 proporlio

96 2644 206 2688 illius
237 2645 460 2701 singularis
486 2659 642 2702 poenae
661 2661 751 2689 cum
775 2645 928 2688 delicto
962 2645 1010 2688 ad
1049 2656 1233 2687 normam
1270 2645 1392 2684 totius
1416 2654 1505 2683 cau.
1533 2641 1642 2682 2193
1668 2643 1724 2681 tu-

95 2720 188 2759 turo
225 2716 286 2759 vel
325 2719 560 2772 praeterito,
595 2716 740 2760 habita
773 2716 941 2759 ratione
974 2715 1272 2758 elementorum
1310 2714 1450 2767 ipsius,
1477 2724 1621 2764 munpe
1657 2709 1725 2750 im-

92 2786 397 2844 putabilitatis,
430 2802 553 2845 quam
579 2788 810 2832 declaravit
833 2786 1038 2842 complete
1064 2784 1270 2841 legislator
1292 2782 1368 2825 sub
1392 2781 1524 2824 Titulo
1546 2780 1588 2824 ll.
1611 2794 1724 2821 sean-

215 2895 226 2917 1
253 2895 310 2976 ’ἓξ
325 2894 428 2940 Aug.
461 2895 564 2929 1794.
590 2915 628 2919 —
649 2895 663 2917 ²
683 2894 775 2939 Cap.
804 2893 825 2926 6
851 2908 864 2923 α
885 2893 929 2926 de
957 2890 1172 2925 homicidio
1199 2887 1424 2923 volunterio
1451 2886 1511 2921 vel
1540 2885 1718 2919 casuali»

97 2941 157 2985 (V,
187 2943 244 2986 12)
292 2941 323 2975 *.
