1950 3313
171 149 240 184 308
541 149 624 185 Lus.
644 149 689 183 V.
711 169 725 174 -
746 150 854 184 PARS
872 149 944 184 III.
967 170 978 175 -
997 150 1055 185 De
1066 152 1206 194 poenis
1224 151 1267 183 in
1284 148 1423 183 delicta
1475 147 1568 185 Can.
1594 151 1800 188 2391-2392

291 271 314 322 ξ
346 273 385 311 ζ).
422 267 590 325 Sinyulz'
631 282 726 311 vero
764 267 964 312 electores
1003 269 1075 327 qui
1112 268 1433 312 substantialem
1473 269 1690 314 electionis
1712 272 1809 329 sor-⁴

171 353 293 385 mani,
330 337 510 381 scilicet:
545 351 651 395 quae
684 338 733 382 ad
773 338 1029 382 validitatem
1064 341 1193 395 ipsius
1221 339 1435 383 electionis
1467 345 1590 398 atque
1623 341 1802 398 singulo-

172 423 262 452 rum
285 409 579 465 suffragiorum
607 411 797 466 pertinet,
830 410 1025 462 scienter,
1059 410 1169 467 quod
1204 410 1375 454 verbum
1416 410 1625 468 «plenam
1660 415 1799 468 cogni-

169 482 322 523 tionem
367 492 415 523 ac
457 479 800 524 deliberationem
846 483 1019 537 exigit»
1073 481 1123 525 ad
1168 494 1356 525 normam
1401 494 1492 526 can.
1539 482 1665 539 2229,
1700 482 1728 541 ἓ
1762 484 1800 533 2,

169 564 249 594 non
284 551 558 603 servaverint,
589 557 767 609 possunt
807 565 885 609 pro
925 551 1142 610 pravitate
1174 552 1322 610 culpae
1353 552 1402 596 ab
1451 551 1685 597 Ordinario
1726 568 1800 612 pu-

168 621 268 664 niri.
306 621 438 665 Poena
473 627 533 665 est
566 622 886 666 indeterminata
919 627 959 666 et
996 638 1019 665 «
1043 622 1182 667 verbis
1205 623 1458 667 facultativis
1481 640 1502 664 ›>
1542 625 1671 667 utitur
1719 624 1799 670 lex.

171 691 286 749 (Can.
323 692 450 746 2223,
482 693 511 752 ξ
545 692 602 750 2).

288 763 329 806 ln
366 763 711 820 praecedentibus
746 764 1017 821 paragraphis
1049 767 1252 823 sancitum
1283 770 1343 808 est
1366 765 1417 809 de
1441 765 1666 817 electione;
1702 766 1799 824 quid

168 834 303 878 simile
337 835 596 892 paragrapho
642 838 773 892 primo
817 836 1106 879 consideratur
1146 837 1283 894 quoad
1323 836 1425 880 alios
1458 841 1574 880 actus
1608 839 1801 894 praevios

169 906 400 949 officiorum
435 908 679 950 institutioni
714 909 938 950 canonicae
962 909 1001 949 in
1025 909 1050 958 ἓ
1074 907 1111 950 3.
1141 905 1294 950 Clerici
1322 906 1385 950 vel
1416 906 1532 962 laici,
1557 911 1651 965 quia
1677 910 1798 951 etiam

169 975 232 1019 his
264 981 502 1033 competere
535 982 705 1034 possunt
737 982 854 1021 actus
886 982 1121 1036 sequentes,
1155 977 1228 1036 qui
1259 977 1479 1036 indiynuin
1502 992 1572 1022 seu
1599 992 1678 1022 non
1714 979 1799 1022 ido-

170 1061 292 1091 neum
326 1048 519 1101 scienter,
554 1054 596 1091 ut
629 1061 753 1105 supra
787 1048 1041 1106 explicatum
1076 1054 1149 1104 est,
1169 1050 1540 1108 praesentaverint
1573 1049 1626 1094 ob
1650 1052 1712 1094 ius
1736 1062 1802 1107 pa-

168 1123 354 1162 tronatus
387 1119 450 1162 vel
481 1119 793 1163 nominaverint
827 1134 865 1165 v.
890 1134 952 1177 gr.
972 1133 1021 1163 ex
1049 1120 1269 1177 privilegio
1302 1120 1541 1177 apostolico,
1566 1121 1660 1164 iure
1680 1135 1801 1179 prae—

167 1189 364 1233 sentandi
398 1190 458 1233 cel
491 1190 741 1234 nominandi
767 1191 858 1249 ipso
891 1190 1005 1249 facto
1036 1205 1115 1249 pro
1148 1205 1197 1234 ea
1230 1191 1317 1234 vice
1349 1196 1505 1235 carent.
1532 1191 1573 1235 ln
1599 1191 1677 1236 hoc
1700 1205 1799 1248 ergo

167 1266 206 1304 et
240 1263 278 1304 in
313 1274 409 1305 casu
447 1264 565 1318 primi
603 1262 853 1319 paragraphi
892 1261 1068 1306 «libera
1111 1263 1233 1306 officii
1277 1267 1347 1306 aut
1392 1263 1580 1306 beneficii
1615 1265 1798 1319 provisio

165 1331 217 1374 ad
251 1344 346 1374 eum
380 1332 643 1388 Superiorem
679 1332 933 1387 devolvitur,
957 1345 978 1376 a
1003 1345 1084 1390 quo
1108 1333 1393 1376 confirmanda
1418 1338 1523 1376 esset
1551 1332 1697 1376 electio
1735 1333 1798 1376 vel

166 1402 302 1445 danda
337 1404 535 1446 institutio
583 1403 643 1446 vel
693 1406 758 1447 cui
811 1406 873 1447 ius
912 1403 1159 1460 providendi
1194 1405 1434 1447 successive
1467 1406 1708 1459 competit»
1747 1404 1796 1447 ad

167 1485 354 1516 normam
390 1487 479 1517 can.
520 1475 613 1528 ¹78,
651 1475 777 1531 1465,
811 1475 838 1531 ξ
872 1474 910 1517 1.

288 1545 384 1588 237.
422 1548 605 1592 Contra
637 1548 911 1592 simoniam.
955 1572 1008 1576 —
1047 1544 1148 1589 Can.
1182 1547 1323 1589 2392.
1358 1544 1500 1589 Firmo
1530 1545 1798 1603 praescripto

166 1630 256 1658 can.
282 1618 375 1659 729
399 1616 449 1659 de
472 1617 660 1660 iuridicis
683 1616 897 1660 effectibus
920 1616 972 1660 ob
994 1629 1172 1674 sequens
1192 1616 1203 1638 ¹
1239 1615 1450 1672 delictum,
1485 1616 1595 1674 quod
1627 1617 1798 1673 proinde

166 1690 218 1730 sit
250 1692 468 1731 externum
513 1693 552 1730 et
597 1687 808 1731 moraliter
842 1687 1084 1745 imputabile
1117 1687 1226 1743 (can.
1263 1688 1391 1743 2195,
1425 1688 1444 1738 S
1484 1687 1536 1744 l),
1572 1687 1670 1730 illud
1702 1700 1797 1745 per-

163 1763 381 1815 petrantes
413 1758 620 1802 simoniae
652 1761 741 1802 sive
776 1761 876 1802 iuris
919 1759 1051 1802 divini
1095 1761 1184 1802 sive
1230 1761 1330 1802 iuris
1368 1758 1637 1802 ecclesiastici
1673 1760 1795 1801 etiam

165 1829 468 1873 conlidentialis
501 1830 571 1873 sed
607 1830 656 1873 ad
692 1842 881 1873 normam
905 1842 995 1874 can.
1020 1830 1120 1883 7⁶27,
1145 1830 1229 1873 728
1254 1830 1282 1885 ²,
1308 1830 1350 1872 in
1376 1828 1626 1888 quibuslibet
1652 1828 1798 1887 officiis

284 2006 295 2028 1
324 2006 416 2040 Can.
446 2006 527 2041 729.
557 2007 700 2041 Firmis
725 2007 863 2052 poenis
902 2007 943 2040 in
982 2006 1219 2040 simoniacos
1247 2006 1333 2040 iure
1360 2006 1542 2047 statutis,
1571 2009 1797 2039 contractus

163 2053 246 2099 ipse
273 2053 511 2088 simoniacus
537 2058 588 2094 et,
615 2055 649 2088 si
675 2054 844 2088 simonia
870 2054 1146 2088 committatur
1164 2054 1267 2088 circa
1284 2052 1487 2094 beneficia,
1508 2051 1646 2093 officia,
1668 2052 1797 2097 digni-

164 2105 279 2142 tates,
307 2100 550 2145 subsequens
575 2102 748 2146 provisio
774 2101 881 2135 omni
908 2101 949 2136 vi
976 2108 1093 2141 caret,
1124 2101 1218 2135 licet
1245 2101 1410 2135 simonia
1435 2112 1457 2134 a
1482 2100 1602 2134 tertia
1631 2111 1797 2144 persona

164 2149 371 2182 commissa
396 2149 529 2189 fuerit,
551 2149 672 2183 etiam
699 2149 823 2183 inscio
850 2149 1017 2192 proviso,
1046 2148 1255 2182 dummodo
1274 2148 1346 2182 hoc
1365 2159 1444 2182 non
1471 2147 1542 2181 fiat
1561 2147 1602 2181 in
1620 2146 1796 2181 fraudem

164 2195 341 2230 eiusdem
366 2196 515 2240 provisi
541 2200 612 2230 aut
638 2208 682 2230 eo
709 2195 1017 2230 contradicente.
1048 2195 1196 2238 Quare:

287 2243 320 2276 10
345 2243 452 2277 Ante
470 2243 688 2288 quamlibet
706 2243 848 2277 iudicis
868 2243 1107 2277 sententiam
1125 2254 1186 2276 res
1204 2242 1416 2276 simoniace
1436 2242 1528 2276 data
1555 2245 1595 2275 et
1621 2245 1793 2286 accepta,

164 2290 198 2324 si
225 2290 495 2324 restitutionis
521 2291 575 2325 sit
601 2302 720 2336 capax
748 2302 821 2325 nec
846 2290 978 2324 obstet
1010 2290 1231 2324 reverentia
1258 2290 1313 2323 rei
1340 2289 1540 2334 spirituali
1570 2288 1714 2330 debita,
1740 2300 1795 2322 re-

164 2338 282 2372 stitui
309 2336 435 2378 debet,
463 2342 502 2372 et
528 2337 776 2378 beneficium,
803 2336 986 2377 officium,
1014 2336 1191 2381 dignitas
1218 2336 1382 2373 dimitti,

279 2385 317 2417 ‘20
344 2384 564 2419 Simoniace
590 2385 771 2429 provisus
791 2396 870 2418 non
888 2384 984 2418 facit
1001 2383 1156 2418 fructus
1176 2395 1285 2425 suos;
1313 2384 1415 2428 quod
1442 2384 1475 2418 si
1502 2395 1567 2417 eos
1594 2383 1696 2417 bona
1721 2382 1796 2416 fide

163 2432 393 2477 perceperit,
421 2432 655 2477 prudentiae
675 2432 817 2466 iudicis
837 2431 900 2466 vel
921 2431 1120 2465 Ordinarii
1146 2431 1396 2476 permittitur
1420 2431 1574 2465 fructus
1591 2434 1795 2475 perceptos

163 2491 212 2513 ex
238 2483 323 2513 toto
351 2479 413 2513 vel
440 2491 487 2513 ex
513 2485 623 2524 parte
650 2479 775 2514 eidem
802 2478 1033 2513 condonare.

281 2526 295 2548 ²
322 2526 416 2560 Can.
446 2527 529 2567 727,
558 2530 577 2568 ἓ
607 2528 636 2560 1.
668 2527 853 2561 Studiosa
876 2526 1061 2560 voluntas
1088 2525 1241 2559 emendi
1268 2526 1331 2560 vel
1358 2525 1555 2560 vendendi
1581 2535 1649 2570 pro
1667 2524 1795 2569 pretio

164 2573 370 2618 temporali
396 2585 477 2607 rem
503 2575 718 2608 intrinsece
745 2573 1004 2619 spiritualem,
1030 2584 1088 2606 ex.
1108 2584 1181 2617 gr.,
1209 2572 1471 2615 Sacramenta,
1489 2571 1795 2606 ecclesiasticam

163 2620 493 2664 iurisdictionem,
522 2621 864 2661 consecrationem,
895 2619 1179 2664 indulgentias,
1208 2624 1297 2661 etc.,
1329 2620 1391 2654 vel
1424 2631 1505 2654 rem
1540 2619 1794 2664 temporalem

164 2668 220 2701 rei
246 2668 446 2712 spirituali
473 2668 663 2702 adnexam
691 2668 748 2702 ita
773 2672 818 2702 ut
845 2679 906 2701 res
931 2667 1160 2711 temporalis
1195 2667 1280 2701 sine
1315 2667 1515 2712 spirituali
1542 2666 1654 2700 nullo
1680 2665 1794 2700 modo

163 2726 246 2749 esse
273 2715 411 2759 possit,
440 2727 500 2749 ex.
531 2727 596 2758 gr..
624 2715 859 2749 beneficium
898 2714 1219 2755 ecclesiasticum,
1246 2719 1334 2755 etc.,
1366 2720 1436 2748 aut
1474 2725 1534 2748 res
1573 2713 1795 2759 spiritualis

163 2762 217 2795 sit
243 2762 453 2806 obiectum,
483 2763 559 2796 etsi
586 2763 760 2808 partiale,
789 2765 1030 2802 contractus,
1051 2772 1111 2795 ex,
1135 2773 1201 2805 gn,
1221 2762 1463 2796 consecratio
1491 2761 1532 2794 in
1558 2760 1692 2795 calicis
1709 2771 1795 2794 con-

162 2809 306 2843 secrati
333 2810 577 2852 venditione,
607 2815 667 2844 est
694 2810 865 2844 simonia
892 2809 990 2843 iuris
1017 2808 1158 2842 divini.

281 2860 300 2898 g
327 2857 360 2890 2.
391 2857 491 2891 Dare
519 2869 609 2892 vero
636 2869 696 2891 res
723 2856 956 2901 temporales
983 2855 1183 2900 sp'rituali
1217 2856 1390 2890 adnexas
1416 2867 1484 2900 pro
1510 2854 1793 2900 temporalibus

162 2902 366 2947 spirituali
391 2904 569 2944 adnexis,
597 2905 659 2939 vel
685 2916 747 2939 res
778 2903 1005 2948 spirituales
1040 2914 1108 2947 pro
1143 2903 1432 2947 spiritualibus,
1462 2902 1525 2937 vel
1551 2902 1670 2936 etiam
1697 2906 1792 2936 tem-
