1950 3313
215 170 237 202 4
681 168 764 202 LIB.
791 167 835 201 V.
865 187 877 192 -
904 167 1014 202 PARS
1039 167 1070 201 I.
1099 186 1114 194 -
1139 167 1196 202 De
1225 168 1376 203 delictis

215 291 375 333 dixisti:
409 289 654 331 mandamus
686 292 890 345 quatenus
924 289 1216 343 poenitentiam
1263 291 1297 331 ei
1343 289 1592 345 condignam
1636 291 1837 343 imponas,

214 366 252 404 et
284 360 472 413 suadeas,
509 364 549 402 111
599 363 712 415 parte
757 360 1031 414 poenitentiae
1067 363 1247 414 peracta,
1280 360 1426 403 ordine
1459 365 1650 416 suscepto
1686 364 1838 414 utatur,

213 444 292 487 111111
326 435 541 473 contentus
574 431 766 480 existens,
791 428 841 472 ad
866 431 1103 484 superiores
1125 429 1303 486 amplius
1327 443 1405 473 non
1430 431 1627 474 ascendat
1649 445 1687 473 ›).
1714 429 1837 473 Aliud

214 507 337 558 6311111
371 500 647 544 Decretalium
680 502 732 543 sit
765 500 817 542 34
858 500 953 543 «de
985 502 1203 543 simonia»
1244 499 1311 557 (V,
1346 500 1403 558 3),
1437 503 1474 544 in
1511 514 1591 558 quo
1627 501 1761 544 lnnoc.
1788 500 1839 544 lll

213 576 271 615 sic
306 572 506 628 loquitur:
545 569 701 614 «Licet
733 576 869 614 autem
896 570 1030 613 taliter
1054 570 1251 625 duximus
1276 572 1609 628 respondendum
1646 572 1836 629 (nempez

213 642 321 700 quod
361 643 586 696 «receptio
620 643 658 684 in
694 643 939 684 canonicum
980 641 1067 684 fieri
1115 644 1263 697 poterit
1296 641 1453 699 absque
1485 642 1681 698 scrupulo
1713 644 1837 685 simo·

214 715 354 755 niacae
388 714 603 768 pravitatis
627 714 689 764 »):
724 714 819 769 quia
854 711 971 755 nobis
1007 711 1149 754 datum
1189 717 1248 755 est
1291 712 1342 755 de
1386 713 1611 755 manifestis
1646 712 1838 770 (proinde

213 784 264 826 de
298 782 496 839 externis)
533 782 818 825 tantummodo
852 782 1059 825 iudicare:
1094 785 1125 825 si
1161 787 1296 825 tamen
1332 785 1364 826 is
1397 786 1466 840 qui
1500 783 1622 827 talem
1656 784 1838 826 donatio-

215 868 304 897 nem
341 855 448 907 facit,
482 866 528 897 ea
564 856 787 897 intentione
821 854 1012 907 ducatur,
1048 859 1089 896 ut
1124 867 1196 910 per
1228 853 1471 910 temporalia
1504 854 1608 898 bona
1643 868 1748 912 quae
1781 856 1836 898 ot·

214 926 299 979 t'crt,
334 925 562 981 spiritualia
601 925 733 968 valeat
767 925 966 980 adipisci:
1001 929 1040 967 et
1073 923 1229 978 clerici,
1262 927 1330 982 qui
1366 939 1458 968 eum
1497 928 1533 968 in
1570 927 1737 969 fratrem
1773 925 1839 969 ad-

215 998 393 1050 mittunt,
427 1009 505 1039 non
554 1002 689 1039 essent
739 1009 849 1051 eum,
883 997 959 1039 nisi
1009 995 1228 1039 commoda
1277 996 1519 1053 temporalia
1565 999 1838 1053 perciperent,

211 1067 455 1110 admissuri:
490 1069 577 1110 sine
610 1066 736 1110 dubio
771 1071 854 1109 tam
888 1065 955 1109 ille
988 1080 1113 1124 quam
1150 1068 1212 1109 isti
1247 1067 1355 1123 apud
1390 1067 1622 1110 districtum
1659 1067 1837 1111 iudicem

211 1138 298 1194 (qui
332 1143 537 1181 scrutator
568 1143 625 1181 est
661 1138 864 1193 cordium,
889 1142 928 1180 et
961 1140 1151 1194 cognitor
1182 1141 1456 1190 secretorum)
1478 1137 1705 1194 culpabiles
1739 1138 1839 1181 iudi-

213 1213 360 1251 cantui·
378 1225 416 1251 )>.

332 1279 527 1337 Denique,
563 1284 658 1339 quia
693 1295 741 1324 ex
777 1281 898 1325 dictis
944 1293 1073 1337 poena
1117 1281 1356 1324 decernitur
1392 1283 1539 1324 intuitu
1573 1280 1836 1335 delictorum,

210 1355 249 1393 61
282 1350 383 1394 11366
417 1351 472 1394 1111
507 1352 747 1395 subeundae
783 1354 1162 1409 praerequirantur‚
1201 1350 1303 1394 Pars
1334 1351 1475 1409 prima
1508 1354 1662 1408 optime
1697 1353 1837 1395 inscri-

216 1421 323 1465 bitur
356 1422 421 1465 De
453 1422 630 1468 delictis.

329 1493 367 1537 4.
406 1495 566 1540 Partis
600 1497 647 1539 in
678 1496 847 1541 titulos
879 1497 1071 1541 divisio.
1112 1520 1156 1526 —
1194 1494 1401 1551 Imprimis
1436 1509 1506 1551 pro
1531 1494 1693 1539 Codicis
1724 1508 1837 1538 more

209 1563 439 1607 afferuntur
471 1565 609 1608 delicti
643 1566 892 1621 significatio
927 1571 1050 1623 atque
1093 1566 1370 1620 diversitates,
1414 1579 1484 1609 seu
1522 1570 1564 1609 ut
1598 1565 1837 1609 inscribitur

220 1634 380 1677 Titulus
416 1634 436 1677 Ι
468 1661 518 1666 -
558 1635 614 1678 De
645 1642 801 1679 natura
836 1635 982 1679 delicti
1013 1637 1184 1694 eiusque
1221 1635 1438 1680 dim‘sione.
1482 1636 1614 1693 Supra
1656 1637 1837 1679 vidimus

212 1705 359 1749 delicta
397 1706 602 1762 profluere
635 1706 686 1750 ab
717 1707 943 1751 deliberata
983 1707 1204 1758 votuntate‚
1228 1711 1394 1764 propter
1418 1719 1540 1764 quam
1576 1712 1671 1750 sunt
1704 1709 1838 1763 impu-

211 1775 364 1823 tabilia.
401 1779 437 1818 in
473 1776 582 1819 illam
622 1791 719 1820 vero
754 1777 907 1820 multae
940 1790 1089 1821 causae
1123 1778 1300 1821 influunt
1333 1777 1450 1821 nobis
1483 1791 1532 1820 ex
1570 1777 1712 1820 morali
1750 1776 1837 1832 phi-

212 1846 394 1902 losophia
442 1860 489 1890 ac
539 1848 742 1904 theologia
793 1851 999 1905 cognitae,
1033 1853 1164 1906 atquc·
1192 1850 1229 1891 in
1266 1851 1353 1891 iure
1387 1848 1559 1891 effectus
1591 1861 1639 1891 ex
1675 1847 1837 1891 delictis

213 1921 473 1974 proveniunt.
511 1919 634 1961 Porro
668 1918 769 1962 haec
802 1921 939 1962 omnia
979 1918 1141 1962 Titulus
1173 1918 1218 1962 ΙΙ
1248 1919 1538 1975 complectitur
1570 1919 1754 1962 eiusdem
1782 1921 1838 1961 in-

209 1990 445 2043 scriptione,
490 2001 594 2044 quae
635 1991 805 2046 antiquo
849 2002 962 2032 more
1007 1989 1171 2032 rubrica
1216 1989 1379 2033 dicitur.
1425 1987 1481 2031 De
1508 1987 1837 2045 imputabilitate

210 2057 366 2113 ‹tetis-ti,
401 2058 451 2100 (le
484 2059 623 2101 causis
657 2058 778 2102 illam
811 2059 1141 2117 ayqravmzlibus
1173 2058 1236 2102 vel
1267 2057 1563 2109 minuentibus,
1587 2063 1626 2100 et
1657 2057 1707 2100 cle
1729 2057 1834 2100 iuri-

210 2128 316 2170 dicis
334 2128 478 2171 delicti
501 2128 723 2186 effectibus.
750 2129 924 2172 Demum
950 2121 1109 2186 legibus
1135 2132 1317 2173 noscitur
1341 2129 1677 2185 ‹lelicttin1‚quae
1698 2128 1836 2184 plures

211 2201 543 2242 circumstantias
575 2200 624 2242 ad
662 2199 759 2242 illud
795 2202 980 2256 exigunt,
1015 2205 1054 2242 61
1093 2199 1187 2243 111116
1231 2201 1498 2255 consequitur
1532 2202 1574 2241 ut
1609 2210 1761 2253 pravus
1795 2199 1836 2240 ti-

210 2268 314 2311 delis
347 2269 397 2312 ad
431 2269 626 2312 delictum
653 2270 824 2313 tendens
849 2272 887 2312 in
915 2269 1075 2313 illarum
1101 2269 1238 2326 aliqua
1264 2270 1443 2323 (16116131,
1466 2269 1575 2326 quod
1601 2268 1834 2311 considerat

218 2337 380 2381 Titulus
414 2338 480 2382 III
510 2342 730 2396 inscriptus
766 2339 824 2382 De
857 2345 1009 2383 conatu
1043 2340 1201 2382 delicti.

331 2410 370 2452 ὃ.
405 2412 661 2467 Inscriptio
694 2412 858 2456 Tituli.
890 2436 947 2440 -—
978 2411 1122 2453 Studio
1157 2415 1293 2452 nostro
1327 2423 1370 2452 se
1403 2410 1521 2452 offert
1552 2407 1712 2451 Titulus
1736 2407 1759 2451 Ι
1783 2407 1832 2451 ad

213 2482 558 2523 introductionem
592 2482 770 2524 edocens¹
798 2480 855 2523 De
885 2486 1042 2523 natura
1076 2494 1147 2524 seu
1182 2480 1396 2523 elementis
1418 2479 1563 2522 delicte?
1586 2483 1694 2522 circa
1724 2478 1832 2535 quod

210 2563 389 2593 canones
421 2551 498 2594 sub
531 2550 608 2594 hoc
653 2551 772 2595 Libro
809 2551 1107 2607 praescribunt,
1141 2552 1312 2607 eiusque
1349 2550 1576 2593 «delicti»
1615 2549 1834 2604 divisione,

213 2625 253 2663 111
290 2621 540 2674 videbimus,
574 2625 707 2675 unica,
741 2635 846 2680 quae
880 2623 931 2665 ab
965 2622 1150 2665 eiusdem
1186 2624 1421 2677 cognitione
1457 2635 1528 2677 per
1561 2620 1662 2664 alios
1695 2617 1833 2663 habita

212 2692 456 2736 desumitur.

331 2764 368 2806 6.
405 2763 656 2808 Canonum
690 2767 812 2809 ordo
847 2763 1007 2806 lucidus
1041 2769 1114 2815 est,
1149 2775 1240 2806 nam
1280 2763 1404 2806 dante
1442 2768 1549 2806 can⁰.
1574 2763 1686 2806 2195
1726 2761 1834 2804 illius

217 2832 329 2875 verbi
353 2834 713 2889 significationem,
733 2839 855 2891 atque
880 2836 1228 2890 praescriptorum
1252 2836 1361 2877 circa
1381 2833 1530 2877 delicta
1550 2835 1832 2876 extensionem

211 2902 261 2945 ad
286 2902 386 2945 alias
411 2906 769 2959 transgressiones,
789 2909 1019 2960 sequuntur
1043 2903 1288 2946 delictorum
1313 2904 1609 2954 distinctiones,
1628 2901 1832 2960 quaedam
