1950 3313
156 161 228 194 202
532 158 614 191 Lie.
637 158 681 192 V.
701 178 712 183 -
732 158 842 192 PARS
860 158 932 192 ΠΙ.
955 177 965 184 -
987 159 1044 193 De
1055 162 1194 203 poenis
1212 161 1255 193 in
1272 159 1412 193 delicta
1464 158 1556 194 Can.
1583 159 1788 194 2315-2316

159 279 309 322 sallem
333 280 370 321 in
396 266 586 335 quolibet
613 290 710 321 casu
744 276 902 321 duobus
937 277 1122 335 testibus,
1146 291 1317 335 nempe:
1353 280 1549 334 personis,
1569 291 1676 336 quae
1700 281 1789 323 iure

161 355 331 393 naturae
365 350 575 393 testiticari
611 350 780 405 possint.

278 419 375 462 152.
411 421 595 466 Contra
637 423 918 476 suspectum
962 422 1024 466 de
1066 422 1277 467 haeresi.
1311 446 1363 450 ——
1403 418 1503 463 Cart.
1543 421 1679 464 2315.
1714 420 1788 463 Su-

158 496 322 548 spectus
344 489 395 533 de
418 488 600 544 haeresi,
616 488 668 534 ob
689 491 1060 534 manifestationem
1083 493 1374 547 propositionis
1393 490 1464 534 tali
1482 503 1657 534 censura
1675 496 1789 534 nota-

158 567 237 615 tae,
256 566 296 605 et
315 565 483 618 propter
502 560 627 605 verba
650 561 712 605 vel
733 562 851 617 tacta,
871 575 977 620 quae
996 564 1110 606 iuxta
1129 576 1180 606 ss,
1201 575 1382 606 canones
1410 576 1447 604 v.
1468 575 1529 619 gr.
1551 562 1677 617 2319,
1701 563 1729 619 g
1752 561 1790 616 1,

159 646 198 676 n.
224 632 295 675 2-4
322 632 504 688 prudens
527 632 841 676 tundamentum
877 632 1075 690 praebent
1108 636 1262 677 erroris
1293 635 1456 691 sequuti
1490 638 1631 677 contra
1666 633 1791 676 tidem

159 702 422 758 catholicam,
455 703 527 761 qui
558 703 737 748 clericus
787 703 852 747 vel
900 704 1044 759 laicus,
1079 706 1213 748 forsan
1259 703 1490 761 religiosus,
1524 703 1708 747 monitus
1741 703 1792 747 ab

159 771 384 818 Ordinario
418 773 510 829 loci,
534 777 600 818 cui
633 774 711 818 hae
745 787 895 819 causae
927 779 1022 818 sunt
1055 780 1306 829 reservatae,
1336 789 1505 818 causam
1538 774 1793 833 suspicionis

161 857 240 902 qua
268 850 577 901 permanentem
603 859 684 889 riou
707 851 931 902 removeat,
955 844 1115 889 actibus
1149 845 1351 903 leqitimis
1381 844 1674 904 prohibeatur,
1691 859 1794 903 quos

163 916 335 972 proinde
370 915 510 960 illicite
543 916 769 971 exercebit,
802 917 1108 973 dignoscendos
1142 931 1191 960 ex
1227 916 1424 973 parallelo
1457 929 1546 961 can.
1573 917 1699 969 2256,
1735 917 1793 972 20,

163 992 201 1029 et
234 987 412 1030 clericus
450 1001 568 1044 «per
601 990 777 1044 primam
811 987 955 1032 saltem
990 993 1248 1032 tonsuram»
1276 988 1385 1045 (can.
1422 988 1518 1040 108,
1550 988 1578 1046 ἓ
1611 987 1654 1045 1)
1675 1001 1795 1046 prae-

166 1063 300 1112 terea,
327 1061 498 1115 gravius
532 1059 778 1115 puniendus,
797 1059 868 1102 sed
902 1059 1084 1117 repetita
1116 1058 1331 1102 inutiliter
1366 1072 1437 1102 seu
1471 1059 1627 1117 absque
1662 1072 1794 1102 remo-

164 1131 286 1173 tionis
311 1131 516 1187 praefatae
549 1130 699 1174 efl'ectu
731 1130 973 1187 monitione,
997 1129 1283 1188 suspendatur
1305 1144 1331 1173 a
1354 1129 1526 1182 diuinis,
1550 1142 1656 1187 quae
1685 1144 1706 1171 ((
1729 1144 1794 1173 su-

164 1203 328 1257 spensio
365 1206 476 1245 vetat
506 1215 671 1245 omnem
705 1207 841 1245 actum
878 1204 1091 1258 potestatis
1129 1202 1285 1245 ordinis
1317 1214 1441 1258 quam
1478 1203 1570 1259 quis
1602 1204 1691 1245 sive
1726 1215 1798 1258 per

164 1285 325 1316 sacram
374 1273 677 1317 ordinationem
725 1276 814 1316 sive
858 1287 930 1329 per
964 1273 1230 1330 privilegium
1267 1272 1470 1316 obtinet»
1510 1274 1618 1330 (can.
1669 1272 1796 1327 2279,

164 1345 192 1398 ,ξ
225 1343 263 1397 2,
298 1343 374 1400 20),
408 1349 447 1387 et
479 1343 696 1402 hucusque
724 1360 746 1385 <‹
770 1344 832 1387 lex
869 1346 998 1387 utitur
1023 1343 1161 1387 verbis
1184 1346 1463 1401 praeceptivis
1486 1359 1506 1385 >³
1535 1343 1643 1400 (can.
1669 1343 1797 1398 2223,

163 1414 192 1472 ἓ
225 1414 280 1472 2),
317 1415 586 1472 proceditque
628 1428 759 1459 canon
804 1415 994 1458 ulterius:
1040 1414 1149 1473 quod
1181 1415 1219 1457 si
1256 1414 1373 1457 iutra
1411 1428 1484 1457 seoe
1521 1428 1694 1471 meuses,
1727 1417 1796 1472 qui

171 1490 432 1528 «sumantur
476 1490 596 1542 prout
628 1490 724 1529 sunt
758 1488 795 1528 in
830 1485 1112 1529 calendario»
1148 1485 1259 1542 (can.
1295 1485 1362 1539 34,
1399 1487 1423 1539 ἓ
1457 1485 1496 1539 3,
1532 1484 1589 1536 1⁰,
1625 1484 1703 1542 30),
1751 1497 1798 1528 ac

172 1558 376 1613 «primus
409 1557 496 1600 dies
529 1570 580 1600 ne
613 1562 878 1613 computetur
900 1562 940 1600 et
961 1562 1123 1614 tempus
1156 1557 1324 1599 finiatur
1345 1555 1521 1617 'expleto
1556 1555 1699 1598 ultimo
1732 1555 1800 1598 die

167 1627 353 1670 eiusdem
387 1630 551 1671 numeri
573 1643 612 1682 »,
647 1627 839 1671 subditur
870 1629 1003 1671 enim:
1039 1641 1064 1669 a
1098 1631 1316 1671 eontracta
1347 1640 1482 1684 poena
1528 1639 1599 1682 per
1635 1630 1798 1669 senten-

167 1699 266 1741 tiam
301 1698 684 1742 condemnatoriam
719 1700 887 1755 praevia
923 1700 1161 1753 monitione,
1182 1701 1221 1740 et
1243 1697 1378 1755 quoad
1404 1696 1603 1740 clericum
1640 1698 1800 1750 iterata,

168 1768 392 1826 completos
425 1774 641 1827 suspectus
674 1768 725 1812 de
758 1768 925 1812 haeresi
957 1774 1001 1812 ut
1034 1770 1149 1812 initio
1182 1770 1352 1812 canonis
1377 1781 1466 1810 sese
1497 1780 1580 1810 nou
1612 1766 1802 1810 emenda-

167 1839 274 1882 verit
298 1853 517 1883 removens
545 1855 566 1881 ((
589 1853 756 1884 causam
781 1842 1029 1897 suspicionis
1051 1855 1091 1895 ›>,
1117 1838 1323 1882 habeatur
1345 1852 1395 1882 ex
1422 1840 1523 1881 iuris
1547 1839 1801 1895 praescripto

172 1915 371 1968 tanquam
405 1910 656 1968 haereticus,
687 1911 890 1970 quidquid
936 1912 1057 1954 fuerit
1100 1923 1241 1954 coram
1284 1909 1384 1964 Deo,
1419 1911 1484 1953 cui
1519 1922 1591 1952 cor
1623 1908 1802 1952 hominis

171 1986 296 2037 patet,
320 1980 627 2026 haeretieorum
658 1982 806 2041 poenis
829 1996 901 2025 seu
936 1987 1078 2025 contra
1113 1995 1183 2025 eos
1216 1994 1288 2038 per
1321 1993 1411 2024 can.
1438 1979 1663 2023 2314111111
1696 1978 1802 2022 latae

170 2057 256 2095 tum
292 2053 485 2096 serendae
517 2056 745 2097 sententiae
768 2053 985 2105 obuooeius,
1008 2053 1204 2110 equidem
1238 2051 1318 2095 illis
1351 2054 1438 2108 ipso
1471 2051 1590 2105 facto,
1616 2049 1678 2093 his
1703 2062 1802 2092 vero

173 2136 245 2179 per
277 2126 523 2167 sententiam
557 2124 814 2181 plectendus.

295 2195 390 2238 153.
424 2196 648 2252 Suspicio
689 2197 751 2241 de
793 2197 988 2241 haeresi
1032 2198 1096 2240 ob
1141 2195 1283 2239 huius
1326 2195 1570 2238 iuvamen.
1607 2217 1659 2221 —
1694 2190 1804 2233 Inter

174 2267 311 2308 varios
335 2278 454 2309 casus
477 2267 724 2322 suspicionis
746 2266 797 2309 de
821 2265 981 2309 haeresi
1013 2267 1150 2308 statim
1185 2266 1350 2321 ponitur
1383 2264 1515 2319 magis
1549 2263 1804 2318 propinquus

174 2339 247 2393 ipsi
273 2336 432 2380 haeresi
457 2336 533 2380 sub
552 2351 642 2381 cau.
665 2338 798 2380 2316.
828 2335 911 2389 Qui
932 2335 973 2393 a)
993 2349 1154 2393 quoquo
1178 2333 1297 2378 modo
1315 2336 1389 2377 etsi
1415 2332 1639 2377 materialis
1661 2345 1805 2388 coope-

175 2409 357 2462 rationis,
386 2421 424 2450 v.
442 2421 503 2464 gr.
523 2409 562 2450 in
587 2407 759 2451 edendis
783 2406 956 2463 legibus,
982 2407 1175 2456 decretis,
1194 2404 1482 2448 subveniendo
1506 2405 1706 2460 pecuniis,
1724 2416 1806 2446 ser-

176 2481 289 2532 vitio,
325 2478 628 2522 haereticorum
653 2491 778 2535 opera
811 2479 1005 2535 quamvis
1038 2477 1239 2531 benetica,
1264 2475 1365 2518 haec
1389 2479 1459 2518 aut
1492 2474 1566 2517 hos
1599 2485 1805 2517 commen-

175 2549 326 2604 dando,
362 2552 415 2592 ita
450 2554 492 2591 ut
526 2562 598 2605 per
621 2549 957 2592 diversos‘actus
991 2546 1196 2601 haeresis,
1234 2549 1323 2589 sive
1349 2547 1591 2601 praesertim
1618 2546 1655 2586 in
1680 2547 1805 2596 secta,

174 2622 264 2664 sive
303 2620 412 2663 illius
459 2621 612 2663 erroris
660 2624 802 2663 contra
852 2619 974 2662 tidem
1023 2619 1209 2662 divinam
1246 2621 1286 2660 et
1318 2615 1564 2659 catholicam
1600 2617 1637 2657 in
1671 2615 1805 2670 seipso

174 2691 423 2735 considerati
447 2691 796 2748 propaqastonem
822 2692 861 2733 in
886 2703 970 2744 eos,
988 2690 1058 2746 qui
1085 2690 1197 2745 prius
1233 2687 1342 2730 illam
1378 2700 1457 2729 non
1493 2684 1804 2742 profitebantur,

177 2767 322 2820 sponte
354 2762 532 2806 scilicet:
567 2764 654 2805 sine
691 2764 727 2803 vi
761 2765 831 2804 aut
866 2765 976 2803 metu
1009 2761 1145 2816 gravi,
1178 2764 1216 2801 et
1248 2758 1442 2809 scienter,
1475 2756 1584 2814 quod
1633 2754 1805 2798 verbum

177 2847 227 2876 ex
263 2833 351 2877 loco
387 2832 582 2890 parallelo
622 2832 829 2888 «plenam
863 2832 1143 2887 cognitionem
1178 2834 1216 2872 et
1249 2828 1589 2872 deliberationem
1629 2828 1802 2881 exigit»

177 2904 284 2961 (can.
322 2904 449 2958 2229,
484 2906 507 2957 g
546 2903 589 2960 2)
624 2902 757 2960 quoad
805 2903 995 2958 propriae
1028 2902 1201 2944 actionis
1241 2899 1460 2951 intquum,
1503 2897 1620 2940 iurat
1660 2895 1805 2939 saltem
