1950 3313
115 162 210 198 Can.
237 162 441 197 2352-2353
491 161 575 195 Ti'r.
605 162 697 195 XVI
742 184 751 187 -
782 163 835 197 De
854 165 1003 198 delictis
1022 167 1060 198 in
1082 166 1233 199 admin.
1254 168 1361 199 Soc-r.

1674 167 1742 200 2289

114 281 246 326 donec
267 281 547 339 dispensetur,
567 281 693 324 idest:
721 282 939 337 probibitio
965 283 1065 326 llaec
1089 283 1140 327 ab
1163 286 1251 327 eius
1273 282 1496 328 Ordinatio
1521 285 1740 329 relaxetur.

120 354 180 397 Ac
215 356 318 397 iuste
355 365 521 409 prorsus
554 364 604 395 ne
640 352 830 395 videatur
865 353 930 396 ille
958 354 1153 397 ordinans
1175 355 1289 407 dare,
1313 356 1420 412 quod
1458 358 1542 412 ipse
1577 361 1742 412 propter

120 424 329 480 praedicta
364 424 538 466 crimina
566 422 629 465 vet
656 436 808 478 poenas
841 437 918 466 non
956 423 1098 471 babet:
1133 430 1386 482 quapropter
1420 426 1526 469 idem
1563 429 1650 469 iure
1684 439 1742 469 as-

117 495 341 539 serendum
366 494 415 537 (le
439 506 703 551 quocumque
728 498 821 545 tnon
858 494 1167 552 praesumente)
1193 495 1426 539 huiusmodi
1461 497 1742 540 ordinationes

119 568 317 623 recipere.

241 637 338 680 215.
374 637 574 682 Sanctio
607 637 895 681 delictorum
929 638 975 680 in
1009 639 1317 683 ordinatione
1349 640 1609 684 tribuenda
1642 641 1743 696 qui-

118 710 329 754 busdam
362 708 612 753 subiectis.
643 731 701 737 —-
732 705 763 749 E
797 709 1004 749 contrario
1037 720 1084 750 ac
1119 709 1156 749 in
1194 708 1454 763 praecedenti
1490 722 1661 762 canone,
1684 723 1743 751 or-

117 779 311 822 dinantes
343 777 523 835 aliquem
567 782 709 820 contra
753 789 893 820 sacros
938 790 1118 820 canones
1163 780 1319 821 ratione
1363 778 1534 822 subiecti
1571 782 1743 836 promoti

120 851 236 907 punit
281 863 372 892 ean.
410 850 551 900 9373,
595 848 734 904 plures
776 850 1008 891 sanctiones
1052 853 1196 891 const.S
1234 849 1537 905 «Apostolicae
1579 850 1739 893 Sedis»

121 921 177 964 Pii
204 919 259 963 lx
281 920 521 964 coadunans
553 918 629 963 sub
663 919 823 973 eadem,
852 919 1032 962 scilicet:
1070 918 1115 962 In
1141 919 1450 977 suspensionem
1473 934 1549 977 per
1571 935 1738 967 (innam,

117 994 188 1049 qui
229 995 520 1047 «supputetur
553 990 604 1034 de
639 996 846 1033 momento
890 990 939 1033 ad
987 995 1257 1045 momentum,
1290 1002 1337 1033 ac
1370 993 1458 1033 eius
1493 1005 1651 1035 menses
1684 1005 1746 1034 su-

120 1067 285 1106 mantur
321 1066 440 1119 prout
472 1066 567 1105 sunt
591 1063 627 1103 iu
655 1061 938 1104 calendario»
967 1061 1075 1118 (can.
1103 1061 1169 1116 34,
1194 1051 1301 1118 ξὲ).
1336 1060 1382 1104 Et
1418 1074 1495 1104 non
1529 1066 1588 1105 est
1618 1075 1745 1118 poena

122 1133 380 1177 vindicativa
416 1132 528 1188 (cum
562 1132 831 1188 derogatione
865 1144 955 1176 can.
991 1131 1118 1185 2298,
1152 1131 1279 1189 1120)
1314 1131 1414 1175 haec
1438 1132 1668 1188 (suspensio
1698 1132 1746 1174 ab

119 1202 319 1246 ordinum
352 1202 590 1258 collatione,
627 1216 705 1245 non
742 1205 900 1259 primae
934 1207 1126 1246 tonsurae
1150 1202 1201 1246 ob
1226 1205 1288 1245 ius
1313 1214 1450 1259 praec.
1474 1203 1581 1260 quod
1610 1204 1747 1256 refert,

119 1279 244 1332 atque
277 1274 327 1318 ad
364 1286 550 1317 normam
586 1286 676 1317 can.
718 1273 801 1330 19),
836 1287 883 1317 eo
916 1273 1025 1331 quod
1061 1273 1241 1327 additur,
1265 1272 1366 1316 alias
1392 1273 1611 1316 inutiliter:
1646 1272 1748 1316 Sede?

118 1345 388 1403 Apostolieae
406 1345 516 1389 illam
538 1350 799 1388 reservatam
817 1345 907 1403 ipso
930 1344 1044 1403 facto
1068 1344 1306 1397 incurrunt,
1325 1350 1449 1402 atque
1472 1349 1749 1400 congruenter
1770 1397 1772 1399 ‚

120 1417 380 1472 suspensioni
423 1429 474 1459 ex
519 1419 648 1459 const.
688 1431 707 1456 «
732 1414 995 1471 Apostolicae
1028 1414 1209 1469 Sedis»,
1243 1413 1319 1458 sub
1363 1413 1524 1458 (luobus
1566 1417 1749 1458 numeris

119 1486 414 1545 sequentibus:

243 1558 284 1602 1⁰
323 1557 406 1612 Qui
438 1558 698 1616 (Episcopus,
732 1557 872 1602 Abbas
923 1557 984 1601 vel
1037 1558 1245 1602 l'raelatus
1289 1557 1453 1613 nullius,
1491 1556 1678 1601 Vicarius
1711 1562 1749 1600 et

122 1629 358 1674 Praefectus
406 1629 687 1687 Apostolicus)
736 1634 883 1672 eontra
927 1629 1239 1687 praescriptum
1287 1643 1378 1671 ean.
1420 1630 1530 1683 955,
1577 1641 1747 1685 nempe:

125 1702 454 1758 «unusquisque
478 1713 500 1744 a
526 1702 692 1757 proprio
724 1699 928 1757 Episcopo
962 1700 1177 1743 ordinetur
1209 1705 1279 1744 aut
1311 1713 1404 1743 cum
1432 1700 1625 1756 legitimis
1648 1701 1750 1742 eius-

121 1771 215 1814 dem
251 1770 397 1815 litteris
433 1771 727 1815 dimissoriis»
757 1770 799 1828 (ξ
823 1770 880 1828 1),
904 1770 1089 1813 alienum
1122 1770 1346 1816 subditum.
1372 1770 1494 1813 idest:
1529 1772 1646 1813 cuius
1670 1783 1748 1813 non

121 1846 181 1884 est
221 1857 243 1883 ((
265 1844 458 1898 proprius
480 1857 502 1882 ›)
541 1841 590 1885 ad
626 1854 814 1884 normam
849 1854 938 1885 can.
964 1842 1061 1896 956,
1088 1842 1186 1895 957,
1211 1841 1301 1884 sine
1328 1840 1554 1884 Ordinarii
1583 1840 1751 1899 proprii

120 1912 170 1956 ad
207 1925 394 1956 normam
428 1925 518 1956 can.
554 1912 652 1963 958,
683 1912 711 1969 ξ
748 1913 764 1955 1
803 1911 961 1955 litteris
993 1911 1250 1955 dimissoriis
1283 1911 1498 1968 explicatis
1540 1912 1590 1955 ad
1630 1918 1749 1956 can.¹¹¹

120 1986 219 2028 cit.¹²¹
241 1983 549 2039 ordinaverint,
572 1984 847 2037 conferentes,
871 1996 950 2026 non
985 1983 1156 2041 quidem
1192 1985 1365 2040 primam
1402 1988 1612 2026 tonsuram
1638 1985 1750 2026 iuxta

120 2054 447 2099 declarationem
482 2054 521 2098 S.
556 2053 720 2111 Congr.S
753 2056 792 2097 5.
826 2051 962 2099 Officii
989 2054 1017 2108 ¹,
1050 2054 1119 2097 sed
1155 2053 1322 2097 ordines
1367 2055 1543 2097 maiores
1578 2053 1640 2097 vel
1677 2056 1750 2096 mi-

122 2139 268 2179 nores;
802 2126 809 2133 '

239 2197 288 2240 2⁰
327 2195 411 2250 Qui
429 2199 535 2241 inter
553 2210 623 2240 eos
641 2209 764 2253 supra
785 2198 1010 2240 recensitos
1027 2195 1237 2239 subditum
1253 2195 1472 2254 proprium
1492 2196 1541 2239 ad
1563 2208 1749 2239 normam

121 2280 212 2312 can.
249 2268 349 2321 956,
374 2267 447 2326 qui
469 2267 586 2317 alibi,
610 2267 790 2312 scilicet:
825 2271 942 2311 extra
976 2267 1205 2310 ordinantis
1239 2269 1491 2310 territorium
1519 2271 1634 2309 {anlo
1660 2272 1752 2309 lem·

120 2351 225 2396 pore
255 2344 446 2382 moratus
479 2339 536 2382 sit
568 2341 693 2382 etiam
725 2340 814 2383 sine
847 2337 1058 2382 ‹lomiciliO
1099 2337 1163 2381 vel
1206 2337 1573 2395 quasi-domicilio,
1609 2343 1652 2379 n!
1684 2352 1750 2379 ea-

124 2408 319 2452 nonicam
342 2409 699 2468 impedimentum,
715 2409 778 2452 vel
803 2409 1033 2467 simplicem
1058 2409 1119 2452 vel
1141 2409 1488 2465 irregularitatem
1504 2407 1752 2451 contrahere

117 2477 182 2522 -ibi
211 2479 415 2538 potuerit,
447 2481 556 2538 quod
596 2496 615 2522 c<
640 2485 805 2537 tempus
827 2485 899 2536 est,
927 2479 1189 2536 regulariter,
1214 2493 1286 2536 pro
1312 2478 1509 2522 militibus
1533 2481 1751 2532 trimestre,

124 2563 198 2607 pro
231 2549 322 2594 aliis
353 2555 552 2595 semestre
584 2556 674 2608 post
711 2550 1016 2609 pubertatem»
1052 2553 1157 2605 (can.
1184 2550 1282 2605 964,
1314 2550 1342 2608 ξ
1376 2550 1427 2605 1),
1462 2548 1752 2592 ordinaverint

125 2626 168 2665 ut
200 2621 452 2678 explicatum
487 2627 547 2666 est
581 2625 620 2665 in
645 2623 703 2667 n.⁰
729 2635 865 2680 praec.
891 2627 1038 2665 eontra
1065 2621 1376 2679 praescriptum
1400 2634 1488 2662 ean.
1515 2620 1620 2673 993,
1647 2634 1682 2662 n.
1709 2622 1749 2662 4.

125 2691 342 2737 videlicet:
381 2695 469 2737 sine
509 2693 900 2738 «testimonialibus
943 2693 1089 2736 litteris
1132 2689 1343 2736 Ordinarii
1390 2691 1496 2734 illius
1540 2690 1680 2741 loci»,
1714 2695 1750 2732 et

122 2776 216 2806 ean.
250 2765 357 2820 994,
394 2777 564 2820 nempe:
599 2777 696 2808 casu
727 2777 809 2822 quo
834 2763 1070 2821 praedictus
1099 2778 1117 2803 «
1143 2762 1218 2805 loci
1254 2759 1500 2806 Ordinarius
1524 2773 1656 2817 neque
1681 2772 1751 2815 per

242 2917 254 2939 1
282 2916 326 2951 18
351 2917 446 2961 Apr.
476 2916 581 2952 1888.
1660 2958 1665 2963 Ι

209 2994 307 3023 BLAT
331 3010 350 3017 -
374 2994 499 3023 Comm.
527 2995 613 3024 Text.
641 2995 719 3024 C'od.
743 2995 816 3023 lar.
842 2994 922 3023 Can.
1630 2989 1666 3016 19
