1950 3313
116 155 209 203 (san.
237 167 331 203 2195
495 171 578 206 TIT.
605 173 635 207 Ι.
662 194 673 198 -
701 174 757 209 De
785 180 928 212 natam
955 182 988 213 el
1014 182 1204 218 divisione
1229 186 1359 220 delicti
1723 194 1743 225 ἴ)

116 302 165 332 ex
191 289 329 334 delicti
364 291 582 335 elementis
616 297 765 348 petitae
790 297 865 339 sut)
898 312 986 342 can.
1014 300 1140 354 Qum,
1173 302 1250 345 alia
1284 318 1331 347 ex
1370 305 1476 348 illius
1509 310 1742 363 cognitione

115 373 188 417 per
220 362 464 413 (τ311.2197,
503 366 567 407 cui
606 365 774 408 ultimus
799 368 900 410 tituli
934 370 1189 415 subinfertur
1217 375 1498 419 determinans
1541 381 1645 422 inter
1680 394 1744 436 po-

113 436 280 476 testates
313 433 501 489 publicas
533 435 700 478 civilem
737 443 859 494 atque
894 441 1229 490 ecclesiasticam,
1265 459 1466 502 quaenam
1507 451 1543 491 iu
1579 450 1743 494 casibus

112 505 176 546 ius
209 503 359 548 babeat
394 507 668 562 persequendi
702 510 862 564 singula
904 511 1065 555 delicta.

230 575 269 618 7.
305 576 480 622 Delicti
514 581 756 632 naturam,
790 594 867 623 non
905 581 1185 640 philosophice
1209 600 1278 628 ¹seu
1314 587 1518 632 abstracte
1553 592 1739 634 conside-

112 651 257 696 ratam,
276 647 362 701 sed,
385 652 426 690 ut
444 650 501 691 ait
518 662 607 691 ean.
628 652 749 693 2195
775 653 811 693 in
837 659 1030 697 concreto
1057 655 1238 711 loquens,
1260 661 1369 701 iuxta
1395 660 1557 703 Codicis
1582 675 1737 705 morem

112 720 369 774 respicientis
404 722 564 776 praxim
600 720 801 773 fidelium,
837 724 958 767 tradit
993 731 1016 778 ξ
1053 729 1084 770 l.
1121 726 1295 770 Nomine
1326 729 1484 777 deliris,
1510 746 1579 774 sou
1618 733 1738 776 buius

113 788 228 833 verbi
261 791 566 846 significatione
601 795 780 849 propria,
805 793 898 837 iure
923 800 1071 841 tamen,
1096 798 1172 841 sub
1195 799 1372 842 diversis
1408 802 1638 845 lmtusmodi
1671 818 1735 847 ac-

109 860 383 917 ceptionibus,
416 861 701 906 ecclesiastico
734 877 805 907 seu
840 867 947 921 apud
975 867 1199 911 Ecclesiam
1229 872 1406 925 vigente,
1432 876 1668 928 praesertim
1697 877 1733 916 in

109 931 272 976 Codicis
306 946 381 976 usu
414 933 676 991 inlelliyitur
708 940 746 989 a)
778 942 970 992 emerita,
999 946 1115 994 prout
1151 940 1201 983 ab
1235 941 1394 985 actibus
1430 957 1539 985 mere
1566 947 1736 988 internis

107 1003 390 1060 distinguitur,
423 1007 492 1063 qui
527 1005 708 1050 hominis
741 1007 1006 1052 facultatibus
1038 1010 1135 1053 solis
1157 1025 1352 1055 sensuum
1380 1016 1649 1068 internorum,
1677 1018 1732 1058 in-

107 1074 296 1119 tellectus
328 1089 376 1120 ac
412 1077 636 1121 voluntatis
669 1078 945 1135 complentur,
980 1094 1027 1124 ac
1064 1083 1234 1137 proinde
1273 1097 1416 1140 «quae
1450 1085 1642 1128 sensibus
1665 1100 1732 1129 ex-

107 1149 236 1190 ternis
269 1150 425 1205 percipi
460 1162 510 1192 ex
544 1163 588 1192 se
623 1152 801 1206 possit»,
834 1153 994 1195 etiamsi
1021 1153 1156 1197 nullus
1179 1154 1295 1202 atius,
1332 1168 1404 1198 nec
1443 1156 1575 1198 forsan
1611 1157 1734 1199 doliu

106 1231 238 1276 quens
282 1222 497 1276 percipiat,
534 1234 569 1261 v.
603 1234 665 1277 gr.
704 1222 856 1265 surdus
907 1224 1119 1279 proferens
1166 1225 1276 1268 solus
1327 1225 1622 1281 blasphemiam
1673 1229 1732 1270 xet

106 1289 325 1343 haeresim,
362 1289 405 1348 b)
437 1296 477 1334 et
509 1291 733 1335 moraliter
771 1292 1047 1351 imputabilia,
1083 1309 1130 1338 eo
1173 1296 1281 1353 quod
1327 1296 1457 1339 adsint
1506 1297 1735 1340 intellectus

105 1361 351 1405 deliberatio
384 1368 424 1406 et
459 1363 684 1407 voluntatis
716 1377 955 1419 consensus,
990 1370 1085 1409 tunc
1129 1369 1236 1409 enim
1281 1367 1540 1410 solummodo
1576 1367 1731 1410 homini

106 1437 149 1476 ut
181 1435 355 1477 actionis
386 1434 555 1478 domino
590 1435 691 1479 haec
729 1435 970 1479 attribuitur
1004 1435 1043 1494 c)
1078 1436 1182 1494 leqis
1215 1438 1535 1489 ecclesiasticae,
1571 1441 1731 1482 univer-

103 1505 201 1549 salis
237 1505 300 1548 vel
337 1506 611 1562 particularis,
646 1519 776 1550 canon
811 1509 919 1550 enim
956 1521 1034 1550 non
1070 1508 1296 1565 distinguit,
1335 1508 1521 1557 violatio,
1548 1510 1731 1552 iaciendo

103 1577 211 1634 quod
250 1579 423 1620 vetitum
461 1577 522 1620 vel
558 1579 787 1622 omittendo
821 1579 929 1635 quod
966 1584 1204 1636 preceptum
1240 1580 1290 1623 ab
1324 1593 1369 1623 ea
1403 1582 1467 1633 sit,
1492 1580 1561 1623 sed
1593 1580 1636 1636 (l)
1665 1581 1731 1622 eui

101 1647 248 1704 supple
285 1663 306 1688 <c
331 1647 409 1705 legi
434 1664 454 1689 ))
491 1647 645 1692 addita
678 1649 735 1692 sit
773 1663 846 1706 per
891 1650 1166 1706 legislatorem
1200 1662 1247 1694 ac
1282 1653 1319 1693 in
1355 1652 1482 1706 ipsius
1521 1655 1729 1698 contextu,

102 1732 151 1763 eo
183 1718 292 1776 quod
326 1719 502 1763 dicitur:
535 1721 699 1764 sanctio
733 1721 936 1764 canonica
980 1721 1106 1765 idest:
1152 1735 1224 1778 per
1260 1736 1311 1764 ss.
1347 1734 1526 1765 canones
1573 1724 1608 1763 in
1655 1721 1728 1763 lio«-

102 1789 225 1834 Libro
257 1789 421 1835 Codicis
454 1794 681 1849 recognita,
715 1797 755 1836 et
787 1806 837 1836 ex
871 1805 949 1850 qua
986 1792 1048 1836 lex
1095 1795 1278 1836 munitur
1310 1794 1361 1836 ab
1396 1792 1461 1835 illa
1498 1793 1604 1836 faciti
1644 1797 1726 1834 vio-

102 1860 266 1914 latione,
297 1864 405 1906 sicut
435 1863 488 1907 de
521 1863 645 1907 rebus
676 1867 829 1908 sanctis
864 1867 900 1907 in
937 1866 1177 1921 antiquitate
1212 1863 1347 1919 tiebat,
1371 1863 1518 1906 sallem
1553 1862 1713 1905 indeter

102 1933 276 1989 minata,
306 1937 382 1977 «si
409 1935 600 1991 prudenti
624 1934 796 1979 arbitrio
822 1937 969 1979 iudicis
996 1935 1057 1978 vel
1083 1937 1314 1991 Superioris
1349 1934 1488 1978 relicta
1513 1937 1561 1977 sit
1587 1934 1726 1990 (legis)

103 2003 285 2048 verbis»
323 2005 432 2061 (can.
468 2006 594 2061 2217,
628 2006 656 2065 ξ
690 2007 726 2062 l,
765 2005 840 2063 10).
875 2006 933 2049 Ex
969 2006 1044 2049 hac
1077 2006 1317 2049 defiuitione
1361 2005 1482 2048 facile
1522 2009 1725 2047 eruuntur

97 2076 180 2120 duo
211 2076 415 2120 elementa
449 2077 590 2121 delicti
622 2077 879 2122 subiectiva:
915 2079 955 2134 a)
990 2077 1214 2129 materiate,
1247 2076 1355 2133 quod
1381 2080 1439 2118 est
1469 2090 1487 2115 «
1513 2075 1615 2130 legis
1642 2077 1722 2116 xio-

97 2147 256 2203 latio»,
290 2147 328 2200 b)
358 2148 531 2192 formale
579 2153 772 2192 constans
822 2148 1152 2205 imputabilitate,
1192 2147 1354 2204 aliaque
1398 2148 1478 2189 duo
1522 2146 1720 2188 elementa

96 2218 318 2274 obiectiva,
352 2219 533 2264 scilicet:
569 2221 604 2276 c)
637 2221 744 2264 adsit
777 2220 925 2263 violata
965 2219 1074 2262 «lex
1109 2232 1247 2262 secum
1283 2218 1449 2261 edicens
1484 2230 1721 2273 poenam».

95 2303 144 2334 ex
179 2303 262 2348 quo
294 2293 484 2348 sequitur
515 2289 560 2348 d)
579 2291 778 2335 damnum
805 2292 943 2334 inferri
970 2290 1075 2334 bono
1099 2291 1323 2339 communi,
1349 2292 1449 2331 teste
1475 2287 1722 2343 legislatore.

94 2363 164 2418 qui
197 2364 256 2404 sic
289 2361 388 2404 illud
423 2362 649 2406 efficaciter
683 2364 815 2406 vitare
850 2361 1035 2405 intendit.

212 2432 300 2476 Hae
334 2433 446 2489 leges
480 2433 673 2489 poenales
708 2447 780 2491 pro
815 2435 1009 2476 universa
1033 2431 1216 2475 Ecclesia
1241 2430 1380 2473 Latina
1419 2432 1615 2484 vigentes.
1643 2441 1718 2469 non

93 2505 174 2546 iam
211 2503 441 2560 peculiares
474 2506 588 2547 iuxta
627 2505 950 2548 declarationem
986 2505 1023 2545 in
1058 2501 1363 2546 Commentario
1397 2499 1549 2542 Textus
1581 2499 1716 2541 datam

92 2572 221 2617 num.¹
256 2573 295 2616 5¹
332 2575 382 2618 ad
422 2587 512 2619 can.
548 2576 588 2630 6,
631 2578 902 2619 inveniuntur
950 2587 1093 2617 omnes
1142 2575 1178 2614 in
1228 2572 1349 2614 liuius
1393 2569 1499 2613 Libri
1539 2568 1566 2610 Y
1605 2569 1718 2611 l'arto

92 2646 226 2688 tertia.

208 2715 296 2759 Non
336 2717 460 2761 aliam
499 2718 638 2762 delicti
672 2720 1018 2776 significationem
1053 2716 1119 2758 dat
1152 2716 1180 2772 ξ
1211 2717 1253 2762 ξ),
1288 2714 1357 2757 sed
1394 2718 1548 2756 tantum
1587 2712 1716 2755 brexi-

91 2790 184 2832 tatis
217 2788 341 2832 causa
384 2801 588 2833 canonum
636 2792 888 2847 praescripta
933 2788 1130 2835 extendit,
1166 2786 1392 2829 admonens
1430 2785 1714 2840 praereptixe:

89 2858 186 2904 Nisi
218 2874 269 2903 eoe
301 2859 516 2903 adiunctis
549 2874 754 2905 canonum
780 2859 1036 2916 singulorum
1073 2855 1193 2899 aliud
1225 2856 1436 2897 diversum
1466 2852 1526 2896 vel
1553 2857 1710 2895 contra-

91 2934 198 2975 rium
231 2934 419 2990 sequenti
454 2944 624 2975 normae
657 2936 877 2989 appareat,
914 2928 1084 2986 proinde
1122 2927 1375 2970 sufficienter
1408 2924 1572 2981 liqueat.
1608 2936 1712 2978 (μιαν
