1950 3313
105 174 200 210 Gan.
226 172 428 207 mati-‘2197
484 173 569 206 TIT.
601 174 629 206 1.
660 193 671 199 -
699 174 754 208 De
782 181 926 207 reatum
954 179 985 209 1⁴!
1012 177 1201 210 ‹liris-ione
1226 177 1356 210 ‹lein-tt·
1707 176 1727 209 ’ἶ

111 306 146 336 v.
167 306 226 349 gr.
255 291 398 335 morali
424 296 508 334 tum
533 292 716 335 scandali
743 298 826 335 tum
852 294 1086 336 detrimenti
1114 295 1242 337 bonae
1268 297 1414 344 l'ainac,
1433 300 1501 336 aut
1528 294 1725 336 materiali

105 363 215 421 quod
252 363 355 406 bona
390 362 645 418 temporalia,
672 362 792 405 illato
819 378 889 419 por
914 364 1107 406 delirium
1133 365 1306 418 singulis
1341 365 1587 420 palii-utilius
1613 365 1725 414 iilud,

110 433 174 477 vel
212 448 231 474 «
254 433 549 477 Communitati
572 448 594 473 »
633 432 952 480 ecclesiasticae,
978 438 1169 490 ‹piami‘is
1204 437 1478 490 imperfectae.
1507 435 1590 477 lloc
1619 438 1725 477 onim

105 504 304 548 damnum
342 505 468 559 partis
501 507 562 546 est
595 516 761 560 quoque
794 504 990 546 damnum
1018 504 1108 547 boni
1135 508 1378 547 eommunis.
1416 505 1527 549 [judo
1563 508 1726 547 miiitum

106 588 157 619 ex
192 574 408 618 elementis
439 573 577 617 delicti
613 573 831 617 obiectixis
867 577 1039 629 pertinet
1079 576 1127 616 ad
1174 576 1425 631 multitatem,
1460 577 1557 618 dum
1593 578 1727 618 omnia

106 645 227 689 simul
263 649 518 688 concurrunt
550 644 600 687 ad
635 643 773 687 delicti
809 647 1070 700 gravitatem.
1108 645 1215 687 llaec
1251 649 1305 687 sii·
1343 649 1538 689 recensita
1567 648 1728 689 suerunt

108 719 147 760 in
183 717 258 761 loc.
293 719 386 761 cit.:
426 732 448 758 «
471 717 510 759 9.
544 714 737 760 Gravitas
770 715 907 759 delicti
942 716 1196 759 desumenda
1231 723 1288 759 ost
1315 732 1390 759 non
1417 724 1571 760 tantum
1597 732 1617 759 a
1642 732 1730 771 gra-

111 790 236 831 vitate
270 787 372 843 legis
407 786 596 841 violatae,
631 786 702 830 sed
737 789 859 829 etiam
895 799 915 828 a
951 789 1155 842 gravitate
1182 802 1333 843 poenae
1358 801 1377 829 a
1415 789 1501 843 lege
1535 792 1729 835 sancitae,

107 871 129 901 a
163 862 369 915 gravitate
401 857 498 911 doli,
533 862 572 900 et
605 870 626 900 a
659 859 865 913 gravitate
899 857 1052 906 damni,
1076 860 1164 900 sive
1191 858 1355 900 moralis
1387 861 1474 900 sito
1511 858 1732 901 materialis

106 928 401 974 Communitati
438 927 537 971 illati
563 943 600 971 ».

227 1002 266 1043 9.
288 1001 528 1046 Delictum
552 1001 809 1051 occultum,
828 1001 1073 1056 publicum
1097 1003 1145 1045 et
1169 1002 1410 1045 notorium
1433 1005 1525 1042 sunt
1547 999 1730 1043 membra

106 1070 280 1114 alterius
312 1070 543 1123 divisionis,
577 1083 683 1127 quae
717 1070 954 1126 frequenter
989 1073 1256 1112 inveniuntur
1281 1073 1317 1112 in
1343 1070 1522 1112 tontibus
1548 1072 1644 1112 iuris
1667 1084 1731 1111 ‹·o—

107 1142 350 1198 gnoscendi,
387 1141 601 1185 videlicet:
636 1145 724 1183 tum
759 1143 797 1183 in
835 1140 1131 1193 l)ecrctalibus,
1167 1146 1250 1183 tum
1283 1143 1319 1183 in
1345 1140 1481 1183 (Σουρί
1506 1140 1731 1183 'l‘rideniini

110 1211 309 1264 Decretis,
343 1217 428 1254 tum
464 1213 502 1254 in
537 1211 628 1254 aliis
660 1212 698 1255 S.
733 1211 850 1254 Sedis
884 1211 1158 1253 documentis.
1195 1210 1308 1253 [lanc
1341 1210 1586 1253 divisionem
1613 1223 1730 1252 accu-

110 1287 196 1326 rate
229 1284 402 1338 exponit
433 1281 708 1338 stabilemque
740 1283 881 1324 statuit
914 1295 1003 1323 ean.
1037 1284 1170 1323 3197.
1197 1306 1248 1310 —
1279 1280 1494 1330 Delictum,
1522 1285 1639 1336 prout
1665 1280 1732 1322 ‹le-

108 1353 313 1397 claratum
349 1357 487 1396 manet
519 1352 569 1396 ad
604 1365 694 1396 can.
731 1352 858 1405 2195,
892 1352 920 1410 ξ
956 1352 991 1403 1,
1025 1357 1110 1394 est:

228 1425 290 1468 1.0
327 1423 558 1478 Publieum,
592 1423 759 1466 ratione*
795 1425 921 1481 igitur
959 1425 1205 1479 cognitionis
1243 1422 1349 1478 apud
1393 1424 1728 1464 communitatem

110 1497 313 1538 minorem
350 1494 412 1538 vel
439 1496 652 1547 maiorem,
680 1507 717 1538 v,
742 1508 803 1550 gr.
828 1499 1095 1542 conventum,
1119 1493 1329 1549 oppidum,
1358 1495 1603 1548 paroeciam,
1627 1491 1734 1533 dioe-

108 1568 253 1621 cesim,
284 1566 325 1623 a)
357 1565 395 1609 si
426 1565 512 1608 iam
543 1560 808 1623 divzclqalum
841 1569 915 1620 est,
952 1578 1116 1620 nempe:
1153 1563 1259 1619 apud
1297 1563 1403 1605 illius
1440 1565 1634 1605 maiorem
1670 1563 1728 1605 vel

108 1636 257 1680 saltem
294 1649 390 1680 vere
424 1635 649 1680 notabilem
690 1635 864 1678 relative
911 1639 1080 1690 partem,
1118 1634 1155 1680 l)¹¹
1191 1639 1264 1675 aa!
1299 1632 1450 1675 talibus
1487 1635 1522 1674 in
1558 1635 1734 1675 circum-

109 1710 270 1751 stantiis
301 1707 477 1767 contiqil
509 1707 623 1762 illud,
658 1708 696 1762 c)
728 1720 801 1749 seu
835 1719 943 1748 nunc
978 1700 1184 1761 temporis
1210 1710 1401 1746 versatur
1435 1704 1474 1745 in
1509 1702 1735 1753 (idiunelis,

111 1783 200 1822 tum
232 1778 397 1836 quando
430 1780 715 1822 continuatum
750 1781 822 1832 est,
860 1782 943 1820 tum
978 1776 1143 1833 quando
1177 1777 1226 1818 ad
1262 1789 1403 1818 corum
1431 1777 1613 1817 notitiam
1652 1788 1735 1823 per-

117 1850 238 1895 venit.
271 1851 341 1906 q'ui
374 1848 427 1892 ob
459 1862 602 1892 eorum
637 1847 857 1906 qualitates
892 1847 953 1890 vel
993 1847 1246 1889 voluntatem
1280 1846 1328 1888 ad
1354 1851 1512 1888 ceteros
1537 1844 1643 1887 illam
1672 1857 1732 1886 re-

112 1920 256 1975 ferent,
291 1924 374 1962 tuin
410 1918 462 1963 ob
495 1919 634 1963 delicti
669 1918 861 1976 sequelas
905 1921 942 1961 in
987 1920 1075 1960 eius
1110 1919 1293 1959 notitiam
1328 1916 1540 1965 ducentes,
1574 1928 1737 1970 semper

110 2002 159 2033 ac
192 1989 399 2034 declarata
433 1990 628 2033 adiuncta
667 1984 749 2033 sint
787 1989 1038 2042 huiusmodi,
1074 1993 1115 2030 nl
1147 1991 1390 2045 prudenter,
1425 1986 1558 2043 ‹pioad
1582 1987 1737 2041 praeii-

107 2062 269 2103 sionem
303 2062 341 2103 in
375 2059 594 2117 hypothesi
623 2060 821 2103 alterutra
860 2059 937 2103 sub
972 2059 1116 2101 litteris
1152 2057 1192 2113 b)
1227 2063 1265 2100 et
1298 2056 1353 2113 c),
1390 2055 1572 2098 iudicari
1604 2054 1736 2112 possi!

108 2131 338 2174 secundum
373 2130 588 2174 hominum
624 2134 730 2174 inter
752 2144 856 2188 quos
890 2130 955 2172 illa
993 2134 1222 2175 versantur,
1251 2128 1310 2170 vel
1345 2127 1438 2170 talia
1463 2128 1735 2181 contigerunt.

113 2214 248 2245 mores
261 2206 300 2244 ec
318 2200 529 2245 debeatob
548 2201 712 2244 illarum
733 2202 1139 2245 circumstantiarum
1160 2198 1220 2241 iel
1237 2199 1522 2241 adiunctorum
1545 2202 1734 2252 tanquam

113 2274 319 2316 rationum
356 2272 516 2329 pondus
548 2272 677 2330 facile
709 2272 967 2329 proindeque
1013 2270 1128 2314 brevi
1170 2274 1354 2324 tempore
1387 2267 1645 2323 ‹li'reelssalum
1683 2266 1737 2307 iri

112 2343 235 2386 modo
268 2344 318 2387 ad
354 2343 530 2387 litteram
566 2347 608 2399 a)
640 2343 865 2387 declarato.
905 2341 1022 2386 Unde
1065 2354 1143 2397 qua
1186 2339 1393 2395 publicum
1434 2337 1629 2381 delictum
1678 2342 1735 2379 ost

113 2415 200 2456 iure
234 2413 471 2458 habendum
505 2417 595 2457 non'
618 2414 753 2458 solum
786 2427 835 2456 ex
870 2412 1154 2467 divulgatione
1189 2411 1238 2453 de
1272 2409 1479 2461 t'acto,sed
1515 2422 1562 2450 ex
1599 2406 1734 2449 ‹livul-

110 2486 276 2540 gatione
310 2482 429 2528 facile
463 2486 601 2529 futura
643 2485 872 2529 secundum
909 2483 1089 2540 prudens
1125 2482 1336 2524 iudicium.
1372 2504 1425 2510 —
1463 2478 1660 2521 Delii-tum
1699 2480 1734 2518 in

111 2557 246 2611 seipso
280 2556 569 2600 consideratur
616 2555 694 2600 sub
743 2555 819 2599 hoc
869 2567 1026 2598 canone
1061 2556 1128 2602 ita,
1164 2557 1202 2594 ut
1238 2565 1315 2593 non
1350 2550 1493 2593 obstet.
1529 2551 1560 2590 si
1595 2553 1737 2591 aut-toi·

114 2628 243 2682 ipsius
275 2626 415 2670 delicti
449 2630 501 2670 sit
535 2630 711 2684 ignotus.

230 2696 290 2740 Eo
338 2698 448 2754 quod
496 2700 682 2741 societati
732 2710 811 2754 qua
858 2697 940 2750 tali,
976 2698 1145 2751 eiusque
1180 2692 1366 2749 publicae
1400 2692 1630 2734 auctoritati
1667 2703 1736 2745 pro

112 2767 222 2811 illius
255 2770 457 2824 regimine
490 2769 641 2812 adsunt
675 2768 811 2812 media
848 2770 934 2810 iure
983 2766 1033 2809 al)
1081 2764 1271 2807 ominbus
1315 2764 1509 2814 admissa,
1545 2766 1582 2803 ut
1619 2762 1734 2805 tarta,

110 2851 218 2896 quae
252 2841 456 2882 intersunt
487 2842 708 2894 societatis,
735 2841 991 2881 innotescant
1015 2837 1168 2888 eidem,
1191 2835 1312 2877 datin·
1345 2833 1406 2875 30
1430 2832 1646 2875 Nolorinm
1673 2845 1738 2872 ηο-

114 2909 312 2953 lorietate
344 2909 466 2964 iuris,
501 2910 611 2967 quod
637 2923 716 2954 non
740 2923 903 2966 semper
926 2910 1116 2963 supponit
1144 2905 1422 2960 publii-itatem
1457 2916 1580 2957 supra
1615 2915 1735 2956 expo-
