1950 3313
158 137 251 174 Gan.
279 138 373 173 2359
534 140 618 174 Trr.
650 140 755 175 XIV.
779 163 789 167 -
811 144 865 177 De
883 146 1034 180 delicti-s·
1051 150 1186 181 contra
1209 151 1324 183 vitam
1346 153 1410 183 etc.
1715 154 1782 188 ‘2437

159 260 310 302 simum
343 259 577 304 Romanum
615 261 851 305 l'ontilicem
887 264 937 307 ab
971 266 1114 309 eadem
1140 269 1305 324 synodo
1329 269 1592 314 deserantur:
1621 275 1689 329 qui
1717 287 1786 329 pro

159 329 357 386 qualitate
390 330 552 387 culpae,
585 333 708 374 etiam
746 346 817 389 per
852 337 1142 390 privationem,
1175 341 1206 381 si
1242 354 1344 395 opus
1378 343 1468 395 erit,
1509 344 1545 384 in
1590 355 1659 386 eos
1702 347 1786 387 aui-

160 401 396 445 madvertat
419 417 458 443 )).

275 469 433 516 Omnes
465 485 590 529 supra
624 476 773 518 citatae
811 490 964 532 poenae
998 484 1200 535 quatenus
1235 483 1319 536 ipso
1358 483 1463 525 sacto
1498 485 1781 532 incurrendae,

162 557 183 582 (ι
207 554 381 599 quarum
418 545 455 586 in
489 542 641 588 Codice
677 545 787 588 nulla
823 548 865 589 lit
902 551 1068 601 mentio,
1103 555 1310 607 tamquam
1347 552 1568 609 abrogatae
1604 554 1781 598 babean-

157 616 267 655 tur»
307 613 416 670 (can.
451 615 489 668 6,
526 614 602 672 50).
639 615 823 672 lnsuper,
856 620 950 674 quia
991 621 1162 675 «ipsius
1202 621 1369 664 Romani
1419 623 1621 667 l'ontilicis
1664 626 1780 668 dum-

157 687 270 727 taxat
303 686 365 727 ius
398 689 458 727 est
483 685 738 730 iudicandi...
764 689 802 730 in
827 688 1112 733 criminalibus
1134 690 1371 748 Episcopos.
1397 696 1517 736 etiam
1540 695 1723 739 titularcs
1743 713 1780 749 »,

155 756 343 811 sequitur
375 768 425 798 ex
459 759 727 814 consequenti
763 757 814 801 ab
848 758 936 815 lpso
974 759 1034 802 vel
1070 772 1091 803 a
1125 760 1163 803 S.
1188 760 1335 818 Congr.
1360 762 1651 817 Consistoriali,
1675 779 1779 823 quae

162 842 178 863 a
207 825 351 881 vigilat
383 839 509 883 super
542 827 722 884 impletis
758 828 819 872 vel
857 831 991 873 [ninus
1023 830 1355 887 obligationibus,
1390 833 1538 890 quibus=
1571 833 1778 879 Ordinarii

157 900 409 953 tenentur»,
446 899 725 955 peragendam
760 913 849 943 esse
883 903 1149 945 monitionem
1187 903 1249 946 vel
1275 904 1481 960 urgendas
1504 920 1590 949 csse
1617 920 1780 961 poenaS,

156 966 208 1010 de
240 967 392 1025 quibus
425 967 608 1026 loquitur
640 984 730 1012 ean.
765 972 906 1023 2359,
941 972 1106 1028 quando
1131 972 1293 1015 illorum
1318 973 1466 1031 aliquis
1491 978 1526 1017 in
1552 976 1698 1019 delicta
1722 990 1779 1019 se·

155 1041 338 1096 quentia,
371 1040 480 1097 quod
519 1039 626 1084 Deus
659 1046 835 1095 avertat,
869 1043 1072 1086 inciderit.

272 1109 300 1168 ἓ
334 1113 367 1153 1.
407 1110 584 1155 Clericis
616 1112 660 1154 in
692 1113 840 1167 sacris,
877 1127 1048 1170 nempe:
1087 1130 1105 1154 c<
1131 1115 1321 1158 ordinum
1348 1115 1668 1173 presbyteratus,
1694 1118 1777 1161 dia-

155 1185 339 1237 conatus,
363 1181 687 1226 subdiaconatus
710 1199 731 1224 »
760 1197 808 1227 ex
836 1184 924 1227 loco
950 1184 1145 1241 parallelo
1168 1192 1275 1230 can.⁸
1299 1187 1397 1240 949,
1420 1187 1505 1229 sire
1527 1188 1779 1242 saeculares,

156 1257 273 1310 prout
307 1265 329 1296 a
363 1253 972 1311 sequentibus.(lisce1·nuntur,
1006 1255 1092 1298 sice
1122 1255 1315 1314 religiosi
1352 1273 1374 1298 c<
1396 1260 1465 1314 qui
1502 1264 1594 1301 vota
1629 1271 1782 1302 nuncu-

155 1329 303 1379 parunt
337 1326 376 1367 in
411 1324 548 1383 aliqua
583 1324 782 1382 religione
805 1342 826 1366 »
867 1326 975 1381 (can.
1011 1326 1110 1381 488,
1145 1326 1221 1384 7⁰),
1255 1327 1326 1370 sed
1363 1330 1419 1371 uti
1453 1329 1654 1385 completa
1690 1331 1775 1373 illo-

153 1407 245 1437 rum
280 1395 430 1439 divisio
463 1398 526 1451 sit,
562 1399 686 1440 etiam
721 1398 759 1440 in
795 1401 1004 1440 communi
1052 1400 1238 1442 viventes
1277 1401 1364 1441 sine
1406 1402 1521 1452 votis,
1556 1400 1780 1443 dummodo

152 1467 232 1508 sint
265 1466 570 1521 concubinarii,
602 1470 676 1511 etsi
710 1481 790 1511 non
825 1468 1002 1525 publice,
1038 1473 1158 1526 prout
1181 1469 1280 1513 illud
1314 1469 1485 1513 verbum
1512 1473 1584 1514 fuit
1614 1474 1650 1513 in
1676 1478 1781 1515 can.⁸

155 1537 284 1591 2357,
315 1537 344 1595 ξ
378 1538 400 1580 2
435 1537 704 1595 explicatum,
737 1538 778 1596 a)
814 1539 1042 1583 monitione
1080 1543 1201 1584 unica
1224 1540 1709 1599 imcli'literpraemissa,
1733 1556 1780 1586 eo

153 1608 261 1665 quod
298 1609 534 1652 emendatio
572 1622 668 1652 vera
704 1623 782 1653 non
815 1615 1028 1667 sequatur,
1062 1610 1102 1663 b)
1136 1616 1342 1667 coquntur
1376 1625 1446 1668 per
1470 1625 1621 1668 poenas
1645 1626 1782 1656 recen-

152 1679 302 1722 sendas
335 1683 375 1722 et
406 1682 644 1723 successive
677 1680 946 1737 applicandas
989 1683 1102 1725 iuxta
1145 1694 1336 1735 canones,
1377 1685 1446 1740 qui
1490 1683 1540 1726 de
1586 1685 1682 1739 ipsis
1726 1683 1778 1726 lo—

152 1755 350 1807 quuntur,
385 1749 434 1793 ab
468 1749 620 1794 illicito
656 1753 736 1794 imo
786 1757 826 1795 et
857 1752 1061 1809 sacrilego
1095 1752 1363 1796 contubernio
1398 1753 1601 1809 recedere,
1638 1754 1780 1798 mulie-

153 1834 240 1864 rem
274 1821 478 1865 eiiciendo
512 1835 533 1864 e
569 1824 732 1878 propria
765 1823 888 1865 domo
926 1823 988 1866 vel
1023 1826 1190 1866 omnino
1223 1837 1302 1867 non
1326 1824 1517 1868 adeundo
1540 1829 1654 1867 extra
1689 1837 1779 1868 eam

152 1892 340 1948 domum,
372 1898 412 1936 et
444 1892 707 1945 scandalum,
741 1894 848 1950 quod
891 1899 933 1937 ut
969 1894 1192 1950 plurimum
1232 1895 1349 1938 facile
1391 1895 1535 1950 aderit,
1578 1909 1782 1953 reparare

152 1969 432 2021 congruenter
466 1964 618 2008 iudicio
650 1962 876 2020 Ordinarii,
911 1967 980 2023 qui
1006 1970 1145 2009 utatur
1166 1966 1217 2009 ad
1243 1965 1356 2009 illum
1377 1966 1583 2023 duplicem
1608 1980 1777 2023 scopum

151 2035 426 2093 suspensione
457 2049 483 2078 α
515 2035 686 2083 divinis,
725 2049 831 2093 qnae
860 2039 1026 2093 proprie
1050 2049 1223 2080 censura
1249 2040 1340 2091 erit,
1364 2043 1486 2095 atque
1510 2053 1531 2078 «
1558 2043 1665 2081 vetat
1694 2052 1777 2080 om·

153 2116 246 2149 nem
280 2111 419 2150 actum
456 2109 669 2163 potestatis
702 2108 858 2150 ordinis
891 2120 1015 2165 quam
1050 2110 1142 2165 quis
1174 2111 1264 2151 sive
1299 2121 1370 2164 per
1411 2120 1570 2152 sacram
1616 2109 1777 2152 ordina-

152 2180 306 2221 tionem
340 2180 430 2222 sive
466 2191 537 2235 per
571 2178 835 2236 privilegium
872 2177 1073 2222 obtinet»
1111 2181 1214 2233 (can.
1252 2180 1377 2232 2279,
1413 2182 1437 2234 ἓ
1469 2185 1508 2226 2,
1536 2180 1591 2235 2⁰,
1617 2185 1778 2237 etquae

150 2248 345 2292 omnibus
377 2261 501 2306 supra
536 2249 657 2293 dictis
690 2250 853 2294 clericis
875 2250 1077 2306 applicari
1103 2255 1247 2307 potest,
1272 2251 1369 2294 dum
1395 2264 1571 2307 sequens
1594 2251 1642 2293 ad
1664 2264 1780 2307 quos-

151 2319 248 2362 dam
283 2322 561 2376 restringitur,
599 2320 812 2364 videlicet:
853 2325 1143 2378 «cogantur»
1178 2321 1420 2378 privatione
1460 2320 1675 2378 fruetuum
1717 2322 1777 2378 of-

150 2388 238 2445 ficii
273 2392 460 2433 «stricto
493 2403 661 2434 sensu»
700 2391 809 2448 (can.
852 2391 941 2446 145,
975 2390 1004 2449 g
1039 2391 1093 2446 1),
1137 2390 1322 2447 beneficii
1363 2391 1413 2434 ad
1459 2403 1644 2434 normam
1689 2404 1776 2433 can.

155 2459 282 2512 1409,
314 2459 542 2518 dignitatis
574 2464 634 2505 sic
667 2461 802 2505 dictae
826 2461 878 2506 ob
903 2464 1236 2518 praerogativam
1264 2464 1593 2518 praecedentiae,
1616 2467 1778 2503 sere-alo

152 2532 191 2573 in
227 2530 419 2575 omnibus
452 2534 649 2589 praefatis
682 2535 824 2590 poenis
856 2533 1122 2590 praescripto
1155 2533 1290 2590 quoad
1329 2546 1563 2588 processum
1609 2545 1777 2574 servan-

149 2601 250 2645 dum
286 2616 376 2645 ean.
410 2605 669 2647 2176-2181
704 2606 743 2647 in
778 2604 929 2662 quibus
962 2603 1118 2660 gradus
1151 2605 1458 2647 constituuntur
1498 2605 1605 2645 circa
1651 2615 1777 2658 ‹pian-

152 2675 278 2716 titatis
313 2674 521 2718 fructuum
558 2677 850 2731 privationem,
883 2688 931 2718 ac
964 2677 1088 2718 etiam
1125 2676 1302 2731 privatio
1338 2676 1464 2729 ipsius
1499 2673 1685 2715 beneticii
1723 2674 1776 2714 uti

150 2749 339 2788 extrema
374 2758 503 2801 poena
537 2746 789 2790 decernitur.
826 2746 910 2788 lmo
944 2746 1096 2789 dicitur
1134 2761 1156 2785 c<
1180 2744 1403 2801 parocbum
1431 2748 1591 2799 praeter
1614 2755 1778 2797 suspen-

149 2817 308 2858 sionem
342 2827 363 2858 a
397 2815 552 2859 divinis
583 2816 692 2873 (esse
724 2816 801 2860 sub
834 2814 1139 2860 conditionibus
1174 2814 1227 2858 ibi
1260 2814 1504 2870 designatis)
1537 2815 1670 2855 statim
1710 2826 1775 2867 pa-

154 2888 289 2930 roecia
326 2887 621 2942 privandum»
661 2887 768 2945 (can.
804 2887 930 2941 2177,
967 2886 1042 2942 ⁶20).
