1950 3313
1609 171 1702 207 Can.
1730 172 1825 207 2329

197 171 267 204 218
576 170 659 202 Lm.
679 169 722 202 V.
741 188 754 194 -
772 168 881 203 PARS
899 168 970 204 III.
989 189 1002 194 -
1020 168 1077 204 De
1088 173 1226 214 poenis
1245 173 1287 204 in
1305 171 1444 205 delicta

319 290 413 331 168.
450 291 700 334 Adversus
731 290 858 334 alios
890 290 1107 334 locorum
1141 303 1393 336 sacrorum
1427 292 1696 338 violatores
1727 305 1823 335 con-

196 363 295 403 tinet
340 360 475 416 legum
518 361 772 402 sanctionem
808 373 899 403 emt.
931 360 1070 403 2329.
1109 360 1242 403 Primo
1269 360 1469 403 ecclesiae
1503 361 1734 405 intellectae
1771 362 1821 406 ad

195 443 381 473 nui-mam
416 442 507 473 can.
528 430 654 481 1161,
688 428 753 472 vel
783 430 966 473 secundo
1000 431 1238 473 coemeterii
1265 447 1286 472 «
1309 432 1433 489 quod,
1457 431 1686 476 secundum
1722 435 1823 477 ritus

194 504 230 544 in
269 500 450 557 probatis
495 500 698 557 liturgicis
742 499 857 544 libris
899 501 1084 556 traditos,
1117 504 1168 545 sit
1208 501 1516 546 benedictum»
1554 505 1658 556 (can.
1698 503 1820 558 1205,

191 572 218 630 ξ
256 572 305 625 11,
338 574 490 615 etenim
530 589 551 612 (ι
575 571 698 628 leges,
733 584 839 626 quae
875 585 1046 628 poenam
1081 577 1322 618 statuunt...
1355 575 1523 617 strictae
1555 573 1727 617 subsunt
1762 577 1820 617 in-

191 645 475 699 terpretationi
500 658 521 683 »
545 642 653 700 (can.
681 642 768 700 19),
802 642 1044 697 violatorem,
1079 643 1273 687 videlicet
1303 657 1374 701 per
1406 644 1591 701 singulos
1622 649 1738 688 actus
1770 645 1820 688 de

189 713 336 771 quibus
370 714 415 756 in
446 728 536 757 can.
562 716 677 757 1172
709 719 821 757 extat
854 717 1126 769 enumeratio,
1160 719 1199 758 et
1231 715 1396 772 quando
1431 715 1574 758 iisdem
1601 730 1620 756 ε(
1643 715 1816 760 60016513

192 784 431 837 violatur»,
471 789 594 842 atque
639 787 676 827 in
722 797 811 828 can.
852 787 971 828 1207
1014 785 1122 828 idem
1175 788 1473 841 praescriptum
1514 789 1818 830 «coemeteriis

188 856 464 912 applicatur»
513 856 558 912 a)
590 855 816 899 interdicto
863 858 1047 899 taxative
1089 855 1138 898 ab
1182 856 1373 913 inqressu
1416 856 1627 914 ecelesiae,
1666 857 1817 916 quibus

191 926 329 970 1611115
362 927 634 970 confirmatur
658 929 953 983 interpretatio,
979 940 1101 984 quam
1129 930 1166 969 in
1191 940 1280 970 can.
1303 939 1437 984 praec.
1461 927 1653 971 dedimus
1679 929 1816 972 verbis

191 1012 213 1037 «
238 997 457 1040 interdicto
493 996 696 1053 personali
720 1012 761 1050 1),
795 997 839 1054 h)
873 995 1055 1054 aliisque
1087 996 1284 1053 conyrm's
1313 997 1460 1054 poenis
1500 997 1815 1042 medicinalibus

186 1072 256 1111 aut
292 1067 557 1111 vindicativis
591 1067 639 1110 ab
678 1066 910 1111 Ordi'narz'o
943 1068 1171 1111 secundum
1207 1070 1259 1121 ξω
1301 1069 1348 1110 1¹¹¹
1371 1074 1474 1111 cans.
1497 1068 1580 1111 198
1611 1081 1688 1126 pro
1718 1082 1816 1126 qra-

185 1139 314 1181 ritate
345 1138 504 1192 delicti,
522 1151 629 1196 quae
652 1152 695 1182 se
720 1140 843 1182 refert
865 1139 914 1182 ad
941 1138 1114 1182 aliarum
1152 1151 1376 1195 poenarum
1414 1139 1696 1194 inflictionem,
1718 1142 1811 1197 quia

182 1216 277 1252 sunt
311 1194 669 1263 indeterminatae,
700 1210 911 1267 puniatur
942 1209 992 1253 ad
1028 1222 1215 1253 normam
1250 1209 1287 1263 ἐι
1321 1209 1358 1252 3i
1393 1215 1499 1253 can.s
1534 1209 1659 1254 2223.

813 1392 1045 1430 TITULUS
1076 1392 1186 1430 XIII.

457 1480 522 1522 De
554 1480 738 1523 delictis
768 1484 935 1524 eontra
966 1482 1285 1527 auctoritates

731 1553 776 1593 et
809 1564 883 1594 res
914 1552 1258 1597 ecclesiasticas.

1318 1495 1399 1536 per
1403 1494 1536 1526 sonas

1027 1691 1092 1726 resi
1111 1695 1144 1726 et
1164 1692 1236 1737 ipso
1256 1691 1343 1726 13010
1370 1692 1581 1727 contrahunt
1607 1703 1805 1728 excommu-

1028 1738 1237 1774 nicationem
1281 1738 1359 1774 Sedi
1403 1739 1619 1784 Apostolicae
1665 1740 1805 1786 speciali

1028 1787 1128 1821 inodo
1156 1791 1389 1831 reservatam3
1425 1786 1676 1822 Universitates
1713 1798 1804 1828 vero,

225 1690 308 1726 Cxx.
340 1689 443 1725 2330.
475 1711 491 1715 -
520 1689 620 1734 Quod
655 1691 780 1726 attinet
805 1691 847 1725 ad
877 1702 952 1737 006-

177 1751 239 1774 nas
265 1743 412 1773 statutas
435 1738 469 1772 in
489 1738 614 1773 delicta
633 1749 721 1784 quae
741 1738 774 1772 in
794 1738 953 1783 eligendo

175 1785 320 1821 Summo
359 1785 524 1821 Pontifice
571 1786 740 1820 committi
794 1791 950 1830 possunt,

175 1833 275 1869 unice
290 1833 454 1867 standum
469 1837 579 1867 c0.nst
598 1832 645 1867 Pii
664 1832 691 1867 X
718 1831 856 1867 Vacante
873 1831 953 1868 Sede

1027 1831 1190 1878 Collegia,
1209 1833 1370 1879 Capitula
1395 1834 1525 1869 aliaeve
1554 1845 1719 1880 personae
1739 1846 1808 1870 mo-

174 1879 448 1928 iposcolzcc1,)5
478 1880 555 1915 Dec.
590 1878 687 1915 1904.

222 1926 305 1963 CAN.
336 1926 436 1962 2331
468 1931 531 1969 -ξ
557 1927 584 1961 l.
606 1926 672 1971 Qui
695 1926 848 1962 Romano
868 1927 951 1963 Pon-

173 1975 254 2011 tifici
283 1975 334 2010 vel
364 1975 500 2027 proprio
527 1973 715 2010 Ordiuario
744 1975 877 2020 aliquid
905 1975 950 2010 le-

172 2022 291 2066 gitime
320 2022 543 2068 praecipienti
571 2022 623 2057 161
652 2022 846 2067 prohibenti
878 2033 949 2068 per-

171 2070 332 2105 tinaciter
374 2080 444 2104 non
488 2070 742 2115 obtemperant,
787 2069 950 2114 congruis

173 2116 305 2162 poenis,
334 2117 489 2151 censuris
518 2127 586 2151 non
613 2116 769 2157 exclusis,
791 2127 851 2162 pro
875 2127 950 2161 gra-

172 2164 275 2199 vitate
301 2164 423 2209 001036
451 2164 653 2209 puniantur.

219 2215 237 2253 ἓ
264 2211 294 2245 ’2.
323 2210 573 2256 Conspirantes
599 2221 677 2245 vero
695 2215 812 2245 contra
831 2215 949 2245 aucto-

169 2258 306 2293 ritatem
329 2258 472 2293 Romani
494 2258 670 2293 Pontificis
696 2257 813 2293 eiusve
831 2257 945 2302 Legati

171 2305 221 2340 vel
250 2305 377 2351 proprii
399 2304 577 2341 Ordinarii
604 2309 664 2340 aut
682 2309 801 2339 contra
827 2316 945 2340 eorum

170 2352 325 2397 legitima
352 2352 529 2393 mandata,
551 2352 702 2397 itemque
720 2351 877 2387 subditos
902 2352 947 2387 ad

169 2399 442 2435 inobedientiam
469 2410 551 2444 erga
580 2400 672 2445 ipsos
707 2403 942 2444 provocantes,

166 2447 324 2482 censuris
342 2447 489 2492 aliisque
510 2447 629 2492 poenis
648 2450 893 2490 coerceantur;
913 2451 945 2481 et

167 2494 408 2546 dignitatibus
439 2494 618 2529 beneficiis
643 2493 765 2528 aliisve
791 2493 944 2528 muneri-

169 2542 243 2581 bus,
260 2541 287 2575 51
304 2541 374 2575 51111
388 2540 522 2583 clerici3
539 2552 618 2576 voce
635 2540 747 2575 activa
761 2545 794 2575 et
809 2540 944 2586 passiva

163 2593 269 2634 atque
294 2588 417 2630 0111010,
445 2589 473 2622 51
502 2588 664 2633 religiosi,
694 2588 884 2633 priventur.

213 2635 293 2670 CAN.
323 2634 427 2669 2332.

165 2682 361 2727 iuscunque
395 2687 504 2717 status
511 2682 663 2727 ,gradus
688 2693 747 2717 seu
774 2682 942 2717 conditio—

164 2729 219 2763 nis
245 2730 349 2764 etiam
376 2725 511 2774 regalis,
526 2729 731 2775 episcopalis
758 2729 809 2764 161
836 2729 942 2764 cardi-

164 2776 306 2811 nalitiae
350 2776 491 2818 fuerint,
531 2788 551 2812 3
594 2777 740 2821 legibus,
780 2776 939 2818 decretis,

163 2824 339 2858 mandatis
367 2823 511 2859 Romani
547 2823 722 2859 Pontificis
762 2834 821 2869 pro
859 2829 942 2859 tem-

164 2881 244 2915 pore
280 2871 478 2906 exsistentis
514 2871 556 2906 ad
596 2870 796 2906 Universale
822 2869 941 2906 Conci-

163 2918 248 2952 lium
264 2918 492 2964 appellantes,
513 2922 595 2953 sunt
621 2918 769 2963 suspecti
797 2918 839 2953 de
866 2918 941 2953 hae-

459 2633 638 2670 -Omnes
663 2639 696 2670 et
722 2634 850 2680 singuli
885 2645 955 2678 cu-⁴

1025 1880 1127 1921 13165,
1145 1892 1353 1927 quocunque
1381 1882 1521 1916 nomine
1540 1886 1802 1927 nuncupentur,

1026 1928 1251 1963 interdictum
1278 1928 1417 1974 speciali
1447 1928 1546 1963 modo
1565 1927 1643 1963 Sedi
1665 1930 1805 1974 Aposto-

1024 1975 1110 2010 licae
1138 1976 1265 2021 pariter
1290 1980 1503 2011 reservatum
1532 1976 1728 2011 incurrunt.

1072 2021 1155 2057 CAN.
1186 2022 1288 2057 2333.
1310 2043 1325 2049 -
1356 2022 1581 2058 Recurrentes
1607 2024 1650 2058 ad
1677 2023 1800 2058 laicam

1025 2074 1226 2114 potestatem
1253 2071 1295 2104 ad
1324 2070 1563 2116 impediendas
1593 2069 1725 2105 litteras
1751 2070 1802 2105 vel

1021 2121 1098 2151 3013
1124 2117 1298 2162 quaelibet
1323 2129 1343 2152 a
1369 2117 1456 2152 Sede
1471 2117 1668 2163 Apostolica
1686 2117 1738 2152 vel
1757 2117 1801 2152 ab

1020 2163 1175 2199 eiusdem
1193 2164 1325 2209 Legatis
1347 2165 1504 2209 01016013,
1520 2175 1709 2210 eorumque
1728 2175 1801 2210 pro-

1022 2211 1270 2255 mulgationem
1307 2212 1357 2246 vel
1392 2211 1645 2246 exsecutionem
1673 2211 1801 2247 directe

1021 2258 1072 2293 vel
1111 2258 1278 2293 indirecte
1317 2258 1551 2304 prohibentes,
1583 2264 1643 2294 aut
1679 2269 1797 2294 eorum

1019 2316 1124 2340 03053
1150 2305 1220 2340 sive
1246 2316 1303 2340 eos
1329 2306 1371 2340 ad
1398 2316 1484 2351 quos
1513 2305 1687 2350 pertinent
1714 2306 1801 2341 litte-

1021 2363 1077 2388 rae
1103 2352 1154 2387 vel
1193 2357 1270 2387 acta
1307 2353 1377 2387 sive
1415 2352 1500 2387 alios
1540 2352 1715 2388 laedentes
1747 2353 1797 2387 vel

1021 2400 1352 2445 perterrefacientes,
1382 2400 1454 2444 ipso
1483 2400 1571 2434 facto
1596 2400 1799 2435 subiaceant

1017 2446 1371 2482 excommunicationi
1392 2446 1471 2482 Sedi
1492 2449 1515 2481 Α
1525 2447 1709 2492 0051011030
1727 2458 1799 2493 spe-

1017 2493 1095 2529 ciali
1125 2494 1228 2528 modo
1255 2499 1459 2529 reservatae.

1065 2540 1148 2577 CAN.
1174 2539 1277 2576 2³34.
1307 2562 1323 2566 -
1352 2540 1718 2576 Excommunicatione
1750 2541 1796 2576 13-

1016 2592 1071 2623 136
1096 2588 1290 2623 5601601136
1316 2588 1455 2634 50601311
1485 2589 1585 2623 modo
1612 2587 1689 2624 Sedi
1711 2588 1796 2634 Apo-

1016 2635 1157 2670 stolicae
1182 2640 1355 2670 reservata
1383 2636 1605 2681 plectuntur:

1114 2682 1147 2716 10
1173 2681 1239 2726 Qui
1268 2682 1372 2727 leges,
1390 2683 1568 2723 mandata,
1591 2682 1642 2717 vel
1660 2682 1796 2717 decreta

1015 2734 1135 2765 contra
1177 2729 1372 2765 libertatem
1411 2734 1471 2765 aut
1510 2730 1585 2764 iura
1625 2729 1795 2764 Ecclesiae

1013 2777 1145 2817 edunt;

1108 2823 1145 2858 20
1172 2822 1238 2867 Qui
1267 2823 1464 2876 impediunt
1498 2823 1627 2858 directe
1661 2823 1713 2858 vel
1740 2822 1792 2857 in-

1012 2870 1141 2906 directe
1166 2871 1367 2906 exercitium
1403 2869 1653 2905 iurisdictionis
1682 2870 1789 2905 60016-

1013 2918 1171 2953 513511036
1196 2917 1268 2953 51116
1294 2918 1422 2953 interni
1450 2918 1522 2953 sive
1547 2917 1679 2952 externi
1713 2916 1789 2958 fori,
