1950 3313
33 173 101 206 124
495 168 580 203 Lm.
609 168 656 201 V.
685 188 698 192 -
724 167 834 201 PARS
859 167 911 201 11.
941 187 954 193 -
979 168 1036 202 De
1056 170 1195 212 poenis
1339 166 1431 201 Can.
1457 166 1663 202 2255-2256

31 290 215 348 quolibet
245 292 579 346 praesumantur
611 300 826 340 censurae,
860 288 955 344 quia
992 286 1203 330 difficilius
1235 288 1506 330 incurruntur
1539 298 1585 329 ac
1610 287 1662 329 sa-

30 362 150 405 cilins
183 362 461 410 remittuntur,
496 358 621 400 idest:
657 356 709 400 ob
732 357 1025 414 delinquentis,
1061 360 1130 415 qui
1165 370 1254 400 eam
1283 359 1556 413 privationem
1581 358 1662 400 suf-

30 435 118 485 fert,
156 435 350 474 mutatam
391 429 659 481 voluntatem,
692 433 816 485 atque
869 444 891 469 «
915 429 953 470 in
990 430 1132 484 poenis
1165 427 1384 485 benignior
1425 431 1485 471 est
1534 430 1660 471 inter-

32 504 204 559 pretatio
239 499 425 543 facienda
451 514 472 539 ))
510 499 611 542 dicit
643 512 728 555 reg.
766 499 817 540 49
854 500 954 541 iuris
989 500 1026 541 in
1062 498 1119 542 6⁰.

147 572 213 614 81.
238 572 571 622 Quorumdam
585 572 848 615 verborum
867 570 1170 626 significatio
1185 569 1375 612 iuridica.
1399 567 1498 611 Caii.
1518 569 1657 610 2256.

30 641 74 685 In
109 640 337 684 canonibus
371 642 612 696 praesertim
649 638 772 682 liuius
801 641 948 695 capitis
971 638 1023 682 ol)
1045 644 1283 682 contextum
1309 638 1381 696 qui
1413 642 1659 695 sequuntur,

27 713 97 756 seil
133 712 234 755 alios
269 724 397 768 usque
431 711 480 753 ail
518 711 640 753 tinem
675 709 839 754 Codicis
873 709 999 752 afficit
1022 721 1167 752 norma
1193 709 1310 763 haec,
1332 708 1491 752 scilicet
1515 710 1658 751 inma-

27 785 128 825 teria
179 780 338 838 poenali
391 780 603 838 (quamvis
633 780 728 823 *alia
771 781 1009 822 inveniatur
1051 780 1300 836 significatio
1344 781 1381 821 in
1431 777 1660 822 canonibus

27 856 95 910 qui
133 851 479 909 praecesserunO:
507 877 558 881 —-
596 851 635 894 1⁰
659 850 837 895 Nomine
871 852 1053 893 laxativo
1086 849 1326 892 dim'iioram
1349 848 1575 907 officioram
1600 848 1659 890 iii-

28 923 280 981 telliyantm‘
311 922 565 981 functiones,
597 935 669 965 seu
704 926 821 965 actus
850 920 1076 978 potestatis
1109 919 1274 963 ordinis
1312 923 1391 963 iam
1422 920 1658 963 declaratae

26 995 74 1038 ad
111 1007 201 1038 can.
238 994 334 1049 108,
368 995 393 1047 ἓ
427 993 465 1048 2,
498 993 568 1036 sed
606 998 761 1035 tantum
799 1005 905 1049 quae
937 991 979 1048 a)
1012 990 1063 1033 de
1095 991 1291 1034 instituto
1328 989 1488 1034 Christi
1524 1004 1560 1032 v.
1595 1004 1655 1047 gr.

24 1065 179 1108 Altaris
211 1065 463 1108 sacrificium
498 1063 561 1106 vel
593 1062 809 1106 Ecclesiae
845 1076 961 1119 v.gr.
984 1060 1110 1105 horae
1143 1063 1369 1105 canonicae
1392 1060 1448 1104 acl
1469 1060 1656 1104 divinum

26 1135 183 1179 callam
216 1134 486 1189 ordinantur,
522 1134 754 1177 cuiusmodi
792 1146 870 1176 non
905 1137 964 1176 est
1002 1132 1116 1176 verbi
1152 1131 1225 1175 Dei
1263 1132 1531 1188 praedicatio,
1557 1131 1657 1188 b)et

24 1222 50 1250 a
82 1206 185 1250 solis
218 1205 383 1249 clericis
419 1219 588 1261 nempe:
629 1207 736 1262 «qui
762 1204 917 1247 (livinis
942 1205 1182 1246 ministeriis
1207 1217 1279 1259 per
1303 1205 1478 1259 primam
1509 1202 1654 1245 saltem

25 1282 236 1321 tonsuram
274 1279 496 1332 mancipati
520 1267 626 1319 ¹sunt
650 1291 669 1316 ³)
710 1275 818 1332 (can.
860 1275 955 1327 108,
988 1274 1015 1331 ξ
1051 1274 1088 1327 1)
1124 1273 1216 1329 fieri
1249 1279 1404 1331 queunt
1436 1273 1579 1316 saltem
1615 1273 1657 1316 li-

24 1351 103 1392 cite
137 1349 185 1391 ad
224 1361 413 1391 normam
446 1361 498 1391 ss.
533 1359 753 1390 canonum.
790 1346 895 1389 Hinc-
943 1345 1226 1389 excluduntur
1273 1345 1325 1388 ab
1374 1345 1442 1387 illo
1491 1347 1656 1388 nomine

24 1424 141 1462 actus
173 1419 304 1461 (lirini
339 1417 474 1461 cultus
507 1422 623 1460 extra
657 1429 818 1460 sacram
845 1415 1069 1472 liturgiam,
1095 1416 1285 1472 aliaeque
1308 1415 1537 1459 oblationes
1560 1419 1658 1458 tem-

27 1490 229 1546 poralium
267 1492 303 1531 in
341 1488 410 1531 Dei
447 1489 644 1531 honorem
680 1489 825 1531 factae.

142 1560 205 1603 2⁰
240 1559 418 1604 Nomine
451 1564 590 1602 autem
624 1563 792 1601 actuum
826 1558 1127 1615 leyitimorum,
1172 1560 1355 1601 taxative
1400 1560 1437 1600 in
1482 1570 1656 1600 numero

25 1631 189 1688 plurali,
222 1630 600 1673 ecclesiasticorum
636 1629 935 1687 siqnificantar
967 1629 1088 1672 simul
1125 1642 1269 1672 omnes
1302 1633 1541 1685 sequentes:
1568 1642 1652 1670 mii-

23 1715 101 1744 rias
135 1701 502 1744 admiaistratoris
536 1703 658 1744 etiam
694 1714 787 1743 cum
823 1700 914 1743 aliis
958 1713 1107 1757 yercre
1153 1698 1351 1742 bonoram
1401 1698 1651 1741 ecclesiasti-

23 1786 178 1825 corum,
212 1776 262 1815 (le
296 1785 376 1829 quo
413 1784 583 1815 munere
617 1784 797 1814 canones
832 1773 1102 1814 inveniuntur
1137 1773 1358 1826 praecipue
1405 1769 1483 1813 sub
1520 1769 1654 1812 Titulo

25 1841 204 1895 xxviii,
243 1842 326 1886 Lib.
364 1843 427 1896 lll,
447 1848 594 1900 partes
627 1855 752 1898 aqere
784 1840 940 1884 iudicis
974 1846 1058 1884 tum
1093 1842 1307 1893 ordinarii,
1331 1854 1366 1885 V.
1386 1854 1446 1897 gr.
1467 1840 1654 1883 officialis

19 1912 168 1957 Curiae
201 1913 486 1965 dioecesanae,
522 1918 606 1956 tum
642 1912 836 1968 delegati,
860 1914 965 1955 sieut
999 1916 1059 1955 est
1085 1912 1206 1955 iudex
1241 1910 1466 1968 synodalis,
1491 1913 1651 1954 etiamsi

21 1997 113 2026 curn
149 1984 240 2027 aliis
277 1983 500 2027 «tribunal
536 1983 753 2039 collegiale
787 1985 1052 2026 constituat»
1093 1981 1201 2039 (can.
1227 1982 1354 2036 1576,
1387 1983 1414 2039 g
1448 1980 1504 2038 2),
1530 1980 1652 2024 audi-

23 2054 141 2105 toris,
175 2068 246 2097 seu
285 2070 307 2095 «
329 2059 515 2097 actorum
553 2055 812 2096 instructorIs
836 2069 856 2094 ))
896 2052 1005 2109 (can.
1044 2053 1170 2103 1580,
1201 2052 1229 2110 ξ
1265 2052 1306 2108 1)
1352 2056 1391 2095 et
1433 2051 1649 2103 relatoris,

21 2127 140 2167 cuius
176 2138 324 2167 {nunus
357 2123 553 2167 describit
586 2136 676 2166 ean.
715 2123 836 2177 ¹584,
871 2122 1108 2179 defensoris
1142 2121 1298 2164 vinculi
1336 2134 1522 2165 «sacrae
1546 2122 1651 2164 ordi-

21 2197 196 2238 nationis
228 2200 352 2252 atque
386 2197 681 2237 matrimonii»
721 2194 827 2250 (can.
867 2193 1012 2249 1586),
1044 2193 1301 2250 promotoris
1336 2197 1419 2235 tum
1455 2194 1647 2245 iustitiae,

23 2279 170 2308 munus
204 2266 418 2308 delinitum
456 2267 492 2307 in
527 2267 594 2309 cit.
629 2278 800 2318 canone,
825 2269 910 2306 tum
934 2263 1031 2319 fidei
1059 2279 1079 2304 c(
1103 2264 1151 2306 ad
1180 2266 1241 2306 ius
1267 2263 1465 2306 tuendum
1491 2265 1528 2305 in
1553 2276 1651 2320 quo-

21 2335 119 2379 libet
155 2349 392 2392 processu»
428 2338 535 2390 (can.
571 2335 698 2388 2010,
731 2334 758 2392 ἓ
794 2333 834 2391 i)
871 2333 1188 2377 beatificationis
1228 2338 1267 2376 et
1314 2335 1647 2387 canonizationis,

21 2407 182 2450 notarii
204 2408 358 2450 diversi
378 2411 416 2448 et
438 2405 699 2460 cancellarii,
715 2418 891 2462 quorum
918 2404 1098 2447 officium
1124 2403 1376 2447 describitur
1395 2406 1432 2446 in
1454 2416 1542 2447 can.
1565 2404 1647 2447 :372

18 2478 46 2536 ξι
80 2478 117 2531 1,
151 2482 190 2520 et
225 2479 262 2519 in
296 2490 386 2521 can.
422 2476 519 2531 374,
555 2475 741 2519 cursoris
774 2480 813 2518 et
847 2474 1111 2532 apparitoris
1146 2475 1196 2517 (le
1230 2473 1381 2531 quibus
1405 2479 1533 2530 agunt
1556 2487 1646 2518 can.

21 2548 286 2601 1591-1593,
321 2546 515 2590 adrorati
557 2551 597 2589 et
640 2545 936 2603 procuratoris
985 2544 1028 2587 iii
1078 2545 1218 2587 causis
1256 2544 1556 2588 ecclesiasticis
1599 2544 1649 2588 (le

19 2621 170 2677 quibus
189 2630 357 2661 normae
377 2620 646 2660 inveniuntur
666 2619 702 2659 in
723 2629 813 2659 can.
840 2616 1109 2667 1655-1666;
1143 2629 1295 2657 manas
1315 2615 1481 2672 patriai
1502 2615 1645 2658 saltem

20 2690 155 2733 valide
188 2702 313 2746 apere
347 2688 386 2730 in
421 2687 701 2730 sacramentis
734 2686 931 2744 baptismi
953 2691 992 2728 ct
1015 2685 1349 2741 confirmationis
1373 2686 1423 2729 ad
1459 2698 1645 2728 normam

19 2774 109 2804 can·
164 2761 263 2811 765,
313 2760 420 2812 795,
470 2757 721 2815 suffragium
770 2756 886 2814 ferre
934 2756 976 2798 in
1025 2755 1298 2798 electionibus
1349 2755 1647 2799 ecclesiasticis

20 2831 140 2873 idest:
174 2831 223 2873 ad
261 2842 445 2872 normam
481 2842 532 2872 ss.
578 2840 782 2870 canonum
829 2826 1097 2883 peragendis3
1144 2825 1209 2867 ias
1240 2831 1495 2882 patronatus
1529 2838 1645 2881 prae-

18 2903 158 2943 sertim
194 2900 327 2958 quoad
369 2915 388 2939 «
414 2898 680 2954 privilegium
718 2896 1010 2954 praesentandi
1044 2896 1240 2939 clericum
1265 2912 1287 2936 »
1317 2896 1425 2954 (ran.
1455 2896 1626 2938 14551Ο
