1950 3313
118 165 164 198 44
582 164 666 198 Lm.
693 164 738 197 V.
768 183 779 189 -
808 164 917 198 PARS
942 163 994 198 Π.
1023 184 1035 189 -
1061 164 1118 199 De
1142 168 1276 209 poenis
1529 166 1621 202 Can.
1648 167 1743 202 2214

241 284 306 326 29.
349 285 424 329 lus
449 297 534 328 seu
561 287 785 339 potestas
811 285 1060 329 Ecclesiae
1084 287 1323 338 coactiva,
1347 287 1403 328 uti
1430 286 1743 329 tundamentum

120 353 242 396 huius
279 355 403 409 partis
435 353 657 402 secundae,
708 355 839 409 primo
888 355 1077 397 tirmatur
1109 359 1149 397 et
1183 360 1326 398 natura
1371 355 1479 398 iltius
1528 355 1746 411 peculiaris

119 424 344 467 evolvitur.
398 423 501 466 Can.
534 426 668 466 2214.
701 424 728 482 ἓ
763 427 799 468 1.
834 423 1033 469 Nalivum
1081 429 1221 481 utpote
1263 425 1315 469 ab
1349 428 1462 468 initio
1497 439 1744 482 possessum,

121 497 225 537 sieut
260 508 307 537 ex
345 494 457 537 Actis
490 494 781 549 Apostolorum
818 500 991 549 constat,
1025 501 1063 538 et
1084 496 1305 553 proprium
1330 496 1381 539 ob
1406 499 1532 552 ipsius
1556 501 1743 539 naturam

119 563 349 614 Ecclesiae,
383 577 462 621 qua
498 565 705 620 perfectae
738 567 947 608 societatis
982 568 1059 608 rite
1094 566 1288 609 fundatae
1312 579 1332 609 a
1371 566 1456 609 lesu
1481 566 1655 619 Christo,
1680 566 1745 609 ius

120 635 330 691 publicum
366 640 423 677 est
457 634 592 677 simile
635 636 768 678 eidem
816 638 892 679 iuri
937 636 1125 679 civilium
1171 639 1429 693 societatum,
1473 636 1742 694 3133013118-

116 705 301 762 pendens
335 704 386 748 ob
420 707 507 747 eius
555 706 739 749 divinam
775 709 976 762 originem
1016 719 1064 750 30
1097 710 1431 763 superioritatem
1477 707 1686 751 Ecclesiae
1719 721 1745 750 α

120 774 302 832 qualibet
337 774 537 829 humana,
568 790 639 819 seu
674 790 722 819 ex
749 782 892 819 natura
918 776 1096 820 11331333
1125 777 1186 820 vel
1224 777 1434 820 bominum
1460 791 1507 821 ac
1530 781 1742 821 nationum

122 846 332 889 1311131310
365 849 584 890 constituta
619 847 887 901 aicetoritale,
912 860 959 890 ac
983 850 1170 904 sequitur
1193 847 1398 891 obiectum
1426 848 1546 901 illius,
1571 862 1741 904 nempe:

120 916 349 968 coercendi,
397 930 468 960 seu
503 918 552 960 ad
588 918 882 961 continendum
920 920 957 959 in
1003 918 1137 960 cilicio
1185 918 1389 961 afficiendi
1439 924 1523 962 tum
1576 921 1744 975 praevie

121 989 253 1041 minis,
289 991 374 1029 tum
410 1000 557 1030 revera
600 993 686 1044 post
723 989 889 1036 tactum,
933 987 1221 1045 deliuqueules
1256 991 1293 1030 in
1329 991 1417 1031 inre
1449 989 1742 1044 ecclesiastico,

117 1063 158 1100 et
189 1058 238 1101 ad
275 1071 461 1100 normam
497 1071 585 1102 ean.
623 1059 734 1102 2198
770 1059 1039 1111 declaratam,
1073 1058 1153 1102 sibi
1185 1058 1371 1102 subditos
1411 1059 1737 1116 «baptismate»

118 1130 228 1184 (can.
265 1128 351 1185 87),
387 1131 482 1185 quia
519 1131 594 1172 iuri
632 1129 795 1185 publico
820 1129 993 1172 relativa
1020 1134 1079 1172 est
1103 1128 1305 1172 subiectio
1330 1132 1576 1183 necessaria,
1597 1129 1743 1186 poeuis

119 1202 283 1256 proprie
318 1200 439 1243 dictis
471 1205 594 1257 atque
629 1199 680 1243 ob
712 1202 950 1243 societatem
987 1199 1291 1250 ecclesiasticis,
1312 1206 1394 1242 lum
1429 1200 1743 1258 spiritualibus,

118 1284 223 1328 quae
256 1270 305 1313 ad
332 1270 558 1313 Ecclesiam
584 1270 798 1314 exclusive
824 1272 1029 1327 pertinent
1055 1276 1220 1326 propter
1243 1271 1363 1316 bona,
1388 1271 1538 1328 quibus
1563 1273 1740 1327 privant,

120 1346 203 1383 tum
238 1341 362 1383 etiam
401 1340 714 1399 temporalibus,
746 1354 851 1398 quae
887 1344 923 1384 in
960 1355 1033 1384 usu
1080 1355 1227 1397 nempe
1271 1346 1365 1384 sunt
1407 1343 1514 1399 apud
1550 1342 1650 1386 alias
1683 1357 1742 1386 so-

118 1414 287 1455 cietates
320 1412 442 1453 tinem
479 1411 748 1468 temporalem
785 1412 941 1454 directe
976 1417 1285 1468 prosequentes,

236 1482 296 1525 Ad
333 1498 355 1523 «
379 1481 443 1525 lus
476 1482 685 1538 publicum
729 1481 1054 1525 ecclesiasticum
1079 1497 1101 1522 ))
1138 1487 1295 1538 spectat
1320 1495 1582 1539 propugnare
1621 1483 1742 1526 huius

117 1552 157 1609 §³
194 1556 409 1596 veritatem
444 1553 579 1610 quoad
615 1552 837 1609 particulas
859 1555 948 1596 eius
972 1566 1129 1605 omnes,
1153 1553 1223 1596 sed
1248 1553 1431 1596 Ecclesia
1456 1556 1535 1596 iam
1571 1555 1741 1597 contixit

117 1627 345 1667 contrarios
379 1638 541 1667 errores
573 1625 752 1667 diversis
784 1624 1057 1680 temporibus.
1095 1623 1315 1667 Videlicet:
1350 1625 1521 1668 loannes
1552 1623 1665 1667 XXll
1689 1624 1740 1668 de

119 1709 232 1752 prop.
268 1695 330 1752 (ὃ)
369 1710 389 1736 <t
413 1695 531 1749 Quod
558 1700 639 1738 tota
663 1695 845 1738 Ecclesia
870 1694 990 1738 simul
1017 1697 1153 1738 iuncta
1178 1695 1334 1738 nullum
1361 1691 1568 1738 hominem
1595 1699 1740 1751 punire

118 1771 246 1822 potest
284 1768 494 1821 punitione
527 1769 729 1817 00301113,
765 1768 838 1809 nisi
873 1766 1074 1809 concedat
1108 1765 1184 1808 hoc
1218 1765 1508 1821 Imperator»,
1532 1779 1627 1809 cum
1651 1766 1741 1809 aliis

118 1838 139 1879 4
178 1843 305 1893 propss.
341 1840 414 1880 ait:
456 1853 474 1877 «
499 1837 706 1880 Articulos
739 1837 1016 1893 praedictos...
1055 1836 1165 1879 velut
1198 1849 1341 1880 sacrae
1375 1838 1614 1893 Scripturae
1647 1850 1740 1880 con-

116 1911 264 1952 trarios
298 1913 335 1952 et
368 1908 462 1951 tidei
503 1907 731 1951 catholicae
776 1910 977 1962 inimicos,
1024 1908 1254 1951 haereticos
1294 1921 1365 1950 seu
1400 1907 1670 1951 haereticales
1701 1913 1740 1951 et

116 1993 353 2023 erroneos...
374 1979 635 2022 declaramus
656 1995 677 2019 »
702 1979 728 2021 1.
754 1978 801 2022 Et
825 1983 1128 2036 consequenter
1159 1978 1352 2022 damnata
1371 1983 1431 2021 est
1454 1991 1474 2021 a
1509 1977 1682 2021 Mai-tino
1709 1983 1738 2022 V

118 2064 231 2106 prop.
267 2049 298 2091 J.
338 2048 499 2092 Wiclett
533 2049 608 2091 1⁶2:
649 2065 669 2089 ((
696 2049 905 2092 praelatus
937 2051 1305 2092 excommunicans
1338 2048 1552 2102 clericum,
1585 2051 1740 2106 quian-

117 2120 284 2177 pellavit
319 2120 368 2163 ad
404 2133 542 2175 regem
581 2119 643 2162 vel
679 2120 726 2162 ad
763 2120 983 2163 concilium
1012 2122 1206 2171 reenLeo
1233 2122 1318 2174 ipso
1344 2119 1516 2162 traditor
1547 2125 1604 2161 est
1632 2122 1739 2176 regis

116 2196 155 2234 et
189 2193 303 2247 regni
325 2207 343 2231 ))
374 2189 401 2234 ².
439 2191 535 2233 ltem
572 2193 676 2233 inter
711 2191 998 2246 proponendas
1032 2189 1266 2240 Wicleffitis
1298 2195 1336 2232 et
1369 2189 1526 2232 Husitis
1565 2193 1735 2233 interro-

116 2264 302 2316 gationes
336 2264 604 2304 inveniuntur
638 2260 706 2315 31,
741 2260 807 2314 3⁶2,
844 2260 920 2303 33:
961 2265 1142 2302 «utrum
1179 2261 1333 2305 credat.
1368 2260 1477 2316 quod
1514 2260 1634 2316 Papa,
1673 2260 1737 2303 vel

115 2332 220 2375 alius
255 2331 474 2388 praelatus,
510 2333 685 2387 propriis
709 2330 944 2374 nominibus
970 2331 1101 2386 Papae
1121 2345 1193 2386 pro
1218 2335 1403 2386 tempore
1427 2333 1645 2386 expressis,
1674 2331 1735 2374 vel

116 2406 295 2459 ipsorum
335 2404 477 2445 vicarii
513 2405 550 2444 13
584 2401 869 2458 spiritualibus
902 2400 1079 2444 habeant
1115 2405 1355 2456 potestatem
1381 2414 1499 2443 suum
1525 2400 1735 2444 subditum

114 2473 440 2517 ecclesiasticum
475 2475 564 2515 sive
606 2472 862 2515 saecularem
899 2476 1065 2528 propter
1101 2471 1422 2514 inobedientiam
1461 2473 1549 2514 sive
1593 2477 1735 2516 contu-

114 2546 289 2586 maciam
326 2543 377 2600 (l)
413 2545 792 2596 excommunicare,
824 2544 876 2584 ita
911 2542 1020 2599 quod
1058 2541 1148 2584 talis
1183 2555 1253 2597 pro
1292 2544 1653 2586 excommunicato
1686 2545 1737 2586 sit

115 2613 342 2668 habenduS,
379 2613 446 2670 (ll)
478 2618 514 2655 et
550 2613 616 2655 illa
660 2617 887 2665 crescente,
930 2611 1187 2668 aggi-arandi
1233 2617 1271 2653 et
1318 2612 1635 2667 rcaggravandi,
1676 2614 1734 2655 in-

116 2685 333 2727 terdictum
371 2684 547 2739 ponendi
583 2689 622 2726 et
656 2683 872 2726 brachium
906 2681 1119 2725 saeculare
1153 2683 1397 2735 invocandi3
1442 2688 1481 2725 et
1514 2683 1621 2739 qnod
1658 2682 1736 2726 illis

115 2757 301 2798 censuris
335 2768 405 2810 per
440 2755 654 2797 interiores
695 2756 748 2796 sit
789 2753 1083 2806 obediendum,
1122 2751 1210 2809 (lll)
1244 2757 1368 2809 atque
1401 2751 1452 2795 ab
1484 2753 1632 2800 officio,
1668 2753 1736 2796 be-

233 2862 243 2883 1
272 2861 313 2895 C.
350 2876 362 2890 ι
377 2860 488 2894 Licet:
508 2860 620 2893 iuxta
638 2859 855 2893 doctrinam
874 2872 891 2890 »
912 2858 958 2892 23
977 2857 1061 2892 Oct.
1082 2858 1185 2892 1327.
1207 2858 1444 2903 Denzinger.
1463 2869 1570 2892 num.
1591 2858 1672 2892 499.
1691 2879 1733 2882 —

114 2909 127 2930 '2
156 2908 270 2942 Bulla
301 2925 314 2937 «
337 2908 447 2942 Inter
472 2911 634 2941 cunetas
653 2919 670 2937 ›>
699 2908 744 2939 22
772 2906 882 2942 Febr.
910 2906 1013 2939 1418.
1042 2905 1279 2950 Denzinger‚
1314 2917 1352 2939 n.
1382 2906 1463 2949 592,
1492 2905 1660 2939 681-652-2‘.
