1950 3313
90 162 183 197 Gan.
209 156 321 196 2202‘
463 161 548 194 Tl'r.
578 161 628 195 11.
660 181 673 186 -
698 162 754 196 De
783 165 1087 206 imputabilitate
1112 166 1242 200 delicti
1269 168 1334 199 etc.
1676 170 1716 200 1¹.)

92 295 170 324 nus
203 280 452 338 imputatur,
485 294 557 324 seu
590 281 703 324 abest
740 285 775 324 in
811 296 906 325 casu
943 285 1138 327 ‹lelirtnm
1174 285 1223 328 a‹l
1261 300 1445 328 normam
1482 300 1571 330 (tati.
1595 288 1720 339 2193,

92 352 130 395 si
162 351 410 409 iynorantia
442 350 579 409 suerit
614 353 826 396 moraliter
876 354 1160 412 inculpabilis,
1195 362 1230 399 et
1268 362 1400 400 recte:
1435 361 1529 414 quia
1570 374 1586 398 «
1616 361 1724 415 igno-

95 425 224 467 rantia
259 424 310 466 de
343 436 386 466 se
419 422 544 466 habet
577 424 685 480 quod
724 427 841 467 iaciat
876 431 1011 468 aetum
1048 441 1167 482 quein
1209 433 1363 482 causat,
1399 429 1720 472 involuntarium

93 507 182 538 esse
205 510 245 548 J),
280 493 350 537 vel·
378 493 522 536 saltem
564 509 582 534 (‹
611 507 687 536 non
729 494 898 537 volitum
926 512 944 535 ))
977 497 1002 545 ¹,
1037 503 1160 554 atquo
1197 501 1232 540 in
1268 512 1363 541 casu
1391 501 1613 555 praefatam
1645 503 1724 541 vio-

93 565 300 609 lationem.
324 564 590 621 Prosequitur
610 566 894 621 paragraphus
913 571 1159 609 econtrario
1178 573 1381 613 statuens:
1403 584 1531 619 ser-ecs,
1556 584 1720 626 nempe:

99 652 118 677 (t
142 639 175 679 si
211 638 442 692 ignorantia
477 636 599 678 fuerit
623 635 842 691 culpabilis
866 653 904 679 »:
947 643 1041 680 tune
1068 638 1374 693 inm‘stabilitas
1398 643 1532 683 existit
1559 641 1609 683 ob
1633 655 1722 684 can.

96 706 223 762 2199,
247 706 318 750 sed
345 705 555 748 minuitur
578 711 768 762 respectu
795 707 1126 763 imputabilitatis
1164 725 1184 749 «
1203 724 1250 752 ex
1277 711 1369 752 ‹lolo
1389 711 1665 767 delinquentis
1685 729 1723 763 »,

92 777 395 836 ρίαςφηίηῑιευε
409 790 488 834 pro
507 776 781 834 iqnorantiae
799 778 946 835 ipsius,
975 779 1195 822 videlicet:
1232 780 1332 835 legis
1368 782 1555 834 xiolatae,
1580 782 1721 839 culpu-

96 847 261 891 biiicate
296 850 453 891 maiori¹
480 848 542 890 vel
578 849 743 903 minori,
776 848 1002 892 dummodo
1038 849 1137 892 liaeo
1171 854 1221 892 sit
1244 853 1384 906 graiis
1420 855 1549 907 prouti
1585 853 1633 895 ad
1660 853 1726 895 ‹le-

97 920 238 964 lictum
275 921 514 976 requiritur.
549 918 713 962 Gradus
750 932 847 962 vero
882 924 964 963 tres
998 920 1119 964 liuius
1152 921 1444 977 culpabilitatis
1477 923 1726 966 exhibentur

97 994 135 1035 in
173 991 216 1034 6Ο
248 990 543 1045 Decretalium‚
592 991 761 1048 quando
797 991 927 1034 Bonit.
965 991 1048 1034 Vlll
1086 995 1123 1035 in
1159 1006 1247 1048 cap.
1284 993 1306 1035 ”2
1346 1009 1364 1033 «
1390 994 1439 1036 (le
1473 996 1726 1036 constitutio-

98 1062 262 1107 nibus»
301 1062 516 1106 decernit:
556 1077 578 1103 <‹
601 1066 645 1105 ut
677 1064 910 1105 animarum
948 1063 1144 1119 perieulis
1166 1063 1386 1107 obvietur:
1419 1068 1631 1107 sententiis
1657 1079 1726 1120 pei·

97 1138 248 1178 statuta
282 1146 647 1191 quorumcumque
680 1133 987 1177 ordinariorum
1025 1135 1209 1190 prolatis,
1245 1135 1361 1190 ligari
1397 1135 1586 1178 nolumus
1621 1139 1728 1189 igno-

99 1210 237 1250 rantes
270 1205 479 1263 (equidem
515 1218 608 1247 cum
635 1207 753 1261 gravi
780 1204 1078 1261 culpabilitate,
1097 1219 1216 1249 secus
1234 1206 1332 1248 niliil
1354 1207 1596 1249 concederet
1632 1207 1727 1248 dnm

99 1282 236 1321 tamen
271 1275 445 1334 (subdit)
479 1289 621 1319 eorum
671 1278 903 1333 ignorantia
951 1289 1088 1320 crassa
1129 1290 1206 1319 non
1242 1279 1377 1329 suerit,
1412 1282 1480 1319 aut
1522 1280 1730 1333 supina».

99 1347 206 1392 Huic
242 1361 341 1391 vero
374 1349 658 1404 supereminet
689 1347 783 1402 alia,
818 1347 869 1391 de
903 1360 982 1403 qua
1002 1347 1126 1404 Greg.
1155 1347 1187 1390 X
1213 1351 1249 1391 in
1275 1350 1395 1391 (Ione.
1432 1348 1559 1404 Lngd.
1585 1349 1612 1401 ²,
1647 1351 1728 1391 ait:

105 1418 228 1462 «Eos
260 1418 435 1463 clericos
469 1417 690 1475 parochiae
733 1418 893 1461 alienae
937 1418 1093 1476 absque
1138 1421 1362 1475 superioris
1406 1419 1728 1461 ordinandorum

102 1490 265 1534 lieentia
297 1491 477 1533 scienter
509 1503 581 1533 seu
615 1489 805 1533 aflectata
842 1491 1074 1545 ignorantia
1108 1489 1196 1543 (ubi
1233 1490 1336 1533 lianc
1369 1492 1565 1532 scientiae
1596 1492 1731 1545 aequi-

102 1563 245 1618 parat),
282 1560 344 1603 vel
378 1573 647 1618 quocumque
681 1559 761 1604 alio
796 1561 995 1616 tigmento
1029 1563 1214 1618 quaesito
1249 1563 1598 1617 praesumpserint
1623 1560 1730 1602 ordi-

101 1645 261 1676 nare».
297 1631 346 1675 Hi
382 1637 464 1675 tres
499 1634 624 1689 typici
661 1632 818 1688 gradus
861 1631 963 1675 alias
1007 1634 1085 1675 iam
1131 1632 1328 1675 declarati
1362 1631 1585 1689 quamlibet
1623 1634 1732 1687 igno-

105 1705 277 1747 rantiam
313 1703 685 1760 comprehendunt,
721 1705 775 1747 ita
811 1707 854 1746 ut
887 1705 974 1746 eius
1001 1706 1130 1746 maior
1157 1703 1217 1746 vel
1246 1706 1378 1745 minor
1400 1702 1659 1758 culpabilitas
1682 1716 1730 1745 ex

104 1776 427 1817 circumstantiis
463 1774 656 1818 violantis
691 1774 824 1831 legem
859 1775 1040 1818 dimetiri
1075 1788 1220 1818 secure
1256 1776 1391 1830 possit.

223 1844 385 1888 Scimus
418 1845 468 1889 ad
502 1845 702 1889 delictum
738 1848 893 1904 requiri
931 1845 1195 1889 violationem
1241 1845 1342 1900 legis
1384 1858 1462 1887 non
1502 1844 1732 1888 cuiuslibet.

105 1916 176 1959 sed
215 1931 238 1957 c(
260 1918 325 1959 cui
359 1915 499 1959 addita
522 1918 579 1959 sit·
607 1918 766 1960 sanctio
801 1919 1000 1960 canonica
1024 1933 1043 1957 ))
1083 1916 1191 1973 (can.
1228 1916 1352 1971 (2195,
1386 1916 1414 1973 g
1438 1915 1493 1971 1),
1516 1929 1586 1970 per
1609 1928 1729 1971 quani

106 1986 172 2030 lex
214 1986 399 2043 poenalis
442 1989 657 2044 inseipsa
702 1989 849 2034 sortior
892 1988 1069 2031 eflicitur
1112 1988 1161 2030 ad
1197 1987 1381 2030 eiusdem
1427 1986 1730 2033 observantiam

105 2058 455 2115 consequendam.
492 2058 627 2102 Potest
659 2072 759 2116 ergo
793 2059 999 2113 accidere,
1036 2063 1078 2101 ut
1110 2061 1163 2101 ait
1196 2058 1224 2115 ς’
1254 2060 1297 2109 2,
1332 2056 1579 2114 (quor-amia
1603 2055 1733 2098 solius

103 2141 278 2187 poenae,
312 2141 419 2186 quae
452 2129 592 2173 addita
627 2134 690 2173 est
721 2133 913 2187 cognitae
950 2130 1043 2186 legi,
1078 2129 1147 2172 sed
1176 2129 1241 2172 illa
1265 2127 1632 2185 imperial)ililatem
1667 2126 1731 2168 ‹le-

107 2198 212 2250 licii,
255 2203 341 2242 tum
384 2212 490 2257 quae
534 2201 710 2257 pendeat
755 2210 805 2244 ex
850 2201 944 2245 dolo
989 2202 1280 2257 delinquentis,
1317 2204 1357 2242 nt
1391 2199 1562 2241 eiidens
1594 2202 1651 2240 est
1685 2211 1731 2239 ex

107 2270 348 2314 definitione
381 2270 464 2314 doli
497 2270 575 2315 sub
607 2284 696 2315 can.
735 2272 863 2327 2200,
896 2272 924 2330 ξ
959 2272 997 2327 1,
1030 2277 1115 2315 tum
1151 2284 1256 2329 quae
1292 2272 1527 2326 proveniret
1548 2283 1595 2311 ex
1617 2268 1733 2323 rulpa

114 2343 192 2385 «in
227 2344 450 2386 omissione
483 2342 650 2387 debitae
671 2343 953 2401 diligentiae»
993 2343 1099 2400 (can.
1122 2342 1268 2398 2199),
1294 2355 1371 2383 non
1399 2340 1523 2393 tollit,
1548 2344 1736 2382 manente

110 2413 214 2470 legis
250 2413 426 2457 violatae
458 2416 710 2471 cognitione,
744 2414 817 2458 sed
849 2414 1117 2472 aliquantum
1150 2412 1315 2467 mi'nm'l,
1349 2417 1551 2469 quatenus
1574 2411 1623 2453 (le
1647 2409 1738 2451 sul)-

109 2486 257 2527 stantia
290 2484 429 2528 delicti
464 2489 537 2539 est,
571 2489 615 2528 ut
638 2484 703 2529 lex
727 2488 940 2529 sanctione
972 2487 1024 2528 sit
1058 2487 1229 2537 munita,
1257 2482 1318 2526 vel
1360 2498 1378 2523 ((
1403 2487 1621 2538 praecepto
1646 2494 1736 2536 poe-

113 2554 225 2598 nalis·
247 2557 406 2598 sanctio
439 2556 605 2600 adnexa
638 2558 734 2600 sit»
773 2556 884 2614 (can.
919 2556 1046 2607 (2195,
1078 2556 1106 2613 g
1140 2554 1196 2611 ἓ).

229 2624 332 2670 Cum
364 2628 597 2683 ignorantia
632 2631 670 2671 in
704 2641 862 2672 canone
895 2629 947 2670 sit
980 2626 1253 2678 considerata,
1290 2627 1326 2666 in
1362 2628 1558 2680 quantum
1604 2621 1737 2663 exi-ln-

111 2696 170 2739 dit
201 2696 306 2752 legis
339 2700 634 2754 cognitionem,
658 2699 826 2757 quando
862 2698 929 2742 illa
966 2697 1154 2748 violatur,
1188 2698 1288 2739 scite
1320 2694 1497 2750 complet
1540 2705 1735 2736 canonem

113 2769 138 2821 ἓ
168 2768 211 2811 3.
251 2766 369 2821 Quae
399 2767 450 2812 de
481 2769 730 2827 ignorantia
764 2774 1015 2812 statmmlm·
1048 2767 1293 2824 legislatoris
1329 2765 1549 2812 voluntate,
1594 2764 1735 2805 eadem

231 2876 243 2898 1
270 2875 316 2910 D.
343 2875 523 2919 Thomas,
552 2876 642 2918 I-II,
671 2880 821 2922 quaest.
851 2875 1031 2918 LXXVI,
1061 2887 1093 2908 a.
1133 2874 1165 2907 3.
1195 2885 1225 2907 c.
1259 2894 1296 2898 --
1324 2872 1336 2894 2
1363 2872 1452 2915 Cap.
1483 2874 1504 2903 ·.'
1537 2886 1549 2900 ι
1570 2869 1614 2902 de
1647 2875 1736 2901 teni-

113 2922 271 2967 poribus
296 2923 593 2958 ordinationum
612 2941 625 2954 2>
660 2926 724 2958 tit.
755 2924 825 2965 IX,
851 2923 936 2957 Lib.
967 2922 997 2956 Ι.
