1950 3313
139 147 210 182 268
511 145 594 179 [ΑΒ.
616 145 661 178 V.
683 165 696 170 -
715 145 825 180 PARS
843 145 915 179 III.
937 164 949 171 ·
967 145 1025 180 De
1039 147 1175 190 poenis
1193 148 1236 179 in
1252 146 1395 180 delicta
1554 144 1646 179 Can.
1673 142 1770 178 2359

257 267 281 319 g
313 267 354 307 9.
390 264 435 307 Sz'
473 279 494 304 «
517 263 657 307 clerici
693 266 730 306 in
765 266 956 319 sacris»,
991 264 1344 320 quemadmodum
1381 266 1418 306 in
1451 263 1492 319 §0
1530 262 1584 317 1⁰,
1618 263 1658 319 a)
1697 261 1764 304 ‹le-

139 335 282 378 lielum
315 336 508 392 quamvis
541 347 683 389 unum,
717 337 775 377 sic
809 335 964 378 dictum
1000 334 1052 378 ob
1084 339 1324 392 sequentem
1364 336 1617 377 sanctionem
1653 337 1692 376 et
1714 333 1765 376 ad

138 419 322 449 normam
358 417 447 448 can.
469 405 596 458 2195,
621 404 873 448 admiserint
898 408 1088 462 propriae
1111 407 1416 449 consentientes
1438 404 1666 460 cupiditati,
1692 405 1767 446 etsi

138 478 285 519 nostris
319 475 575 532 temporibus
611 476 781 530 inducti,
816 482 962 519 eontra
995 475 1671 533 seoetumdecaloyt'praeceptum,
1693 473 1767 517 sed

139 561 209 603 per
256 547 423 600 factum,
457 548 552 603 quia
601 546 753 590 dicitur
796 560 886 589 eum
929 545 1160 590 minoribus
1201 547 1441 590 alterutrius
1483 558 1607 588 sexus
1648 542 1768 602 infra

137 622 316 659 aelatem
348 616 555 659 semdeeim
589 630 810 660 annorum.
845 617 1112 675 Prosequitur
1144 630 1274 661 canon
1308 619 1367 660 sic
1405 628 1653 659 enumerans
1696 615 1764 658 de-

137 687 229 730 licta
263 686 511 743 singularia:
549 687 590 744 b)
624 686 687 730 vel
719 686 979 730 adulterium
1014 692 1181 744 propter
1215 687 1400 730 mulieris
1431 685 1650 742 coniugale
1678 687 1762 727 vin-

136 758 289 809 culum,
325 757 367 814 b)
401 762 594 815 stuprum
629 759 666 800 in
701 764 806 800 can.⁸
842 758 968 807 2357,
1001 758 1029 816 ξ
1072 757 1111 800 1ο
1150 757 1420 805 declaratum,
1456 756 1495 813 c)
1530 754 1764 799 bestialita-

138 833 216 870 tem
249 828 315 871 hic
351 832 637 883 memoratam,
671 841 720 871 ne
754 841 876 871 causa
916 829 1106 872 vitandae
1141 830 1335 871 infamiae
1370 829 1463 871 facti
1497 827 1546 870 ad
1574 826 1678 870 lianc
1702 839 1764 869 re-

138 912 276 955 pressa
311 898 437 943 libido
472 905 673 951 recurrat,
705 899 750 956 d)
783 898 1016 942 sodomiam
1051 902 1087 941 in
1125 899 1199 942 loc.
1245 903 1312 942 cit.
1352 898 1619 953 declaratam,
1659 900 1765 941 sicut

136 972 258 1013 etiam
294 972 505 1013 invenitur
535 970 793 1014 declaratum
827 971 869 1028 e)
903 970 1171 1024 lenocinium,
1196 969 1228 1027 f)
1253 969 1455 1012 incestum
1478 983 1598 1013 sensu
1623 971 1765 1012 stricto

137 1043 218 1083 imo
251 1040 512 1084 solummodo
545 1055 636 1083 eum
670 1041 994 1097 consanquinev's
1028 1047 1101 1083 aut
1135 1039 1327 1098 affinibus
1360 1041 1401 1083 in
1434 1040 1572 1098 prima
1612 1039 1768 1097 yradu,

139 1116 219 1155 tam
254 1111 384 1155 lineae
419 1118 555 1156 rectae
588 1125 713 1170 quam
747 1112 1011 1166 collateralis,
1044 1115 1138 1170 quia
1177 1112 1239 1155 lex
1267 1126 1345 1155 non
1370 1112 1600 1168 distinguit,
1624 1110 1768 1168 quales

135 1187 230 1225 sunt
264 1188 408 1237 mater,
441 1197 571 1235 soror,
606 1183 703 1237 iilia,
736 1185 1093 1239 consanguineae;
1130 1183 1210 1227 tilia
1246 1197 1295 1227 cx
1330 1183 1410 1226 alio
1437 1185 1605 1239 praevio
1632 1184 1767 1224 matri-

137 1254 274 1294 monio
307 1255 495 1309 coniugis
530 1255 656 1309 patris
688 1258 759 1296 ant
794 1255 936 1296 matris
968 1253 1124 1308 clerici,
1158 1258 1228 1296 aut
1260 1254 1409 1296 coniux
1447 1254 1599 1309 proprii
1627 1253 1767 1308 patris,

136 1322 285 1377 fratris,
322 1323 449 1366 liliive
481 1323 637 1367 clerici.
670 1323 857 1367 Notanda
907 1323 1008 1367 haec
1058 1326 1238 1367 incestus
1271 1324 1561 1373 determinatio
1596 1325 1632 1364 in
1668 1324 1692 1375 g
1729 1321 1764 1377 1,

135 1399 242 1437 cair*
261 1393 371 1436 3:357
392 1396 556 1447 omissa,
576 1408 628 1437 ex
647 1406 726 1451 qua
745 1395 1018 1437 confirmatur
1037 1396 1321 1450 interpretatio
1346 1399 1441 1437 tunc
1465 1393 1558 1437 data
1583 1393 1633 1436 de
1660 1395 1766 1435 ince-

135 1469 198 1507 stu
216 1466 357 1508 stricto
377 1478 499 1508 sensu
517 1467 778 1521 accipiendo,
803 1478 850 1509 ac
875 1467 1042 1522 insuper
1064 1468 1231 1508 omissio
1257 1465 1494 1521 praedictae
1516 1464 1765 1507 determina-

138 1537 257 1578 tionis
275 1537 407 1578 innuit
425 1537 626 1579 incestum
649 1535 700 1579 ibi
721 1537 1012 1592 accipiendum
1032 1549 1121 1579 esse
1146 1538 1310 1593 proprie
1334 1548 1380 1579 ac
1405 1537 1443 1578 in
1462 1535 1607 1578 eadem
1627 1539 1765 1577 exten-

135 1608 261 1662 sione,
289 1611 408 1663 prout
431 1619 451 1650 a
476 1607 654 1650 diversis
678 1609 778 1651 iuris
800 1607 1028 1651 criminalis
1050 1606 1264 1651 codicibus
1293 1609 1504 1650 nationum
1529 1606 1764 1649 damnatur.

259 1693 279 1719 <c
302 1678 340 1721 Si
376 1692 475 1735 ergo
509 1678 650 1722 clerici
685 1681 723 1722 in
758 1682 886 1723 sacris
910 1679 1106 1723 delictum
1126 1695 1163 1720 ))1
1185 1678 1352 1736 aliquod
1377 1692 1428 1721 ex
1454 1679 1666 1721 recensitis
1688 1676 1766 1720 sub

135 1749 269 1793 littera
303 1749 355 1806 b),
389 1762 437 1793 ac
473 1755 595 1806 prout
623 1750 879 1794 declaratum
906 1755 977 1803 est,
999 1749 1279 1800 exercuerint,
1313 1749 1422 1807 qnod
1451 1748 1622 1792 verbum
1660 1748 1763 1791 indi-

135 1823 237 1877 gitat
270 1823 436 1864 unicum
471 1823 594 1864 etiam
629 1826 784 1876 actum,
818 1835 893 1865 nec
926 1835 1030 1878 opus
1062 1827 1122 1865 est
1157 1821 1279 1865 talem
1314 1821 1626 1878 delinquentem
1663 1835 1685 1861 ((
1709 1819 1762 1862 le-

135 1893 279 1947 gitime
313 1891 596 1934 damnandum
623 1907 641 1932 ))
681 1905 784 1946 esse,
819 1897 941 1948 prout
973 1905 1216 1948 expressum
1257 1892 1332 1935 fuit
1368 1891 1419 1934 de
1455 1891 1569 1934 laicis
1603 1893 1640 1933 in
1676 1889 1766 1933 loco

135 1974 258 2018 supra
292 1964 436 2018 citat03
470 1962 521 2005 de
557 1961 636 2006 illis
674 1962 781 2006 «lex
821 1965 948 2006 utitur
985 1962 1122 2006 verbis
1148 1964 1423 2020 praeceptivis
1445 1978 1465 2003 >)
1503 1965 1609 2019 (can.
1636 1962 1763 2017 2223,

133 2031 161 2089 ξ
194 2031 237 2089 3)
279 2032 319 2089 a)
352 2032 669 2090 suspendantur
721 2036 804 2076 «in
841 2039 1087 2090 perpetuum
1118 2033 1178 2076 vel
1215 2033 1263 2076 ad
1301 2038 1462 2089 teinpus
1499 2034 1761 2089 praefinitum

139 2103 201 2146 vel
235 2103 284 2146 ad
322 2103 624 2160 beneplacitum
660 2104 938 2161 Superioris»
977 2104 1086 2161 (can.
1113 2093 1238 2159 2298,
1265 2103 1339 2160 20),
1376 2108 1614 2147 remanente
1652 2103 1760 2160 quod

133 2176 278 2217 attinet
301 2174 349 2217 ad
376 2173 453 2217 boc
477 2179 651 2231 tempus,
675 2177 781 2218 sicut
805 2177 928 2218 etiam
953 2188 975 2218 a
998 2188 1079 2233 qua
1104 2188 1146 2218 re
1185 2191 1205 2216 «
1228 2175 1534 2231 suspendantur
1558 2190 1596 2222 ))‚
1628 2186 1757 2230 poena

141 2259 162 2285 <c
186 2239 503 2288 indeterminata
528 2261 548 2286 »
588 2244 696 2303 (can.
722 2246 850 2300 2217,
872 2245 901 2304 ξ
927 2247 963 2300 1,
990 2246 1065 2302 1⁰),
1092 2245 1133 2303 b)
1158 2245 1339 2303 infames
1378 2261 1396 2285 <‹
1422 2247 1590 2288 infamia
1615 2246 1711 2288 facti
1735 2261 1758 2286 »

134 2313 610 2369 declarentm·‚scilicet:
636 2318 731 2373 quia
753 2329 849 2358 num
870 2315 937 2358 illa
962 2320 1172 2359 contracta
1198 2317 1318 2359 tuerit
1340 2332 1362 2357 «
1382 2315 1580 2359 indicium
1604 2320 1764 2372 spectat

134 2385 184 2428 ad
215 2382 485 2430 Ordinarium
509 2401 531 2426 »
569 2385 678 2442 (can.
715 2386 843 2439 2293,
876 2386 904 2444 ἓ
938 2385 995 2443 3),
1035 2387 1247 2429 «infamia
1292 2388 1401 2429 enim
1448 2388 1548 2429 iuris
1592 2385 1657 2429 illa
1701 2391 1763 2429 est

133 2468 240 2513 quae
272 2455 436 2499 casibus
470 2458 558 2499 iure
591 2459 802 2499 communi
837 2459 1044 2513 expressis
1076 2459 1314 2502 statuitur»
1354 2456 1479 2514 (can.e
1508 2456 1610 2509 cit.⁰,
1644 2459 1669 2511 g
1702 2455 1759 2513 2),

133 2531 172 2569 et
206 2525 282 2569 boc
314 2526 431 2569 deest
465 2529 502 2569 in
537 2526 702 2582 Codice,
737 2532 776 2583 c)
811 2526 993 2585 quolibet
1025 2527 1156 2584 officio
1191 2527 1300 2585 (can.
1327 2528 1423 2583 145,
1448 2530 1472 2582 ἓ
1499 2528 1539 2581 1)
1576 2543 1595 2568 «
1618 2529 1761 2571 stricto

132 2610 253 2640 sensu
279 2612 316 2652 2),
352 2596 545 2653 beneficio
588 2600 694 2651 (can.
732 2597 878 2655 1409),
910 2597 1121 2655 diqnilale
1162 2611 1284 2655 snpra
1326 2601 1363 2641 in
1396 2598 1424 2656 ξ
1464 2604 1501 2638 1⁰
1536 2598 1759 2653 declarata,

132 2681 316 2719 munere,
350 2668 475 2711 idest:
515 2684 537 2709 «
560 2669 695 2712 officio
729 2669 1010 2713 ecclesiastico
1046 2669 1126 2712 lato
1158 2683 1279 2712 sensu
1306 2686 1325 2710 »
1364 2669 1472 2726 (can.
1514 2670 1604 2724 145,
1638 2668 1667 2727 ἓ
1705 2668 1758 2726 19,

133 2737 170 2780 si
202 2737 312 2795 quod
343 2737 537 2792 habeant,
568 2738 792 2796 priventur
824 2740 872 2782 ad
912 2752 1100 2782 normam
1140 2746 1247 2783 can.S
1281 2740 1613 2798 ⁶2:299,'eiusque
1644 2739 1684 2797 ’δ”
1719 2738 1758 2782 3ί

132 2807 247 2851 salva
282 2808 539 2862 limitatione,
572 2814 611 2852 et
644 2809 688 2852 in
721 2810 885 2853 casibus
915 2810 1184 2867 yravioribus
1223 2815 1389 2867 propter
1427 2813 1760 2854 circumstantias

133 2878 414 2936 deponantur,
447 2893 552 2937 quae
588 2893 717 2936 poena
752 2886 811 2924 est
845 2883 882 2924 in
917 2893 1005 2924 can.
1034 2880 1145 2924 2303
1178 2881 1402 2926 declarata.
