1950 3313
106 161 200 198 Can.
226 160 428 195 2199-2200
481 160 564 193 TIT.
594 161 645 194 ΙΙ.
682 181 694 186 -
721 162 776 195 De
804 164 1107 206 impassibilitate
1134 166 1264 199 ‹lelictz'
1290 169 1355 199 (etc.
1695 170 1733 201 15

106 279 183 324 sub
216 281 484 332 inscriptione
520 284 656 322 manet
689 279 910 329 declarata,
943 282 1093 338 pende!
1127 283 1178 326 ab
1211 283 1414 341 aliqooex
1443 285 1572 327 tribus
1605 290 1732 329 conti-

106 350 299 394 uentribus
344 349 542 392 moralem
588 349 690 405 legis
736 351 1015 402 violationem,
1059 354 1276 398 videlicet:
1313 354 1353 411 a)
1388 370 1439 396 m·
1472 355 1566 397 dolo
1599 357 1730 399 ‹leliu-

105 421 269 479 quentis
294 434 365 476 per
388 432 477 464 can.
502 433 587 477 seq.
614 420 877 469 declarando,
907 422 946 477 b)
975 423 1034 464 rel
1059 438 1109 464 m·
1131 425 1330 478 eius-(lem,
1355 426 1536 482 intellige
1566 445 1581 464 r(
1604 428 1731 470 ‹leliu-

105 494 268 550 quentis
291 507 311 532 ))
349 504 421 534 seu
449 490 641 533 violantis
665 490 811 546 legem,
838 491 959 549 eulpa
986 494 1144 545 morali,
1169 509 1274 551 quae
1301 497 1525 539 includitur
1551 497 1589 539 in
1617 499 1731 553 tysan-

106 563 250 606 raalio
269 561 462 620 equidem
483 561 728 611 voluntaria,
743 575 847 618 quae
870 568 1034 619 propter
1054 565 1277 620 ‹piamlibot
1302 571 1499 610 rationem
1520 568 1729 614 subi-atur.

103 633 282 678 scilicet:
322 632 383 675 vel
418 631 470 675 ob
503 631 604 674 alias
637 636 931 688 occupationes
967 648 1043 676 non
1088 639 1340 679 necessarias
1378 639 1556 681 studium
1595 639 1729 695 legum

103 704 288 748 debitum
325 703 612 759 impedientes,
649 703 710 745 vel
746 703 797 746 ob
831 704 1070 747 addiscendi
1105 707 1349 753 socordiam,
1372 723 1475 764 quae
1499 724 1633 752 crassa
1659 724 1728 753 seu

103 778 249 832 supina
286 779 458 818 vocatur
492 776 738 830 ignorantia,
777 775 836 817 vel
873 775 1039 818 demum
1077 783 1242 832 propter
1279 779 1528 822 xoluntatein
1566 794 1728 823 nonco-

103 846 328 904 gnoscendi
363 858 445 891 eas,
482 858 584 902 quas
615 843 721 888 scire
755 851 929 901 oportet.
967 852 1132 902 propter
1165 849 1271 904 quod
1307 849 1457 892 dicitur
1495 867 1514 890 «
1541 854 1729 901 ignoran-

103 920 156 961 tia
180 933 202 958 >³
241 917 345 975 leqis
379 915 575 964 violatae,
610 916 649 972 c)
683 921 757 958 aul
790 916 830 958 iii
867 917 1092 960 onais-sione
1127 919 1321 975 culpabili
1357 934 1403 962 eo
1438 922 1544 977 quod
1580 925 1627 964 sit
1662 922 1728 963 (le-

101 987 212 1031 bitae
244 987 508 1045 dili'yentt'ae‚
548 1001 619 1030 seu
667 989 814 1030 mentis
852 991 1089 1031 attentionis
1131 1004 1339 1047 curaeque
1382 991 1640 1034 adbibeudao
1678 994 1727 1035 ad

105 1059 319 1103 vitandum
357 1059 458 1115 legis
494 1058 760 1101 violationem
796 1059 1050 1102 damnumve
1088 1066 1255 1116 propter
1288 1062 1394 1118 quod
1437 1062 1500 1104 illa
1526 1064 1617 1105 data
1645 1066 1729 1108 luit.

103 1130 220 1174 Ratio
254 1131 541 1173 commentarii
576 1131 627 1172 sit
662 1131 909 1186 principium
948 1144 1030 1186 reg.
1053 1131 1104 1173 223
1132 1134 1230 1173 iuris
1256 1134 1292 1174 in
1319 1134 1389 1175 (3⁰1
1431 1148 1449 1171 «
1474 1135 1567 1176 Sine
1595 1135 1727 1190 culpa,

103 1204 177 1245 nisi
212 1201 343 1245 subsit
377 1213 515 1255 causa,v
550 1214 628 1243 non
664 1206 724 1244 est
766 1201 916 1258 aliquis
961 1203 1254 1257 puniendus».
1291 1203 1444 1257 Regula
1490 1205 1731 1261 intelligitur

102 1272 152 1316 de
188 1284 316 1329 poena
352 1274 517 1328 proprie
551 1272 659 1315 dicta
695 1277 864 1328 propter
897 1286 1018 1329 quam
1056 1273 1119 1316 lex
1155 1279 1213 1316 est
1251 1275 1444 1330 poenalis.

218 1342 418 1399 Exceptio
445 1356 557 1397 vero,
597 1358 619 1384 c<
642 1345 719 1385 nisi
753 1342 886 1386 subsit
910 1356 1031 1386 causa
1056 1359 1078 1383 »
1118 1347 1280 1400 respicit
1308 1359 1478 1401 poenam
1506 1346 1584 1388 lato
1608 1361 1727 1389 sonsa

99 1420 329 1470 acceptam,
363 1413 543 1457 scilicet:
581 1416 856 1470 privationem
893 1414 1070 1458 alicuius
1106 1414 1213 1470 boni,
1247 1420 1285 1459 et
1320 1419 1510 1473 quamvis
1545 1417 1644 1460 baec
1678 1421 1725 1460 sit

101 1484 191 1541 lege
225 1487 460 1539 constituta,
495 1498 574 1528 non
611 1489 745 1528 tamen
780 1485 829 1528 ad
865 1485 1146 1543 delinquentis
1189 1487 1517 1530 emendationem
1562 1488 1623 1531 rel
1659 1489 1723 1531 de-

101 1555 183 1600 licti
220 1558 491 1617 punitionem,
528 1570 565 1598 v.
600 1570 660 1613 gr.
696 1558 863 1599 amissio
897 1557 1234 1600 distributionum
1272 1557 1496 1601 inabsente
1516 1561 1726 1611 canonico,

100 1629 195 1685 quia
231 1630 462 1689 praesentia
496 1629 584 1670 eius
617 1616 655 1669 i'n
692 1626 818 1670 choro
853 1628 902 1670 ad
941 1627 1029 1671 illas
1064 1628 1283 1671 lucrandas
1316 1632 1373 1671 est
1409 1629 1589 1671 conditio
1621 1642 1641 1672 a
1678 1630 1729 1672 le-

99 1698 295 1754 gislatore
329 1702 565 1743 constituta.

218 1767 321 1812 Cum
356 1770 450 1814 illae
482 1774 563 1815 sint
595 1773 790 1816 diversae
824 1773 1154 1829 iniputabilitatis
1172 1786 1333 1816 causae.
1359 1773 1613 1817 subinfertur
1636 1786 1725 1815 con-

100 1845 322 1897 sequenter
365 1843 403 1883 in
448 1854 606 1896 canone
649 1848 843 1901 tanquam
888 1844 1082 1900 generale
1116 1846 1392 1901 principium:
1427 1858 1557 1901 (secare
1589 1858 1727 1885 marites

99 1909 358 1955 subiectivae
380 1925 452 1955 seu
476 1913 769 1971 delinquentis,
795 1929 962 1961 causae.
989 1929 1164 1971 nempe:
1199 1929 1305 1972 quae
1337 1914 1377 1972 a)
1397 1920 1562 1970 (inflent,
1595 1914 1635 1970 b)
1657 1914 1728 1956 mi-

100 1987 246 2033 nuunt,
286 1982 326 2039 c)
363 1983 516 2026 tollunt
558 1988 726 2029 omnino
769 1989 999 2043 respective
1043 1987 1091 2029 ad
1139 1988 1311 2042 primam
1357 1988 1525 2029 canonis
1569 1991 1722 2041 partem

51 2079 53 2081 -
97 2052 138 2110 a)
172 2052 314 2096 dolum
348 2056 385 2097 in
420 2068 506 2113 seq.
541 2068 632 2100 can.
665 2059 1017 2114 cognoscendum,
1052 2057 1094 2114 b)
1129 2063 1202 2100 au!
1226 2057 1387 2114 eulpam
1412 2055 1632 2113 dupliciter
1656 2056 1723 2099 de-

96 2127 299 2181 signatam
338 2128 463 2183 prius‚
497 2126 637 2184 ibique
671 2129 942 2183 declaratam,
975 2144 1019 2171 eo
1052 2129 1142 2186 ipso
1175 2142 1246 2172 seu
1272 2142 1319 2171 ex
1346 2130 1401 2170 rei
1430 2133 1570 2170 natura
1596 2127 1635 2184 a)
1656 2141 1727 2169 ‹121-

93 2201 206 2253 yem‚
243 2195 284 2254 b)
321 2198 526 2255 minuunt,
561 2198 600 2256 c)
637 2199 804 2256 tollunt,
841 2205 1028 2257 respectu
1064 2200 1113 2243 ad
1149 2200 1313 2243 easdem
1348 2201 1643 2255 suprapositas
1668 2199 1724 2240 lit-

97 2271 217 2322 teras,
236 2267 382 2311 decreti
415 2272 740 2328 uniuscuiusque
774 2271 1162 2329 imputaln'lilalem,
1198 2273 1253 2313 uti
1289 2271 1478 2313 ellectum
1516 2268 1721 2311 illiusdoli

99 2338 160 2381 vel
195 2339 343 2396 culpae
375 2342 604 2384 secundum
641 2344 821 2398 priorem
857 2345 1027 2386 canonis
1063 2347 1233 2398 partem,
1259 2341 1366 2383 unde
1400 2341 1578 2383 secunda
1602 2345 1722 2396 patet.

97 2412 251 2453 Harum
286 2423 506 2455 causarum
542 2399 730 2470 exempla
767 2413 897 2457 videri
932 2418 1085 2472 queunt
1123 2416 1158 2455 in
1195 2411 1375 2455 textibus
1425 2413 1523 2454 iuris
1557 2424 1718 2467 praei-e-

95 2479 242 2535 dentis,
276 2484 345 2539 qui
379 2485 560 2526 citantur
593 2486 631 2540 in
667 2484 848 2528 fontibus
880 2484 1056 2528 Codicis,
1086 2488 1183 2526 bata
1218 2485 1522 2538 opportunitate
1557 2496 1624 2523 eos
1661 2494 1720 2523 re-

93 2551 273 2596 teremus
307 2555 344 2596 in
377 2554 647 2612 sequentibus
680 2555 921 2609 canonibuS,
957 2569 1004 2598 eo
1038 2555 1145 2611 quod
1183 2553 1275 2596 illae
1308 2566 1456 2596 causae
1480 2551 1718 2607 singillatim

95 2623 420 2679 perpenduntur.

214 2695 281 2737 13.
317 2696 426 2742 Doli
459 2686 594 2744 notio
629 2700 666 2740 in
702 2699 942 2741 delinitione
977 2695 1306 2753 imputabilitatis
1341 2696 1456 2751 positi
1491 2693 1722 2748 explicatur

93 2777 166 2821 pet·
198 2780 288 2809 ean.
323 2768 462 2810 2200.
496 2768 524 2826 g
557 2771 593 2811 1.
630 2768 776 2822 Dolus,
808 2771 926 2812 cuius
962 2767 1077 2810 verbi
1121 2767 1368 2821 significatio
1409 2766 1611 2820 proposita
1648 2765 1717 2805 luit

92 2835 211 2879 aliter
242 2837 291 2880 ad
327 2849 416 2882 can.
453 2839 550 2893 103,
584 2839 611 2897 ἓ
645 2840 682 2894 l,
718 2839 786 2883 ubi
824 2844 951 2895 potest
987 2840 1129 2894 inspici
1165 2850 1327 2893 quoque
1360 2836 1718 2885 commentarium,

93 2904 185 2950 heic
215 2907 401 2952 scilicet:
436 2911 603 2966 quando
643 2913 781 2966 agitur
824 2910 875 2953 de
920 2907 1237 2965 imputabilitate
1272 2906 1409 2949 delicti
1443 2918 1512 2948 seu
1549 2907 1584 2946 in
1625 2917 1719 2946 ran.
