1950 3313
117 152 212 188 Can.
239 151 441 188 2246-2247
524 153 609 188 ΤιΤ.
639 154 745 188 VIII.
767 175 779 181 -
799 156 854 189 De
876 161 1012 201 poenis
1039 160 1338 194 medicinalibus
1678 162 1741 194 103

120 272 182 316 vel
215 272 266 316 ad
302 274 433 328 ipsam
467 286 667 317 censurae
710 274 1024 328 absolutionem,
1069 292 1173 335 quac
1208 293 1279 335 per
1321 279 1421 323 alios
1453 294 1642 335 canones,
1680 284 1736 323 in-

117 344 454 400 terpretationem
490 343 599 400 quod
633 349 804 400 spectat,
839 347 1093 402 regulantur.

236 413 484 457 Benedictus
518 413 571 456 xl
607 416 644 456 in
670 414 841 458 Extrav.
865 421 1073 461 communi
1106 420 1117 461 l
1161 421 1251 463 «de
1287 421 1552 477 privilegiis»
1583 424 1736 479 inquit:

119 482 462 527 «Inconveniens
495 486 603 526 enim
639 487 938 540 existimamus,
974 493 1013 530 ut
1048 502 1068 531 a
1106 495 1272 544 peccato
1296 491 1496 540 absolvat,
1530 494 1641 548 qui...
1667 507 1734 535 ex-

113 555 552 608 communicationem,
586 567 693 611 quae
736 556 937 612 infligitur
982 561 1159 601 inaximo
1193 574 1213 602 a
1250 563 1335 603 iure
1374 561 1620 618 quandoque
1666 577 1736 618 pro

113 626 301 671 crimine,
336 637 500 682 quaeve
532 638 657 682 quem
691 625 743 669 ab
779 625 974 681 Ecclesia,
1009 633 1045 671 ct
1073 643 1143 685 per
1175 644 1430 687 consequens
1463 646 1482 674 a
1518 635 1733 689 participa-

115 696 223 738 tione
256 694 634 739 ecclesiasticorum
675 708 888 739 sacrorum
933 698 1130 753 excludit,
1176 713 1390 744 reinmere
1434 715 1509 743 non
1548 708 1674 756 potest
1696 720 1732 743 ».

115 764 220 809 Huic
253 767 456 822 principio
489 779 533 809 se
566 767 799 809 conformat
823 767 1008 825 illudque
1041 769 1280 824 ampliatum
1306 772 1520 813 contirinat
1543 774 1570 827 ς’
1591 775 1632 814 ἰί.
1662 772 1734 815 lle-

110 836 295 879 servacio
328 836 546 894 hucusque
578 836 783 893 explicata
818 851 1019 881 censurae
1041 843 1481 883 excommunic-ationis
1517 843 1576 884 vel
1612 846 1730 885 inter-

110 907 210 950 dicti
245 906 486 963 personalis,
520 920 569 950 eo
592 907 702 964 quod
738 921 868 951 canon
894 909 1032 953 addit:
1060 909 1325 966 impedientis
1360 912 1629 966 remptionem
1656 926 1731 969 qua

112 977 233 1021 talem
268 983 646 1029 sacramentorum,
681 992 759 1021 non
788 981 972 1035 praecise
1008 983 1165 1022 ratione
1190 980 1265 1023 loci
1302 982 1522 1034 interdicti,
1545 988 1582 1024 vt
1606 996 1731 1039 quan-

111 1054 197 1091 tum
231 1061 407 1092 censura
441 1048 615 1105 impedit
660 1049 771 1092 illam
818 1052 1093 1105 poenitentiae
1131 1054 1488 1108 «receptionem»
1538 1052 1734 1110 imperta!

110 1118 186 1163 hac
219 1119 270 1163 de
304 1132 428 1163 causa
461 1119 793 1163 reservationem
835 1120 998 1177 peceati
1030 1120 1289 1175 absolvendi,
1323 1135 1369 1165 ac
1405 1136 1546 1178 reapse
1580 1123 1733 1175 delicti,

107 1189 176 1233 cai
209 1203 387 1233 censura
419 1189 471 1234 ab
504 1189 670 1233 homine
708 1190 770 1233 vel
806 1204 826 1233 a
863 1193 951 1233 iure
984 1190 1148 1233 adnexa
1183 1198 1255 1235 esl.
1291 1190 1395 1244 Quia
1431 1192 1530 1235 llaec
1570 1208 1586 1233 (ι
1610 1207 1734 1235 reser-

112 1263 219 1305 vatio
255 1263 451 1318 peccati»
489 1265 550 1304 est
586 1261 775 1304 virtualis
810 1264 847 1304 in
882 1261 1009 1305 altera
1044 1275 1258 1312 censurae,
1292 1263 1638 1305 animadvertitur
1660 1269 1734 1306 sta-

107 1334 202 1377 tim:
237 1345 379 1375 veram
411 1332 449 1374 si
482 1332 576 1390 qais
608 1346 633 1374 a
667 1346 844 1375 censura
880 1333 1130 1376 incurrenda
1168 1333 1230 1376 vel
1266 1333 1523 1376 observanda
1553 1333 1593 1390 a)
1617 1349 1730 1376 erea-

105 1407 228 1445 satur
261 1404 373 1446 iuxta
408 1403 521 1446 dicta
554 1402 631 1446 sub
665 1402 740 1445 Tit.
779 1401 827 1445 Vl
864 1403 927 1446 vel
963 1404 1065 1446 infra
1099 1403 1149 1445 de
1193 1403 1378 1459 singulis,
1415 1403 1474 1445 rel
1508 1403 1549 1460 b)
1585 1404 1632 1445 ab
1665 1418 1730 1446 ea-

103 1472 196 1516 dem
229 1473 440 1517 declarata
473 1486 650 1517 censura
683 1472 770 1531 fait
803 1476 876 1518 etsi
912 1479 1028 1517 extra
1063 1475 1364 1517 contessionem
1401 1475 1581 1529 legitime
1615 1474 1727 1517 abso-

102 1543 230 1600 lutas,
265 1544 499 1588 reservatio
532 1545 771 1601 supradicta
793 1544 957 1602 peccati
986 1545 1168 1602 penitus,
1196 1545 1320 1588 idest:
1354 1547 1475 1588 etiam
1513 1550 1647 1601 postea
1676 1560 1730 1588 rc-

106 1617 336 1659 viviscente
369 1616 504 1659 forsan
540 1628 728 1671 censura,
763 1620 911 1670 cessat,
947 1629 1017 1671 pro
1051 1618 1329 1658 excusationis
1363 1620 1497 1658 tamen
1534 1621 1728 1671 tempore.

221 1687 291 1730 Ἡ.
327 1688 400 1733 De
433 1689 790 1733 reservationis
833 1689 1019 1743 vigore,
1064 1688 1231 1729 attentis
1263 1685 1389 1729 altera
1436 1688 1728 1732 reservatione,

104 1759 312 1801 territorio
330 1763 370 1801 et
387 1757 643 1801 absolventis
658 1759 900 1814 ignorantia.
925 1770 1090 1800 norinas
1107 1757 1335 1800 servandas
1350 1757 1471 1799 tradit
1487 1771 1575 1800 ean.
1590 1758 1726 1798 9947.

103 1828 144 1872 ln
177 1827 345 1885 Congi·.⁵
377 1829 414 1873 S.
441 1826 578 1873 Officii
618 1829 892 1872 lnstructione
914 1828 926 1850 ¹
951 1828 1027 1871 sul)
1052 1842 1089 1871 n.
1123 1828 1145 1870 4
1174 1827 1490 1884 praescribitur:
1520 1843 1540 1867 «
1562 1827 1728 1869 l'rorsus

100 1903 239 1942 autem
274 1899 407 1943 abiis
442 1903 622 1956 peccatis
665 1899 742 1943 sibi
789 1899 1054 1942 reservandis
1097 1898 1342 1952 abstineant,
1386 1910 1491 1954 quae
1536 1900 1612 1939 iam
1649 1900 1725 1939 sint

99 1971 195 2014 Sedi
230 1970 494 2027 Apostolicae
528 1975 758 2020 reservata,
793 1984 843 2013 ne
875 1970 1033 2013 scilicet
1066 1969 1221 2026 absque
1257 1971 1497 2011 necessitate
1533 1967 1724 2023 multipli-

98 2045 246 2085 centur
280 2041 450 2098 leges».
490 2040 540 2085 Et
573 2041 649 2085 hoc
675 2043 830 2085 iussum
858 2040 1099 2084 translatum
1129 2040 1308 2082 vidimus
1331 2052 1423 2081 cuin
1450 2039 1724 2081 distinctione.

100 2111 281 2168 idipsum
315 2112 387 2155 sed
421 2114 623 2156 severiori
651 2111 778 2155 verbo
812 2113 1030 2155 contii-inat
1053 2110 1287 2166 specialiter
1307 2108 1335 2166 ξ
1355 2112 1387 2152 1.
1407 2108 1567 2151 'l‘ractat
1592 2111 1722 2150 enini:

100 2181 146 2225 Si
178 2196 358 2225 censura
401 2182 612 2241 quaelibet
647 2182 747 2226 Sed&
780 2181 1045 2240 Apostolieae
1078 2181 1121 2237 a)
1157 2180 1208 2223 al)
1252 2180 1416 2222 homine
1454 2179 1514 2221 vel
1550 2178 1588 2235 b)
1624 2192 1722 2235 quo-

99 2252 204 2296 libet·
230 2266 280 2296 ex
315 2253 437 2297 dictis
469 2253 546 2298 Sub
579 2266 669 2297 can.
705 2253 818 2296 ⁶224ss
852 2255 876 2306 g
910 2253 932 2294 3
969 2252 1089 2294 modo
1124 2256 1337 2293 reservata
1371 2250 1438 2301 sil,
1468 2248 1724 2291 0r‹lim1rius

99 2323 255 2381 nequit,
276 2324 414 2380 (secus
449 2324 632 2367 invalide
666 2323 828 2381 ageret)
862 2323 993 2366 aliam
1027 2322 1211 2365 eiusdem
1250 2320 1313 2363 vel
1350 2320 1539 2362 (livet-sae
1572 2321 1721 2375 speciei

96 2407 317 2437 censuram
351 2408 522 2451 nempe:
556 2393 636 2437 sibi
673 2400 932 2437 reservatam
967 2393 1008 2436 in
1045 2392 1152 2435 idem
1185 2391 1222 2447 b>
1255 2393 1391 2447 specie
1417 2404 1488 2446 per
1510 2394 1720 2437 statutum,

100 2464 165 2509 vel
196 2465 237 2521 a)
270 2465 484 2522 singulare
517 2479 590 2522 per
624 2466 793 2508 modum
831 2466 1039 2521 praecepti
1077 2461 1350 2519 particularis.
1384 2465 1451 2503 aut
1496 2462 1722 2501 sentcntiae

94 2533 223 2593 ferre.
257 2533 403 2588 Quoad
439 2536 618 2579 litteram
654 2535 697 2592 a)
733 2538 827 2593 quia
868 2535 994 2578 Sedes
1029 2533 1262 2589 Apostolica
1309 2544 1474 2574 manuni
1520 2531 1720 2586 apposuit,

94 2610 134 2649 et
167 2608 222 2649 ait
257 2619 342 2662 reg.
363 2608 464 2650 iuris
499 2607 549 2649 54
577 2609 615 2649 in
647 2605 714 2651 6⁰:
740 2622 762 2648 «
785 2604 863 2659 Qui
892 2608 1002 2662 prior
1035 2609 1093 2647 est
1119 2608 1316 2659 ternpore,
1343 2603 1474 2657 potior
1496 2605 1553 2642 est
1581 2602 1716 2641 inre».

94 2676 239 2731 Quoad
277 2676 455 2720 litteram
489 2677 543 2734 b),
578 2679 674 2735 quia
708 2681 815 2720 esset
850 2675 1004 2718 inutile.
1040 2673 1200 2717 Etenim
1235 2685 1376 2715 verum
1403 2676 1459 2713 est
1497 2684 1610 2725 posse
1638 2671 1719 2710 xin-

93 2747 186 2791 cula
222 2747 616 2805 multiplicari‚quia
641 2747 839 2791 delictum
865 2759 885 2789 a
921 2746 1098 2788 diversis
1122 2741 1413 2799 Superioribus¹
1441 2744 1488 2783 sit
1516 2742 1714 2795 punituin,

211 2900 223 2921 1
252 2900 295 2933 13
322 2900 398 2933 Iul.
430 2899 534 2941 1916,
563 2899 606 2934 O.
628 2899 671 2934 O.
698 2898 806 2933 VIII.
835 2898 916 2931 314.
