1950 3313
1739 147 1781 156 vr-

789 144 958 178 ,Vm-mae
979 145 1177 188 yenerales
1737 157 1775 181 ot

162 263 181 287 r<
206 247 253 291 Et
289 250 373 304 ipse
407 247 519 291 (ledit
553 248 753 304 quosdam
780 250 946 306 quidem
974 249 1247 306 Apostolos...
1272 251 1373 293 alios
1396 257 1530 294 autem
1555 256 1778 308 pastores...

158 320 195 361 in
230 318 561 362 aedificationem
597 321 782 374 corporis
815 319 963 362 tlhristi
1001 337 1038 371 2),
1075 323 1110 363 iu
1151 334 1232 376 quo
1276 327 1366 364 sunt
1411 322 1577 378 quidem
1613 323 1776 365 diiersa

158 388 359 438 membra,
392 400 499 445 quae
538 400 660 430 «non
696 389 887 432 eumdem
924 395 1059 432 actum
1108 390 1255 434 habeut
1286 408 1300 431 »
1333 391 1358 436 ¹.
1400 407 1417 430 ‹<
1443 392 1511 433 scd
1560 405 1630 447 pro
1676 394 1779 434 iuvi-

154 472 241 502 cem
277 458 450 502 sollicita
483 459 563 501 sint
599 458 783 502 membra
811 476 828 499 ))
861 459 888 502 ².
926 486 975 490 —
1014 460 1177 503 illorum
1216 461 1459 517 pei-pulctua
1490 464 1665 504 rarietas
1689 476 1782 504 cou-

153 531 282 585 surgit
319 531 355 571 in
392 527 574 571 Ecclesia
612 541 683 584 per
730 529 960 572 ordinatam
1013 531 1315 573 multitudinem
1354 545 1635 587 personariuu.
1676 545 1780 588 quae

153 599 339 643 obtinent
372 597 526 654 gradus
560 610 607 641 ac
641 599 958 655 otlicia,quibus
982 606 1137 643 constat
1172 607 1344 657 utraque
1371 601 1599 643 hierarchia
1626 602 1783 643 ordinis

154 674 190 712 et
226 668 533 717 iurisdictionis,
569 669 690 711 simul
725 682 771 712 ac
809 683 879 726 per
916 673 1129 727 utriusque
1163 685 1287 713 sexus
1328 671 1574 727 multiplices
1608 672 1780 714 familias·

155 739 382 795 religiosas,
417 752 523 796 quae
558 752 635 782 una
671 753 764 782 cum
800 740 1074 783 saccularium
1111 741 1310 783 sodalitiis
1344 755 1390 783 ac
1429 742 1600 797 singulis
1633 745 1780 784 ceteris·

153 809 357 863 tidelibus,
393 811 640 854 contirmant
671 809 917 853 Davidicum
949 825 1137 854 tersum:
1165 812 1280 868 (112,
1307 813 1365 868 a.)
1404 828 1422 849 «
1447 815 1514 868 qui
1553 812 1779 855 inhabitare

151 883 246 925 t'acit
278 881 462 924 sterilem
499 883 536 923 in
572 881 695 923 domo
721 886 893 924 matrem
921 881 1098 924 tiliorum
1127 882 1343 925 laetantem
1373 900 1408 922 ».
1442 908 1491 912 —
1520 881 1653 925 Mutua
1684 898 1779 924 xero

150 951 385 995 sollicitudo
420 950 702 994 membrorum
740 951 949 995 Ecclesiae
984 952 1132 995 Christi
1168 952 1388 995 adhibetur
1424 955 1572 995 iurium
1609 966 1653 995 as·
1684 954 1780 995 ohli-

151 1024 362 1079 gationum
398 1024 598 1066 exercitio
631 1036 752 1079 quae,
793 1027 875 1065 tum
915 1022 993 1065 illis
1027 1023 1226 1079 gradibus
1260 1025 1473 1074 ollii-iisre,
1515 1030 1596 1067 tum
1645 1024 1704 1066 his
1729 1027 1781 1066 sa-

151 1093 275 1136 miliis
310 1093 526 1150 religiosis,
561 1092 778 1139 sodalitiis,
812 1098 848 1136 et
884 1093 1057 1149 singulis
1094 1093 1284 1136 tidelihus
1318 1094 1467 1137 tributa
1493 1101 1598 1137 sunt.
1635 1097 1781 1137 §arros

150 1178 249 1221 ergo
282 1176 475 1216 canones,
510 1166 578 1221 qui
625 1163 860 1207 huiusmodi
897 1163 1108 1207 Ecclesiae
1157 1166 1490 1207 constitutionem
1544 1168 1780 1221 respiciunt,

151 1236 283 1291 primo
308 1247 561 1290 cognoscere
585 1239 759 1290 oportet,
779 1239 815 1277 et
838 1233 932 1277 hinc
952 1232 1075 1276 Liber
1103 1233 1143 1277 ΙΙ
1163 1239 1221 1277 est
1248 1236 1470 1290 inscriptus
1499 1234 1554 1277 De
1572 1236 1778 1292 peius-onis:

147 1329 204 1335 ——·
237 1304 394 1348 Deinde
426 1318 530 1360 opus
563 1309 621 1347 est
658 1307 878 1347 memorari
922 1304 1204 1360 Apostolicum
1251 1305 1432 1347 dictum:
1460 1307 1473 1326 ⁸
1523 1321 1542 1345 ((
1577 1306 1681 1348 Deus
1722 1321 1781 1346 se-

147 1376 329 1419 cundum
364 1388 480 1419 suam
519 1376 846 1418 misericordiam
882 1375 1020 1418 salvos
1054 1389 1127 1418 nos
1162 1376 1255 1419 t'ecit
1303 1390 1374 1432 per
1422 1376 1631 1419 lavacrum
1671 1391 1779 1433 rege-

148 1449 431 1500 nerationis,...
481 1452 523 1490 ut
573 1447 780 1490 iustificati
816 1449 946 1503 gratia
984 1449 1123 1503 ipsius,
1165 1446 1339 1489 heredes
1382 1449 1509 1489 simus
1551 1447 1776 1489 secundum

148 1531 262 1574 spem
301 1519 409 1560 vitae
442 1523 698 1560 aeternae».
735 1521 796 1561 Ex
831 1517 982 1574 quibus
1019 1516 1156 1560 verbis
1191 1523 1226 1560 et
1262 1517 1352 1561 aliis
1388 1517 1486 1559 locis
1526 1518 1564 1561 S.
1599 1520 1780 1574 Scriptu-

149 1600 217 1631 rae
251 1588 374 1630 datur
409 1588 580 1644 intelligi
616 1591 653 1631 in
689 1602 771 1646 quo
805 1588 1015 1631 Ecclesiae
1048 1589 1282 1631 aediticatio
1317 1590 1525 1641 consistat,
1560 1602 1706 1645 nempe
1742 1592 1777 1632 in

149 1660 441 1702 iustificatione
475 1661 708 1702 animarum
746 1673 817 1715 pei·
850 1661 1024 1715 gratiam
1065 1658 1125 1702 vel
1163 1661 1199 1701 in
1242 1658 1590 1714 sanctificatione,
1641 1676 1659 1699 <c
1694 1662 1781 1702 sine

148 1741 227 1787 qua
263 1743 383 1772 nemo
421 1729 579 1773 videbit
611 1729 741 1773 Deum
770 1745 789 1770 ))
819 1730 846 1769 ⁴.
884 1729 999 1772 quta
1043 1729 1085 1774 D.
1120 1729 1317 1772 Thomam
1348 1731 1361 1749 ·’·
1406 1730 1650 1773 «Sanctitas
1684 1731 1779 1773 dici-

148 1804 214 1842 tur
248 1814 320 1856 per
352 1812 476 1857 quam
513 1813 629 1843 mens
664 1800 841 1843 hominis
874 1802 1050 1856 seipsam
1087 1805 1124 1843 et
1159 1813 1254 1843 suos
1287 1805 1403 1843 actus
1436 1799 1613 1856 applicat
1651 1804 1777 1844 Deo...

147 1868 319 1928 Oportet
354 1876 489 1915 autem
525 1872 634 1928 quod
678 1885 793 1914 mens
842 1870 894 1915 ab
943 1870 1206 1914 interioribus
1249 1871 1372 1914 rebus
1417 1870 1692 1915 abstrahatur,
1727 1871 1775 1913 ad

149 1942 224 1986 hoc
258 1942 366 2000 quod
401 1955 622 1999 supremae
657 1944 714 1985 rei
765 1941 855 1999 (scl.
908 1941 1009 1998 Deo)
1061 1944 1185 1998 possit
1233 1944 1491 1998 coniungi».
1532 1941 1775 1984 Huiusmodi

146 2013 370 2057 abstractio
401 2027 471 2057 seu
507 2013 645 2057 cordis
679 2013 914 2070 purificatio
959 2017 1017 2056 est
1067 2013 1238 2056 effectus
1286 2012 1396 2063 ndei,
1445 2026 1492 2055 ex
1545 2014 1778 2055 testimonio

147 2083 193 2127 D.
231 2084 362 2128 Petri:
402 2100 422 2125 «
448 2085 528 2128 tide
554 2085 781 2141 purificans
805 2083 931 2127 corda
956 2096 1098 2126 eorum
1125 2099 1144 2124 »
1174 2082 1203 2127 ⁶.
1236 2083 1390 2126 Eadem
1425 2096 1521 2126 vero
1547 2085 1778 2139 puriticatio

146 2155 349 2199 simulac
388 2157 536 2198 mentis
580 2157 753 2212 eiusque
802 2157 969 2198 'actuum
1020 2154 1069 2197 ad
1120 2153 1249 2197 Deum
1298 2154 1519 2210 applicatio
1568 2156 1779 2210 periit-itur

146 2226 361 2281 charitate,
396 2229 508 2270 iuxta
544 2226 669 2270 illud:
692 2225 706 2247 ⁷
746 2241 766 2266 <c
792 2228 861 2284 qui
897 2231 1033 2268 manet
1070 2227 1107 2268 in
1143 2224 1343 2268 charitate
1377 2227 1413 2267 in
1451 2224 1534 2268 Deo
1569 2230 1703 2267 manet
1738 2230 1774 2266 et

147 2296 256 2340 Deus
280 2299 318 2340 in
344 2310 391 2340 eo
409 2315 442 2351 n,
464 2302 501 2340 et
528 2296 639 2340 lesus
662 2297 713 2340 de
735 2298 871 2353 seipso
895 2308 941 2339 ac
967 2296 1016 2339 de
1040 2295 1156 2338 Patre
1188 2297 1266 2338 ait:
1291 2297 1362 2338 «Si
1382 2297 1474 2353 quis
1497 2293 1629 2351 diligit
1656 2308 1775 2338 me...

147 2370 404 2411 mansionem
442 2368 550 2425 apud
588 2381 681 2411 eum
719 2369 963 2410 faciemus»
993 2368 1021 2407 ⁸.
1055 2365 1237 2410 Sollicita
1271 2379 1370 2423 ergo
1414 2365 1534 2410 debet
1577 2379 1664 2409 esse
1709 2379 1776 2421 po-

147 2442 272 2482 testas
305 2438 587 2482 ecelesiastica
620 2439 671 2481 de
703 2437 965 2482 stabiliendis
984 2439 1182 2490 omnium,
1211 2439 1431 2493 praecipue
1459 2435 1776 2480 christianorum

146 2510 294 2552 animis
328 2511 366 2551 in
403 2509 483 2552 tide
516 2514 640 2567 atque
683 2508 900 2561 charitate,
951 2506 1187 2551 adhibendo
1236 2508 1284 2551 ad
1335 2507 1411 2551 hoc
1461 2507 1593 2549 media
1642 2507 1775 2549 eidem

146 2578 296 2622 tradita
329 2591 350 2622 a
387 2578 576 2632 Domino,
609 2592 716 2637 quae
750 2579 916 2623 discere
957 2578 1050 2622 licet
1095 2592 1142 2621 ex
1192 2577 1329 2622 verbis
1370 2577 1543 2621 Christi:
1583 2595 1600 2613 «
1627 2576 1779 2619 Euntes

145 2649 291 2694 docete
324 2663 468 2693 omnes
501 2655 659 2707 gentes,
703 2650 957 2707 baptizantes
990 2663 1134 2702 eos....,
1179 2654 1216 2692 et
1262 2649 1458 2692 docentes
1502 2661 1570 2691 eos
1611 2660 1779 2689 servare

265 2792 275 2813 ¹
303 2790 365 2825 Ad
390 2790 503 2826 Rom.
531 2790 624 2830 XII,
654 2792 686 2826 4.
727 2811 766 2817 -
798 2791 812 2813 '2
849 2792 866 2827 l
893 2791 940 2825 ad
980 2791 1066 2825 Cor.
1108 2790 1198 2826 XII.
1223 2791 1283 2823 25.
1321 2809 1363 2813 ——
1404 2790 1416 2810 ³³
1442 2788 1500 2821 Ad
1529 2788 1674 2821 Titum.
1706 2787 1774 2825 ΙΙΙ,

150 2840 184 2881 5,
213 2838 247 2873 7.
278 2859 316 2864 -
348 2840 360 2860 ⁴
386 2837 448 2872 Ad
473 2837 597 2872 Haeb.
627 2838 719 2878 XII,
743 2839 797 2872 14.
821 2859 862 2864 —
883 2840 896 2860 ὃ
914 2841 968 2871 2³.
989 2839 1063 2871 2³⁰
1084 2848 1118 2881 q.
1140 2836 1326 2877 LXXXI,
1348 2847 1380 2869 a.
1402 2838 1435 2871 ὅ,
1460 2846 1490 2868 c.
1524 2855 1564 2859 —
1593 2836 1603 2851 ·“
1633 2835 1676 2867 l).
1701 2833 1770 2867 Th.

151 2887 209 2920 2.³
235 2887 309 2920 2³0
337 2897 370 2930 q.
397 2885 485 2926 VII,
513 2897 548 2920 a.
576 2887 610 2919 2.
641 2906 682 2910 —
711 2886 724 2908 7
752 2886 766 2919 I
794 2886 932 2920 Ioann.
962 2885 1028 2927 IV,
1054 2884 1107 2917 16.
1137 2902 1180 2910 —
1208 2884 1221 2902 '³'
1248 2883 1384 2917 Ioann.
1414 2881 1520 2921 XIV,
1548 2882 1604 2914 23,
