1950 3313
152 131 199 164 24
721 140 723 142 ·
828 129 1105 164 INTRODUCTIO

153 248 282 292 labori
318 248 528 304 praedicto
561 252 724 304 tempus
758 261 836 290 non
875 252 1006 291 vacat.
1040 247 1149 305 Ergo
1185 247 1248 291 vet
1283 247 1393 291 nulla
1419 248 1502 291 sere
1526 248 1691 302 utilitas,
1714 249 1782 293 vel

155 321 367 362 excusatio
402 319 630 361 manifesta.

268 389 344 432 Sed
381 394 546 433 contra:
573 389 614 432 ln
639 401 729 446 cap.
755 390 778 432 ὃ
806 405 825 430 ((
850 389 900 433 de
924 388 1325 433 constitutionibus»
1354 390 1401 448 (l,
1428 390 1470 447 ⁶2)
1490 389 1652 446 legitur.
1683 389 1784 433 «Ne

150 462 337 503 innitaris
382 460 625 516 prudentiae
670 464 776 505 tuae.
823 460 1070 504 Prudentiae
1112 473 1211 504 suae
1257 463 1456 517 innititur,
1490 463 1558 518 qui
1593 473 1785 518 ea,quae

148 530 224 574 sibi
260 531 419 587 agenda
455 531 520 574 vel
555 531 730 575 dicenda
769 532 976 587 videntur,
1012 531 1178 575 Patrum
1204 532 1382 576 decretis
1402 535 1674 589 praeponit».
1699 532 1777 576 Sed

149 603 202 645 ita
238 602 320 658 liet,
354 604 429 645 nisi
464 607 768 659 cognoscantur
800 616 853 646 ss.
887 615 1067 646 canones
1089 616 1160 646 seu
1187 603 1351 647 Patrum
1379 604 1559 648 decreta.
1579 603 1687 660 Ergo
1711 617 1784 647 eo-

150 685 242 715 rum
276 674 455 729 cognitio
489 677 549 716 est
583 675 829 717 necessaria.

267 742 381 787 Dicta
418 745 455 786 in
493 756 628 800 praec.
662 746 904 802 quaestione
939 757 1016 787 non
1052 744 1215 788 obstant
1244 747 1465 802 quominus
1498 747 1777 789 necessarium

147 817 199 858 sit
231 817 332 858 iuris
365 817 552 858 canonici
587 815 783 858 studium.
819 815 887 858 Ait
919 817 1028 858 enim
1056 814 1099 858 D.
1135 814 1207 858 Th.
1235 817 1275 859 1;
1317 818 1590 872 «ignorantia
1624 818 1776 872 impor-

148 890 204 929 tat
237 887 434 929 scientiae
469 888 761 942 privationem,
785 886 883 929 dum
918 886 1076 930 scilicet
1109 886 1230 930 alicui
1267 887 1381 930 deest
1419 889 1588 930 scientia
1633 900 1780 930 eorum

147 969 252 1014 quae
285 961 405 1013 aptus
439 961 558 1000 natus
600 962 660 1000 est
702 959 821 1002 scire.
870 960 1025 1001 Horum
1070 961 1208 1000 autem
1253 958 1458 1015 quaedam
1493 957 1642 1015 aliquis
1673 960 1785 1002 scire·

148 1031 323 1083 tenetur,
360 1027 426 1071 illa
460 1027 619 1071 scilicet
651 1030 739 1071 sine
772 1041 950 1086 quorum
985 1030 1156 1072 scientia
1182 1042 1260 1072 non
1281 1033 1410 1085 potest
1430 1028 1614 1073 debitum
1640 1034 1777 1073 actum

149 1103 259 1142 recte
292 1111 501 1142 exercere.
538 1098 656 1143 Unde
690 1112 834 1142 omnes
854 1103 1047 1143 tenentur
1065 1101 1171 1143 scire
1190 1101 1467 1143 communiter
1485 1112 1532 1143 ea
1557 1112 1662 1157 quae
1685 1105 1784 1143 sunt:

150 1168 259 1219 fidei,
293 1173 332 1212 et
365 1169 617 1213 universalia
655 1171 754 1212 iuris
790 1175 1037 1227 praecept33
1074 1169 1278 1227 (scilicett
1313 1172 1434 1214 etiam
1474 1183 1579 1228 quae
1614 1184 1663 1214 ex
1691 1173 1783 1214 iure

146 1251 235 1283 can.
272 1253 414 1283 omnes
449 1239 591 1283 fideles
624 1239 822 1297 obligant,
859 1240 969 1284 velut
1005 1241 1055 1284 de
1079 1240 1343 1285 observantia
1369 1243 1616 1284 ieiuniorum
1641 1246 1681 1285 et
1705 1243 1779 1285 fes-

84 1327 93 1338 ·
147 1314 296 1365 torum,
330 1310 381 1354 de
413 1315 769 1354 sacramentorum
805 1314 1093 1355 communium
1127 1314 1403 1369 susceptione,
1446 1312 1573 1369 etc.);
1609 1312 1760 1369 singuli

146 1385 284 1423 autem
320 1393 366 1424 ea
400 1393 506 1439 quae
540 1382 589 1424 ad
625 1395 767 1425 eorum
788 1387 937 1425 statum
967 1382 1029 1425 vel
1054 1383 1234 1426 ollicium
1259 1388 1489 1439 spectant...
1514 1382 1779 1426 Manifestum

146 1455 207 1494 est
240 1455 378 1494 autem
414 1451 522 1508 quod
557 1453 812 1509 quicumque
846 1452 1019 1509 negligit
1053 1452 1206 1496 habere
1243 1453 1305 1496 vel
1342 1454 1478 1497 facere
1501 1453 1539 1496 id
1575 1453 1682 1510 quod
1719 1458 1774 1497 te-

145 1526 267 1565 netur
300 1521 453 1565 habere
490 1522 551 1565 vel
588 1523 738 1573 lacere,
775 1528 918 1579 peccat
952 1529 1120 1579 peccato
1163 1526 1410 1567 omissionis.
1449 1523 1564 1568 Unde
1610 1529 1779 1581 propter

145 1591 441 1648 negligentiam
478 1595 710 1650 ignorantia
745 1607 888 1637 eorum
924 1607 1030 1651 (11136
1062 1594 1212 1652 aliquis
1235 1597 1342 1638 scire
1367 1599 1528 1638 tenetur
1552 1600 1611 1638 est
1636 1607 1780 1651 pecca·

145 1666 260 1715 tum3
296 1676 374 1705 non
410 1668 546 1707 autem
584 1665 811 1721 imputatur
852 1664 1007 1707 homini
1039 1665 1089 1708 ad
1130 1665 1439 1721 negligentiam,
1474 1667 1506 1708 si
1541 1668 1696 1709 nesciat
1729 1678 1776 1709 ea

145 1746 251 1790 quae
285 1736 391 1777 scire
426 1747 504 1777 non
540 1739 714 1791 potest...
748 1735 808 1778 Ex
834 1748 914 1792 quo
944 1740 1053 1792 patet
1092 1736 1286 1793 «quod...
1311 1738 1542 1793 ignorantia
1570 1736 1780 1780 vincibilis

143 1808 204 1846 est
237 1809 468 1860 peccatum,
500 1806 531 1847 si
567 1807 618 1848 sit
651 1819 793 1848 eorum
820 1819 925 1863 quae
949 1806 1098 1864 aliquis
1136 1808 1242 1850 scire
1276 1810 1452 1862 tenetur,
1479 1820 1556 1849 non
1581 1812 1717 1850 autem
1741 1809 1777 1850 si⁴

143 1876 195 1917 sit
228 1887 369 1917 eorum
406 1888 511 1932 quae
544 1878 636 1932 quis
667 1878 774 1919 scire
809 1890 886 1920 11011
924 1881 1147 1920 tenetur».
1183 1876 1300 1921 Unde
1323 1879 1530 1934 sapienter
1553 1877 1655 1920 dixit
1678 1875 1774 1921 Coe-

143 1946 313 1989 lestinus
348 1947 454 2003 Papa
479 1946 520 1990 2;
561 1947 712 1991 «Nulli
757 1948 1019 1992 sacerdotum
1066 1948 1187 1992 liceat
1231 1962 1411 1993 canones
1449 1951 1653 2005 ignorare,
1699 1962 1777 1993 nec

142 2017 368 2074 quidquam
404 2018 540 2061 facere
573 2019 680 2075 quod
720 2019 882 2062 l'atrum
920 2021 1045 2075 possit
1081 2019 1235 2076 regulis
1269 2019 1504 2063 obviare».
1538 2019 1663 2063 Multo
1688 2033 1773 2063 ina-

141 2089 206 2144 gis
241 2087 329 2142 (seu
364 2088 561 2145 amplius)
596 2090 773 2145 idipsum
809 2094 869 2133 est
903 2090 1150 2146 urgendum,
1186 2091 1322 2147 quoad
1369 2090 1583 2147 parochos.
1619 2090 1773 2134 beneti-

141 2160 302 2212 ciarios7
339 2159 567 2216 religiosos,
602 2165 641 2203 et
676 2162 892 2216 praelatos,
929 2161 980 2204 de
1025 2174 1203 2218 quorum
1238 2160 1561 2217 obligationibus
1594 2173 1777 2204 canones

141 2229 280 2283 plures
313 2235 453 2286 agunt,
487 2235 610 2288 atque
645 2233 742 2288 ipsis
775 2234 906 2287 aptari
950 2237 1118 2288 possunt
1144 2232 1287 2275 Leonis
1314 2232 1444 2288 Papae
1472 2231 1598 2275 verba
1619 2232 1648 2274 ²³.
1687 2247 1706 2272 ((
1730 2232 1772 2274 Si

141 2302 179 2343 in
217 2300 347 2344 Laicis
384 2303 449 2344 vix
486 2301 711 2345 tolerabilis
748 2302 911 2345 videtur
945 2305 1133 2346 inscitia:
1168 2308 1321 2360 quanto
1358 2305 1488 2359 inagis
1523 2305 1559 2345 in
1607 2305 1665 2357 iis,
1700 2304 1773 2360 qui>

142 2376 349 2427 praesunt,
384 2385 459 2415 nee
493 2375 760 2415 excusatione
795 2373 919 2429 digna
953 2378 1026 2428 est,
1060 2386 1136 2416 nec
1172 2375 1355 2416 venia».

258 2443 320 2485 Α(Ι
357 2443 409 2485 1¹³²
443 2443 663 2486 dicendum
690 2444 703 2465 4
744 2459 764 2485 ((
788 2444 895 2501 quod
934 2443 994 2487 lex
1031 2456 1138 2487 nova
1174 2443 1247 2501 (sc.
1281 2447 1377 2486 novi
1413 2444 1682 2502 Testamenti)
1731 2447 1773 2488 in

139 2513 415 2557 exterioribus
448 2513 515 2556 illa
550 2513 682 2556 solum
719 2516 957 2571 praecipere
1003 2514 1145 2558 debuit
1183 2515 1243 2558 vel
1282 2514 1516 2571 prohibere,
1552 2529 1624 2572 per
1664 2528 1782 2573 quaen

140 2586 178 2626 in
213 2586 388 2640 gratiam
415 2584 730 2636 introducimur,
759 2585 819 2628 vel
855 2598 959 2642 quae
994 2587 1199 2642 pertinent
1217 2586 1265 2629 ad
1289 2590 1446 2629 rectum
1472 2589 1629 2641 gratiae
1650 2599 1767 2629 usum

138 2668 186 2697 ex
223 2657 479 2698 necessitate.
514 2654 560 2697 Et
595 2658 690 2712 quia
725 2658 900 2710 gratiam
935 2669 984 2699 ex
1020 2655 1137 2699 uobis
1180 2658 1376 2714 consequi
1413 2670 1491 2699 non
1535 2670 1770 2713 possumus,

232 2832 242 2853 1
273 2833 303 2864 1.
341 2832 372 2865 Q.
409 2844 443 2875 q.
482 2831 660 2865 LXXYI.
688 2843 719 2865 a.
747 2833 768 2864 ⁶2
788 2843 888 2876 corp.
910 2852 949 2856 —
971 2832 983 2854 2
1003 2832 1094 2866 Can.
1117 2832 1147 2872 4,
1169 2832 1271 2866 Dist.
1300 2832 1526 2867 XXXVIII.
1555 2854 1597 2858 -—
1624 2834 1637 2853 ³³
1664 2833 1766 2867 Dist.

137 2878 219 2911 ead.
250 2890 332 2912 can.
363 2879 396 2913 3.
427 2898 469 2903 —
496 2880 508 2900 ⁴
558 2878 602 2912 D.
631 2879 702 2912 Th.
735 2881 764 2913 1.
791 2880 824 2912 2.
855 2891 889 2923 q.
919 2879 1057 2913 CVIII.
1087 2891 1141 2913 aa.
1171 2882 1187 2912 1
1217 2884 1256 2914 et
1282 2881 1315 2913 2.
1346 2891 1447 2925 corp.
