1950 3313
165 153 233 187 190
629 149 713 184 LIB.
740 148 784 183 V.
811 167 823 174 ·
852 147 962 181 PARS
987 146 1039 181 ΙΙ.
1068 167 1080 172 -
1106 146 1163 181 De
1187 149 1321 191 poenis
1465 144 1558 180 Can.
1584 144 1792 179 2308-2309

282 270 379 315 14⁶2.
416 268 625 321 Quando
659 273 707 315 et
739 270 952 326 qualiter
993 269 1058 313 sit
1089 268 1226 312 locus
1270 266 1584 322 correptioni.
1618 264 1791 320 Semper

163 354 210 385 ac
243 341 439 384 damnum
478 341 666 387 imminet
697 337 868 382 cuilibet
901 337 953 380 ob
986 336 1127 380 delicti
1152 336 1382 393 periculum
1419 334 1586 381 videtur
1620 336 1794 378 rationa-

162 411 297 456 biliter
321 423 408 453 esse
431 410 641 453 sufficiens
667 411 850 462 monitio,
884 420 965 466 qua
990 407 1088 450 illud
1115 407 1372 461 consideret,
1397 406 1467 449 sed
1492 405 1658 463 quando
1682 405 1794 448 dam-

162 496 258 525 num
295 483 331 523 in
367 482 565 524 societate
600 482 767 536 incepit,
792 484 976 523 meretur
1015 490 1191 522 causans
1223 477 1339 531 illud,
1375 481 1415 520 ut
1440 478 1641 520 sustineat
1674 476 1794 533 quid·

163 564 285 609 quam
320 563 463 607 grave,
499 554 669 607 propter
701 551 810 608 quod
846 552 905 593 sic
941 549 1133 606 providet
1165 562 1255 593 ean.
1288 549 1428 592 2308.
1465 546 1514 590 Si
1537 561 1588 590 er
1611 545 1795 589 alieuius

162 621 490 676 conversatione,
524 623 718 678 quamvis
745 623 851 665 absit
874 620 1088 671 delictum,
1123 619 1162 676 a)
1202 618 1465 672 scandalum,
1504 631 1674 674 nempe:
1699 617 1795 660 alio-

165 707 253 736 rum
290 697 503 749 peccatum
524 706 668 748 grave,
702 692 765 735 vel
799 692 840 749 b)
873 691 1031 748 qravz's,
1056 704 1176 734 secus
1208 692 1240 733 si
1276 690 1379 733 levis
1401 692 1452 733 sit
1475 688 1640 732 ordinis
1664 691 1701 731 in
1727 702 1795 732 ca-

164 763 306 821 pitulo,
333 765 538 820 paroecia,
559 763 762 807 dioecesis
777 762 1044 820 perturbatio
1066 761 1277 816 oriantur,
1303 766 1363 803 est
1387 759 1501 803 loeus
1522 759 1793 817 correptioni,

163 835 290 877 idest:
325 839 456 890 potest
489 833 592 877 haec
626 835 729 888 lieri,
763 846 810 877 ac
844 832 968 877 debet
1000 835 1114 875 iuxta
1149 831 1393 887 prudentiae
1427 831 1549 887 leges,
1584 830 1635 874 ab
1673 829 1795 873 Ordi—

162 905 286 948 nario
310 907 346 958 a)
363 918 439 962 per
470 919 514 947 se
547 904 589 961 b)
608 904 672 947 vel
701 917 778 962 per
810 903 1107 961 interpositam
1128 915 1365 959 personam,
1391 906 1432 944 ut
1467 903 1506 944 in
1541 914 1628 945 can.
1657 914 1793 957 praec.

163 975 421 1020 declaratum
455 977 542 1024 suit,
575 975 646 1019 sed
692 975 758 1019 bic
802 974 992 1018 additur:
1028 973 1155 1016 etiam
1187 986 1264 1030 per
1301 972 1523 1029 epistolam
1556 971 1794 1030 faciendae,

162 1049 258 1104 quia
277 1049 394 1104 quies
417 1049 543 1089 animi
568 1051 607 1089 et
631 1047 873 1102 ponderatio
899 1047 1168 1102 requiruntur
1187 1057 1235 1087 ex
1260 1042 1398 1087 verbis
1415 1056 1522 1101 quae
1540 1047 1793 1099 sequuntur:

159 1117 449 1176 peculiaribus
483 1117 778 1160 aeeornodalae
811 1117 947 1174 quoad
985 1115 1124 1170 verba,
1162 1115 1346 1168 modum,
1375 1119 1451 1159 etc.
1487 1113 1799 1157 conditionibus

166 1188 207 1245 a)
223 1202 430 1246 personae
449 1189 583 1232 forsan
611 1188 727 1231 titulo
752 1187 890 1245 aliquo
914 1187 1220 1240 cohonestatae,
1243 1185 1365 1229 simul
1389 1191 1427 1228 et
1460 1184 1502 1242 b)
1521 1184 1628 1242 faeti
1650 1184 1700 1228 cle
1717 1200 1798 1243 quo

164 1259 508 1316 reprehendendo
542 1259 701 1315 ayitur.

283 1330 529 1386 Exemplum
567 1332 806 1386 praescripti
842 1329 964 1373 buius
996 1333 1121 1386 atque
1159 1340 1249 1372 can.
1294 1333 1447 1384 praec.s
1481 1329 1718 1371 invenimus
1752 1330 1791 1370 in

165 1414 253 1457 cap.
290 1401 313 1443 ⁶2
354 1400 443 1443 «de
479 1402 724 1457 purgatione
772 1402 1012 1444 canonica»
1051 1397 1115 1454 (V,
1150 1398 1192 1455 G2)
1226 1397 1276 1453 X,
1312 1397 1379 1441 nbi
1414 1399 1614 1454 scriptum
1651 1402 1710 1441 est
1743 1411 1793 1441 ex

164 1471 287 1516 Conc.
322 1471 573 1527 Agatbensi:
614 1471 690 1514 «Si
726 1473 819 1528 quis
853 1470 1071 1527 presbyter
1110 1469 1325 1525 negligens
1371 1471 1478 1511 vitae
1512 1481 1625 1519 suae,
1656 1470 1797 1524 pravis

165 1542 367 1599 exemplis
401 1542 508 1585 mala
542 1543 593 1586 de
624 1556 667 1585 se
700 1544 901 1599 suspicari
929 1543 1163 1599 permiserit
1196 1540 1262 1597 (eu
1300 1543 1401 1583 ratio
1434 1545 1542 1584 can.⁸
1575 1539 1729 1595 2307):
1757 1543 1796 1582 et

166 1613 341 1670 populus
375 1613 426 1656 ab
458 1613 662 1670 Episcopo
698 1615 929 1656 iuramento
962 1626 1034 1655 seu
1069 1611 1204 1655 banno
1231 1610 1542 1654 christianitatis
1575 1610 1798 1653 adstrictus

165 1685 375 1728 infamiam
414 1686 503 1727 eius
537 1685 792 1740 patefecerit,
826 1685 1012 1740 certique
1055 1686 1319 1726 accusatores
1362 1683 1548 1724 criminis
1595 1683 1684 1724 eius
1727 1681 1797 1724 de-

164 1756 316 1798 fuerint
336 1772 343 1797 :
369 1755 644 1798 admoneatur
669 1757 801 1811 primo
824 1768 1010 1798 seorsum
1036 1753 1086 1797 ab
1109 1753 1337 1810 Episcopo:
1362 1752 1513 1795 deinde
1536 1751 1612 1795 sub
1636 1751 1800 1795 duobus

168 1826 232 1869 vel
267 1824 400 1868 tribus
435 1824 620 1875 testibus,
654 1830 691 1868 et
726 1828 756 1868 si
793 1838 871 1868 non
907 1825 1208 1878 emendaverit,
1245 1826 1464 1880 episcopus
1496 1836 1590 1866 eum
1634 1822 1796 1879 publica

165 1899 448 1953 increpatione
481 1897 758 1942 admoneat».
795 1896 843 1940 Et
877 1897 980 1939 infra
1014 1895 1228 1940 subditur:
1268 1911 1290 1936 «
1313 1909 1363 1938 ne
1399 1894 1573 1951 populus
1612 1893 1796 1937 lidelium

166 1970 204 2010 in
239 1981 287 2011 eo
320 1967 563 2010 scandalum
601 1970 838 2024 patiatur».
872 1967 988 2021 Quae
1023 1968 1096 2010 tuit
1129 1979 1253 2009 causa
1287 1978 1377 2010 can.
1414 1965 1539 2010 2308.

288 2038 383 2082 143.
421 2039 608 2084 Divisio
652 2041 908 2096 utriusque
950 2040 1154 2084 remedii
1193 2052 1252 2084 ac
1294 2040 1467 2083 modus
1510 2039 1798 2083 servandus.

166 2109 385 2152 instructio
418 2112 542 2152 citata
578 2110 752 2165 provide
785 2110 1082 2153 animadvertit
1115 2108 1192 2152 sub
1225 2121 1263 2151 n.
1304 2124 1322 2148 c<
1349 2107 1410 2150 lll.
1440 2105 1726 2151 Conscientiae
1758 2111 1798 2150 et

169 2179 414 2236 prudentiae
448 2176 658 2223 Ordinarii
695 2179 840 2222 horum
877 2180 1156 2222 remediorum
1192 2178 1393 2222 incumbit
1425 2177 1660 2234 applicatio,
1685 2179 1797 2221 iuxta

167 2262 370 2293 canonum
409 2252 757 2306 praescriptiones
791 2255 830 2292 et
861 2262 1031 2293 casuum
1078 2249 1453 2305 adiuncturumque
1489 2250 1796 2304 gravitatem».

168 2318 286 2373 Quod
324 2322 446 2363 etiam
492 2333 601 2363 nuuc
649 2334 792 2363 verum
827 2324 902 2363 est.
927 2319 1099 2376 Insuper
1133 2319 1282 2375 legitur
1316 2321 1354 2361 in
1390 2332 1426 2364 n.
1468 2334 1488 2359 ((
1511 2317 1552 2361 V.
1588 2318 1672 2361 Has
1707 2332 1797 2374 pro-

168 2392 348 2434 visiones
383 2391 635 2446 praecedere
669 2390 793 2434 debet
825 2393 1053 2434 summaria
1088 2390 1181 2433 tacti
1215 2392 1411 2445 cognitio,
1446 2402 1551 2446 quae
1590 2389 1641 2433 ab
1674 2387 1797 2434 Ordi-

168 2463 284 2504 nario
317 2461 497 2504 notanda
530 2466 604 2517 est,
625 2466 668 2504 ut
702 2461 757 2504 ad
791 2461 1000 2504 ulteriora
1024 2460 1266 2517 procedere,
1300 2465 1504 2517 quatenus
1537 2474 1639 2516 opus
1671 2463 1734 2511 sit,
1760 2464 1800 2503 et

167 2534 388 2575 certiorem
424 2532 600 2575 reddere
633 2537 757 2589 queat
789 2534 1047 2588 superiorem
1080 2530 1381 2574 Auctoritatem
1417 2533 1454 2573 in
1489 2543 1585 2574 casu
1626 2531 1798 2587 legitimi

169 2615 420 2646 recursus».
444 2602 532 2646 Hoc
556 2606 753 2659 tanquam
779 2615 921 2645 norma
947 2602 1150 2645 directiva
1185 2601 1296 2644 utilis
1318 2606 1570 2645 servaretur.
1596 2617 1617 2642 α
1639 2600 1699 2643 Vl.
1724 2600 1797 2644 Ca-

169 2675 341 2716 nonicae
367 2675 613 2716 monitiones
642 2674 743 2716 tiunt
766 2675 855 2716 sive
889 2675 928 2716 in
954 2674 1085 2716 forma
1120 2677 1289 2729 paterna
1313 2677 1352 2715 et
1384 2677 1558 2725 secreta,
1579 2673 1701 2715 etiam
1729 2684 1800 2727 per

168 2744 383 2800 epistolam
417 2748 487 2787 aut.
521 2757 593 2800 per
628 2746 909 2800 interpositam
947 2757 1179 2800 personam,
1212 2745 1301 2786 sive
1336 2746 1372 2786 in
1409 2744 1539 2786 forma
1573 2741 1710 2798 legali,
1745 2744 1797 2785 ita

170 2819 306 2858 tamen
343 2819 386 2857 nt
419 2815 469 2858 de
503 2815 746 2858 earumdem
780 2817 1025 2858 executione
1059 2818 1217 2857 constet
1249 2828 1296 2857 ex
1333 2814 1470 2871 aliquo
1504 2817 1655 2856 actu».
1830 2868 1834 2871 ἱ

288 2884 351 2929 Ab
375 2885 452 2928 boc
476 2899 648 2928 numero
673 2887 815 2941 incipit
839 2899 928 2928 etin.
953 2886 1093 2929 2309.
1118 2887 1195 2939 §L
1228 2884 1323 2927 Tam
1343 2883 1515 2927 monitio
1535 2883 1642 2940 (can.
1664 2882 1796 2940 9307)
