<?xml version="1.0" encoding="UTF-8"?>
<!DOCTYPE html PUBLIC "-//W3C//DTD XHTML 1.0 Transitional//EN"
    "http://www.w3.org/TR/xhtml1/DTD/xhtml1-transitional.dtd">
<html xmlns="http://www.w3.org/1999/xhtml" xml:lang="en" lang="en">
 <head>
  <title>
</title>
<meta http-equiv="Content-Type" content="text/html;charset=utf-8" />
  <meta name='ocr-system' content='tesseract 3.04.00' />
  <meta name='ocr-capabilities' content='ocr_page ocr_carea ocr_par ocr_line ocrx_word'/>
</head>
<body>
  <div class='ocr_page' id='page_1' title='image "./commentariumtext01blatuoft_0246.png"; bbox 0 0 1950 3313; ppageno 0'>
   <div class='ocr_carea' id='block_1_1' title="bbox 136 134 1774 179">
    <p class='ocr_par' dir='ltr' id='par_1_1' title="bbox 136 134 1774 179">
     <span class='ocr_line' id='line_1_1' title="bbox 136 134 1774 179; baseline 0.001 -9"><span class='ocrx_word' id='word_1_1' title='bbox 136 136 207 170; x_wconf 76' lang='lat'>234</span> <span class='ocrx_word' id='word_1_2' title='bbox 508 135 595 168; x_wconf 74' lang='lat' dir='ltr'>Lm.</span> <span class='ocrx_word' id='word_1_3' title='bbox 619 134 663 168; x_wconf 88' lang='lat' dir='ltr'>V.</span> <span class='ocrx_word' id='word_1_4' title='bbox 685 154 697 160; x_wconf 91' lang='lat'>-</span> <span class='ocrx_word' id='word_1_5' title='bbox 715 134 827 168; x_wconf 75' lang='lat' dir='ltr'>PARS</span> <span class='ocrx_word' id='word_1_6' title='bbox 846 134 919 168; x_wconf 80' lang='grc' dir='ltr'><strong>ΙΙΙ.</strong></span> <span class='ocrx_word' id='word_1_7' title='bbox 942 155 954 160; x_wconf 99' lang='grc'>-</span> <span class='ocrx_word' id='word_1_8' title='bbox 973 134 1029 169; x_wconf 84' lang='lat' dir='ltr'>De</span> <span class='ocrx_word' id='word_1_9' title='bbox 1045 138 1179 179; x_wconf 77' lang='lat' dir='ltr'>poenis</span> <span class='ocrx_word' id='word_1_10' title='bbox 1198 138 1241 170; x_wconf 79' lang='lat' dir='ltr'>in</span> <span class='ocrx_word' id='word_1_11' title='bbox 1258 136 1401 170; x_wconf 75' lang='lat' dir='ltr'>delicta</span> <span class='ocrx_word' id='word_1_12' title='bbox 1450 135 1543 171; x_wconf 68' lang='lat' dir='ltr'>sau.</span> <span class='ocrx_word' id='word_1_13' title='bbox 1570 135 1774 171; x_wconf 79' lang='lat'>2341-2342</span> 
     </span>
    </p>
   </div>
   <div class='ocr_carea' id='block_1_2' title="bbox 163 191 1028 207">
    <p class='ocr_par' dir='ltr' id='par_1_2' title="bbox 163 191 1028 207">
     <span class='ocr_line' id='line_1_2' title="bbox 163 191 1028 207; baseline 0 0"><span class='ocrx_word' id='word_1_14' title='bbox 163 191 1028 207; x_wconf 95' lang='lat' dir='ltr'> </span> 
     </span>
    </p>
   </div>
   <div class='ocr_carea' id='block_1_3' title="bbox 116 253 1776 2929">
    <p class='ocr_par' dir='ltr' id='par_1_3' title="bbox 116 253 1776 1302">
     <span class='ocr_line' id='line_1_3' title="bbox 133 253 1775 312; baseline 0 -14"><span class='ocrx_word' id='word_1_15' title='bbox 133 254 392 312; x_wconf 71' lang='lat' dir='ltr'>reliyionum</span> <span class='ocrx_word' id='word_1_16' title='bbox 415 255 538 297; x_wconf 86' lang='lat' dir='ltr'>etiam</span> <span class='ocrx_word' id='word_1_17' title='bbox 569 253 793 308; x_wconf 72' lang='lat' dir='ltr'>laicalium,</span> <span class='ocrx_word' id='word_1_18' title='bbox 824 257 863 296; x_wconf 92' lang='lat' dir='ltr'>et</span> <span class='ocrx_word' id='word_1_19' title='bbox 887 267 967 297; x_wconf 91' lang='lat' dir='ltr'>non</span> <span class='ocrx_word' id='word_1_20' title='bbox 1002 259 1306 311; x_wconf 86' lang='lat' dir='ltr'>exemptarum,</span> <span class='ocrx_word' id='word_1_21' title='bbox 1339 255 1410 298; x_wconf 91' lang='lat' dir='ltr'>sed</span> <span class='ocrx_word' id='word_1_22' title='bbox 1436 254 1546 297; x_wconf 86' lang='lat' dir='ltr'>iuris</span> <span class='ocrx_word' id='word_1_23' title='bbox 1566 254 1775 312; x_wconf 83' lang='lat' dir='ltr'>pontificii</span> 
     </span>
     <span class='ocr_line' id='line_1_4' title="bbox 136 323 1774 382; baseline 0 -13"><span class='ocrx_word' id='word_1_24' title='bbox 136 330 300 369; x_wconf 90' lang='lat' dir='ltr'>tantum</span> <span class='ocrx_word' id='word_1_25' title='bbox 327 323 640 382; x_wconf 75' lang='lat' dir='ltr'><em>Superioribus,</em></span> <span class='ocrx_word' id='word_1_26' title='bbox 664 324 1136 367; x_wconf 67' lang='lat' dir='ltr'>excommicnieationem</span> <span class='ocrx_word' id='word_1_27' title='bbox 1160 325 1276 368; x_wconf 82' lang='lat' dir='ltr'>latae</span> <span class='ocrx_word' id='word_1_28' title='bbox 1298 325 1533 368; x_wconf 82' lang='lat' dir='ltr'>sententiae</span> <span class='ocrx_word' id='word_1_29' title='bbox 1556 324 1654 369; x_wconf 84' lang='lat' dir='ltr'>Sedi</span> <span class='ocrx_word' id='word_1_30' title='bbox 1670 324 1774 382; x_wconf 82' lang='lat' dir='ltr'>Apo-</span> 
     </span>
     <span class='ocr_line' id='line_1_5' title="bbox 129 394 1776 453; baseline 0.001 -15"><span class='ocrx_word' id='word_1_31' title='bbox 129 395 253 438; x_wconf 77' lang='lat' dir='ltr'>stolie</span> <span class='ocrx_word' id='word_1_32' title='bbox 265 409 314 437; x_wconf 82' lang='lat' dir='ltr'>ue</span> <span class='ocrx_word' id='word_1_33' title='bbox 347 394 604 452; x_wconf 79' lang='lat' dir='ltr'>simpliciter</span> <span class='ocrx_word' id='word_1_34' title='bbox 635 400 898 438; x_wconf 77' lang='lat' dir='ltr'>reservatum</span> <span class='ocrx_word' id='word_1_35' title='bbox 921 395 1095 452; x_wconf 78' lang='lat' dir='ltr'>supple:</span> <span class='ocrx_word' id='word_1_36' title='bbox 1122 396 1341 440; x_wconf 73' lang='lat' dir='ltr'>contrahit.</span> <span class='ocrx_word' id='word_1_37' title='bbox 1363 421 1420 428; x_wconf 91' lang='lat'>—</span> <span class='ocrx_word' id='word_1_38' title='bbox 1444 396 1580 453; x_wconf 81' lang='lat' dir='ltr'>Atque</span> <span class='ocrx_word' id='word_1_39' title='bbox 1612 395 1776 439; x_wconf 82' lang='lat' dir='ltr'>demum</span> 
     </span>
     <span class='ocr_line' id='line_1_6' title="bbox 131 463 1767 524; baseline -0.001 -15"><span class='ocrx_word' id='word_1_40' title='bbox 131 467 183 520; x_wconf 82' lang='lat' dir='ltr'>si,</span> <span class='ocrx_word' id='word_1_41' title='bbox 219 466 289 508; x_wconf 94' lang='grc'>1110</span> <span class='ocrx_word' id='word_1_42' title='bbox 328 479 410 509; x_wconf 90' lang='lat' dir='ltr'>non</span> <span class='ocrx_word' id='word_1_43' title='bbox 444 464 612 509; x_wconf 80' lang='lat' dir='ltr'>obtenta</span> <span class='ocrx_word' id='word_1_44' title='bbox 646 464 695 508; x_wconf 80' lang='lat' dir='ltr'>ab</span> <span class='ocrx_word' id='word_1_45' title='bbox 733 463 968 509; x_wconf 82' lang='lat' dir='ltr'>Ordinario</span> <span class='ocrx_word' id='word_1_46' title='bbox 1003 465 1085 509; x_wconf 76' lang='lat' dir='ltr'>loci</span> <span class='ocrx_word' id='word_1_47' title='bbox 1122 469 1205 509; x_wconf 78' lang='grc'>((11)</span> <span class='ocrx_word' id='word_1_48' title='bbox 1240 480 1321 524; x_wconf 89' lang='lat' dir='ltr'>quo</span> <span class='ocrx_word' id='word_1_49' title='bbox 1355 479 1479 510; x_wconf 90' lang='lat' dir='ltr'>causa</span> <span class='ocrx_word' id='word_1_50' title='bbox 1519 469 1767 523; x_wconf 76' lang='lat' dir='ltr'>peragitur»</span> 
     </span>
     <span class='ocr_line' id='line_1_7' title="bbox 134 535 1771 594; baseline 0 -14"><span class='ocrx_word' id='word_1_51' title='bbox 134 536 244 594; x_wconf 88' lang='grc'>(031).</span> <span class='ocrx_word' id='word_1_52' title='bbox 284 536 381 591; x_wconf 87' lang='grc'>120,</span> <span class='ocrx_word' id='word_1_53' title='bbox 415 538 440 590; x_wconf 65' lang='lat' dir='ltr'>{s</span> <span class='ocrx_word' id='word_1_54' title='bbox 475 535 517 593; x_wconf 89' lang='grc'>2)</span> <span class='ocrx_word' id='word_1_55' title='bbox 553 535 743 590; x_wconf 82' lang='lat' dir='ltr'>licentia,</span> <span class='ocrx_word' id='word_1_56' title='bbox 771 535 905 579; x_wconf 83' lang='lat' dir='ltr'>alium</span> <span class='ocrx_word' id='word_1_57' title='bbox 937 535 978 594; x_wconf 90' lang='lat' dir='ltr'>a)</span> <span class='ocrx_word' id='word_1_58' title='bbox 1009 550 1233 594; x_wconf 74' lang='lat' dir='ltr'>personam</span> <span class='ocrx_word' id='word_1_59' title='bbox 1271 541 1434 593; x_wconf 86' lang='lat' dir='ltr'>praeter</span> <span class='ocrx_word' id='word_1_60' title='bbox 1468 537 1700 593; x_wconf 84' lang='lat' dir='ltr'>praedictas</span> <span class='ocrx_word' id='word_1_61' title='bbox 1733 539 1771 580; x_wconf 91' lang='lat' dir='ltr'>in</span> 
     </span>
     <span class='ocr_line' id='line_1_8' title="bbox 131 606 1773 666; baseline 0 -16"><span class='ocrx_word' id='word_1_62' title='bbox 131 607 295 651; x_wconf 88' lang='lat' dir='ltr'>duabus</span> <span class='ocrx_word' id='word_1_63' title='bbox 333 606 681 663; x_wconf 77' lang='lat' dir='ltr'>praecedentibus</span> <span class='ocrx_word' id='word_1_64' title='bbox 714 609 884 651; x_wconf 89' lang='lat' dir='ltr'>canonis</span> <span class='ocrx_word' id='word_1_65' title='bbox 918 607 1105 664; x_wconf 88' lang='lat' dir='ltr'>partibus</span> <span class='ocrx_word' id='word_1_66' title='bbox 1140 607 1182 665; x_wconf 92' lang='lat' dir='ltr'>b)</span> <span class='ocrx_word' id='word_1_67' title='bbox 1203 607 1430 665; x_wconf 72' lang='lat' dir='ltr'>privileyio</span> <span class='ocrx_word' id='word_1_68' title='bbox 1452 607 1541 666; x_wconf 83' lang='lat' dir='ltr'>fori</span> <span class='ocrx_word' id='word_1_69' title='bbox 1562 606 1773 666; x_wconf 72' lang='lat' dir='ltr'>fruentem</span> 
     </span>
     <span class='ocr_line' id='line_1_9' title="bbox 134 677 1769 734; baseline 0.001 -14"><span class='ocrx_word' id='word_1_70' title='bbox 134 679 248 720; x_wconf 88' lang='lat' dir='ltr'>iuxta</span> <span class='ocrx_word' id='word_1_71' title='bbox 284 680 631 720; x_wconf 90' lang='lat' dir='ltr'>commentarium</span> <span class='ocrx_word' id='word_1_72' title='bbox 670 680 706 720; x_wconf 90' lang='lat' dir='ltr'>in</span> <span class='ocrx_word' id='word_1_73' title='bbox 743 677 1022 734; x_wconf 74' lang='lat' dir='ltr'>explicatione</span> <span class='ocrx_word' id='word_1_74' title='bbox 1055 691 1260 722; x_wconf 89' lang='lat' dir='ltr'>canonum</span> <span class='ocrx_word' id='word_1_75' title='bbox 1298 678 1394 734; x_wconf 92' lang='grc'>120,</span> <span class='ocrx_word' id='word_1_76' title='bbox 1432 678 1530 734; x_wconf 83' lang='grc'>614,</span> <span class='ocrx_word' id='word_1_77' title='bbox 1565 678 1663 734; x_wconf 90' lang='grc'>680,</span> <span class='ocrx_word' id='word_1_78' title='bbox 1697 691 1769 734; x_wconf 91' lang='lat' dir='ltr'>pu-</span> 
     </span>
     <span class='ocr_line' id='line_1_10' title="bbox 134 747 1770 806; baseline 0.001 -16"><span class='ocrx_word' id='word_1_79' title='bbox 134 750 244 791; x_wconf 90' lang='lat' dir='ltr'>nitur</span> <span class='ocrx_word' id='word_1_80' title='bbox 277 750 336 791; x_wconf 89' lang='lat' dir='ltr'>sic</span> <span class='ocrx_word' id='word_1_81' title='bbox 370 748 619 805; x_wconf 80' lang='lat' dir='ltr'>delinquens</span> <span class='ocrx_word' id='word_1_82' title='bbox 654 753 695 792; x_wconf 91' lang='lat' dir='ltr'>ut</span> <span class='ocrx_word' id='word_1_83' title='bbox 728 761 868 805; x_wconf 88' lang='lat' dir='ltr'>supra,</span> <span class='ocrx_word' id='word_1_84' title='bbox 892 748 969 792; x_wconf 93' lang='lat' dir='ltr'>sub</span> <span class='ocrx_word' id='word_1_85' title='bbox 1002 749 1289 793; x_wconf 89' lang='lat' dir='ltr'>distinctione:</span> <span class='ocrx_word' id='word_1_86' title='bbox 1325 750 1363 806; x_wconf 77' lang='grc'>3)</span> <span class='ocrx_word' id='word_1_87' title='bbox 1394 748 1572 792; x_wconf 77' lang='lat' dir='ltr'>clericus</span> <span class='ocrx_word' id='word_1_88' title='bbox 1605 747 1770 806; x_wconf 84' lang='lat' dir='ltr'>quidem</span> 
     </span>
     <span class='ocr_line' id='line_1_11' title="bbox 132 818 1767 878; baseline 0.001 -17"><span class='ocrx_word' id='word_1_89' title='bbox 132 819 317 877; x_wconf 74' lang='lat' dir='ltr'>incurrit</span> <span class='ocrx_word' id='word_1_90' title='bbox 361 818 452 877; x_wconf 82' lang='lat' dir='ltr'>ipso</span> <span class='ocrx_word' id='word_1_91' title='bbox 495 818 610 877; x_wconf 81' lang='lat' dir='ltr'>sueto</span> <span class='ocrx_word' id='word_1_92' title='bbox 644 819 687 862; x_wconf 87' lang='lat' dir='ltr'>in</span> <span class='ocrx_word' id='word_1_93' title='bbox 721 818 1037 877; x_wconf 74' lang='lat' dir='ltr'>suspensionem</span> <span class='ocrx_word' id='word_1_94' title='bbox 1071 819 1120 862; x_wconf 80' lang='lat' dir='ltr'>ab</span> <span class='ocrx_word' id='word_1_95' title='bbox 1153 820 1307 878; x_wconf 81' lang='lat' dir='ltr'>officio,</span> <span class='ocrx_word' id='word_1_96' title='bbox 1341 822 1459 863; x_wconf 87' lang='lat' dir='ltr'>cuius</span> <span class='ocrx_word' id='word_1_97' title='bbox 1502 820 1672 863; x_wconf 81' lang='lat' dir='ltr'>effectus</span> <span class='ocrx_word' id='word_1_98' title='bbox 1705 833 1767 862; x_wconf 86' lang='lat' dir='ltr'>re-</span> 
     </span>
     <span class='ocr_line' id='line_1_12' title="bbox 116 889 1767 948; baseline 0.001 -15"><span class='ocrx_word' id='word_1_99' title='bbox 116 895 272 933; x_wconf 81' lang='lat' dir='ltr'>censet</span> <span class='ocrx_word' id='word_1_100' title='bbox 306 902 396 933; x_wconf 89' lang='grc'>031).</span> <span class='ocrx_word' id='word_1_101' title='bbox 433 889 561 945; x_wconf 87' lang='grc'>2279,</span> <span class='ocrx_word' id='word_1_102' title='bbox 595 890 790 947; x_wconf 80' lang='lat' dir='ltr'>equidem</span> <span class='ocrx_word' id='word_1_103' title='bbox 826 889 1034 933; x_wconf 88' lang='lat' dir='ltr'>intellecto</span> <span class='ocrx_word' id='word_1_104' title='bbox 1066 903 1188 933; x_wconf 85' lang='lat' dir='ltr'>sensu</span> <span class='ocrx_word' id='word_1_105' title='bbox 1224 890 1303 934; x_wconf 90' lang='lat' dir='ltr'>lato</span> <span class='ocrx_word' id='word_1_106' title='bbox 1328 890 1436 948; x_wconf 89' lang='lat' dir='ltr'>(can.</span> <span class='ocrx_word' id='word_1_107' title='bbox 1464 891 1579 947; x_wconf 79' lang='lat'>145),</span> <span class='ocrx_word' id='word_1_108' title='bbox 1603 903 1653 934; x_wconf 92' lang='lat' dir='ltr'>ne</span> <span class='ocrx_word' id='word_1_109' title='bbox 1686 889 1767 934; x_wconf 89' lang='lat' dir='ltr'>cle-</span> 
     </span>
     <span class='ocr_line' id='line_1_13' title="bbox 133 960 1766 1019; baseline 0 -16"><span class='ocrx_word' id='word_1_110' title='bbox 133 964 243 1005; x_wconf 91' lang='lat' dir='ltr'>ricus</span> <span class='ocrx_word' id='word_1_111' title='bbox 276 961 527 1019; x_wconf 87' lang='lat' dir='ltr'>quandoque</span> <span class='ocrx_word' id='word_1_112' title='bbox 568 963 794 1017; x_wconf 90' lang='lat' dir='ltr'>impunitus</span> <span class='ocrx_word' id='word_1_113' title='bbox 838 966 1063 1006; x_wconf 78' lang='lat' dir='ltr'>remaneat.</span> <span class='ocrx_word' id='word_1_114' title='bbox 1096 966 1356 1003; x_wconf 75' lang='lat' dir='ltr'>reservatam</span> <span class='ocrx_word' id='word_1_115' title='bbox 1394 960 1626 1004; x_wconf 81' lang='lat' dir='ltr'>Ordinario</span> <span class='ocrx_word' id='word_1_116' title='bbox 1660 961 1766 1017; x_wconf 83' lang='lat' dir='ltr'>(can.</span> 
     </span>
     <span class='ocr_line' id='line_1_14' title="bbox 132 1031 1770 1090; baseline -0.001 -15"><span class='ocrx_word' id='word_1_117' title='bbox 132 1032 259 1087; x_wconf 76' lang='grc'>2253,</span> <span class='ocrx_word' id='word_1_118' title='bbox 294 1031 373 1090; x_wconf 85' lang='grc'>30),</span> <span class='ocrx_word' id='word_1_119' title='bbox 408 1031 451 1089; x_wconf 88' lang='grc'>1))</span> <span class='ocrx_word' id='word_1_120' title='bbox 486 1031 622 1074; x_wconf 80' lang='lat' dir='ltr'>laicus</span> <span class='ocrx_word' id='word_1_121' title='bbox 665 1036 805 1074; x_wconf 75' lang='lat' dir='ltr'>autent</span> <span class='ocrx_word' id='word_1_122' title='bbox 850 1031 1048 1088; x_wconf 71' lang='lat' dir='ltr'>eonqruis</span> <span class='ocrx_word' id='word_1_123' title='bbox 1087 1031 1235 1089; x_wconf 86' lang='lat' dir='ltr'>poenis</span> <span class='ocrx_word' id='word_1_124' title='bbox 1265 1045 1344 1090; x_wconf 80' lang='lat' dir='ltr'>pro</span> <span class='ocrx_word' id='word_1_125' title='bbox 1374 1032 1590 1088; x_wconf 71' lang='lat' dir='ltr'>qruvitute</span> <span class='ocrx_word' id='word_1_126' title='bbox 1622 1031 1770 1089; x_wconf 80' lang='lat' dir='ltr'>eulpae</span> 
     </span>
     <span class='ocr_line' id='line_1_15' title="bbox 130 1102 1765 1159; baseline 0 -14"><span class='ocrx_word' id='word_1_127' title='bbox 130 1117 156 1146; x_wconf 87' lang='lat' dir='ltr'>u</span> <span class='ocrx_word' id='word_1_128' title='bbox 187 1103 364 1159; x_wconf 77' lang='lat' dir='ltr'>proprio</span> <span class='ocrx_word' id='word_1_129' title='bbox 404 1102 638 1146; x_wconf 74' lang='lat' dir='ltr'>Orclinario</span> <span class='ocrx_word' id='word_1_130' title='bbox 670 1102 720 1146; x_wconf 90' lang='lat' dir='ltr'>ad</span> <span class='ocrx_word' id='word_1_131' title='bbox 766 1115 954 1146; x_wconf 90' lang='lat' dir='ltr'>normam</span> <span class='ocrx_word' id='word_1_132' title='bbox 998 1115 1088 1146; x_wconf 91' lang='lat' dir='ltr'>can.</span> <span class='ocrx_word' id='word_1_133' title='bbox 1126 1104 1223 1158; x_wconf 82' lang='lat'>198,</span> <span class='ocrx_word' id='word_1_134' title='bbox 1260 1104 1288 1159; x_wconf 54' lang='grc' dir='ltr'><strong>ξ</strong></span> <span class='ocrx_word' id='word_1_135' title='bbox 1323 1103 1338 1145; x_wconf 92' lang='grc'>1</span> <span class='ocrx_word' id='word_1_136' title='bbox 1378 1103 1598 1157; x_wconf 74' lang='lat' dir='ltr'>puniatur.</span> <span class='ocrx_word' id='word_1_137' title='bbox 1632 1102 1765 1146; x_wconf 89' lang='lat' dir='ltr'>Poena</span> 
     </span>
     <span class='ocr_line' id='line_1_16' title="bbox 130 1173 1767 1231; baseline -0.001 -14"><span class='ocrx_word' id='word_1_138' title='bbox 130 1174 447 1217; x_wconf 84' lang='lat' dir='ltr'>indeterminata</span> <span class='ocrx_word' id='word_1_139' title='bbox 482 1179 540 1217; x_wconf 93' lang='lat' dir='ltr'>est</span> <span class='ocrx_word' id='word_1_140' title='bbox 574 1186 621 1216; x_wconf 79' lang='lat' dir='ltr'>ac</span> <span class='ocrx_word' id='word_1_141' title='bbox 655 1175 874 1217; x_wconf 79' lang='lat' dir='ltr'>enunciata</span> <span class='ocrx_word' id='word_1_142' title='bbox 911 1176 1189 1230; x_wconf 89' lang='lat' dir='ltr'>praeceptivis</span> <span class='ocrx_word' id='word_1_143' title='bbox 1224 1173 1363 1217; x_wconf 90' lang='lat' dir='ltr'>verbis</span> <span class='ocrx_word' id='word_1_144' title='bbox 1397 1174 1504 1231; x_wconf 89' lang='lat' dir='ltr'>(can.</span> <span class='ocrx_word' id='word_1_145' title='bbox 1527 1173 1656 1228; x_wconf 89' lang='grc'>2217,</span> <span class='ocrx_word' id='word_1_146' title='bbox 1679 1177 1704 1229; x_wconf 65' lang='lat' dir='ltr'>g</span> <span class='ocrx_word' id='word_1_147' title='bbox 1729 1175 1767 1223; x_wconf 83' lang='lat'>1,</span> 
     </span>
     <span class='ocr_line' id='line_1_17' title="bbox 134 1244 486 1302; baseline 0.006 -16"><span class='ocrx_word' id='word_1_148' title='bbox 134 1246 187 1300; x_wconf 79' lang='lat'>1⁰,</span> <span class='ocrx_word' id='word_1_149' title='bbox 225 1245 336 1288; x_wconf 83' lang='grc'>2223</span> <span class='ocrx_word' id='word_1_150' title='bbox 369 1246 396 1302; x_wconf 59' lang='grc' dir='ltr'>ξ</span> <span class='ocrx_word' id='word_1_151' title='bbox 430 1244 486 1302; x_wconf 82' lang='lat'>3).</span> 
     </span>
    </p>

    <p class='ocr_par' dir='ltr' id='par_1_4' title="bbox 123 1316 1766 2435">
     <span class='ocr_line' id='line_1_18' title="bbox 250 1316 1766 1372; baseline 0.001 -13"><span class='ocrx_word' id='word_1_152' title='bbox 250 1316 599 1359; x_wconf 88' lang='lat' dir='ltr'>Animadvertere</span> <span class='ocrx_word' id='word_1_153' title='bbox 632 1320 793 1372; x_wconf 86' lang='lat' dir='ltr'>oportet</span> <span class='ocrx_word' id='word_1_154' title='bbox 815 1316 1037 1372; x_wconf 84' lang='lat' dir='ltr'>diligenter</span> <span class='ocrx_word' id='word_1_155' title='bbox 1059 1319 1503 1360; x_wconf 79' lang='lat' dir='ltr'>excommunicationis</span> <span class='ocrx_word' id='word_1_156' title='bbox 1538 1316 1642 1360; x_wconf 84' lang='lat' dir='ltr'>latae</span> <span class='ocrx_word' id='word_1_157' title='bbox 1674 1330 1766 1361; x_wconf 89' lang='lat' dir='ltr'>sen-</span> 
     </span>
     <span class='ocr_line' id='line_1_19' title="bbox 130 1386 1763 1443; baseline 0 -13"><span class='ocrx_word' id='word_1_158' title='bbox 130 1389 284 1430; x_wconf 88' lang='lat' dir='ltr'>tentiae</span> <span class='ocrx_word' id='word_1_159' title='bbox 320 1389 643 1430; x_wconf 86' lang='lat' dir='ltr'>reservationem</span> <span class='ocrx_word' id='word_1_160' title='bbox 689 1386 860 1443; x_wconf 87' lang='lat' dir='ltr'>speciali</span> <span class='ocrx_word' id='word_1_161' title='bbox 902 1387 1023 1430; x_wconf 90' lang='lat' dir='ltr'>modo</span> <span class='ocrx_word' id='word_1_162' title='bbox 1058 1386 1122 1430; x_wconf 83' lang='lat' dir='ltr'>vel</span> <span class='ocrx_word' id='word_1_163' title='bbox 1156 1387 1401 1443; x_wconf 90' lang='lat' dir='ltr'>simpliciter</span> <span class='ocrx_word' id='word_1_164' title='bbox 1434 1401 1512 1430; x_wconf 88' lang='lat' dir='ltr'>non</span> <span class='ocrx_word' id='word_1_165' title='bbox 1546 1388 1763 1431; x_wconf 89' lang='lat' dir='ltr'>dimetien-</span> 
     </span>
     <span class='ocr_line' id='line_1_20' title="bbox 129 1457 1764 1515; baseline 0.001 -14"><span class='ocrx_word' id='word_1_166' title='bbox 129 1458 224 1501; x_wconf 89' lang='lat' dir='ltr'>dam</span> <span class='ocrx_word' id='word_1_167' title='bbox 262 1472 350 1501; x_wconf 91' lang='lat' dir='ltr'>esse</span> <span class='ocrx_word' id='word_1_168' title='bbox 384 1472 477 1501; x_wconf 90' lang='lat' dir='ltr'>cum</span> <span class='ocrx_word' id='word_1_169' title='bbox 514 1458 676 1501; x_wconf 80' lang='lat' dir='ltr'>delectu</span> <span class='ocrx_word' id='word_1_170' title='bbox 712 1457 822 1501; x_wconf 91' lang='lat' dir='ltr'>illius</span> <span class='ocrx_word' id='word_1_171' title='bbox 847 1461 994 1501; x_wconf 89' lang='lat' dir='ltr'>veniae</span> <span class='ocrx_word' id='word_1_172' title='bbox 1017 1460 1175 1501; x_wconf 89' lang='lat' dir='ltr'>ratione</span> <span class='ocrx_word' id='word_1_173' title='bbox 1199 1457 1407 1515; x_wconf 87' lang='lat' dir='ltr'>privilegii</span> <span class='ocrx_word' id='word_1_174' title='bbox 1432 1460 1505 1501; x_wconf 83' lang='lat' dir='ltr'>tori</span> <span class='ocrx_word' id='word_1_175' title='bbox 1531 1461 1764 1502; x_wconf 89' lang='lat' dir='ltr'>necessario</span> 
     </span>
     <span class='ocr_line' id='line_1_21' title="bbox 130 1526 1762 1585; baseline 0.001 -13"><span class='ocrx_word' id='word_1_176' title='bbox 130 1528 396 1583; x_wconf 87' lang='lat' dir='ltr'>obtinendae,</span> <span class='ocrx_word' id='word_1_177' title='bbox 433 1528 655 1572; x_wconf 84' lang='lat' dir='ltr'>videlicet:</span> <span class='ocrx_word' id='word_1_178' title='bbox 689 1541 710 1572; x_wconf 92' lang='lat' dir='ltr'>a</span> <span class='ocrx_word' id='word_1_179' title='bbox 745 1529 851 1572; x_wconf 87' lang='lat' dir='ltr'>Sede</span> <span class='ocrx_word' id='word_1_180' title='bbox 883 1528 1121 1585; x_wconf 86' lang='lat' dir='ltr'>Apostolica</span> <span class='ocrx_word' id='word_1_181' title='bbox 1165 1529 1230 1572; x_wconf 82' lang='lat' dir='ltr'>vel</span> <span class='ocrx_word' id='word_1_182' title='bbox 1266 1528 1317 1572; x_wconf 89' lang='lat' dir='ltr'>ab</span> <span class='ocrx_word' id='word_1_183' title='bbox 1350 1526 1574 1573; x_wconf 89' lang='lat' dir='ltr'>Ordinario</span> <span class='ocrx_word' id='word_1_184' title='bbox 1612 1529 1689 1573; x_wconf 91' lang='lat' dir='ltr'>loci</span> <span class='ocrx_word' id='word_1_185' title='bbox 1723 1532 1762 1573; x_wconf 91' lang='lat' dir='ltr'>in</span> 
     </span>
     <span class='ocr_line' id='line_1_22' title="bbox 127 1599 1761 1657; baseline 0.001 -14"><span class='ocrx_word' id='word_1_186' title='bbox 127 1613 210 1657; x_wconf 94' lang='lat' dir='ltr'>quo</span> <span class='ocrx_word' id='word_1_187' title='bbox 244 1613 366 1643; x_wconf 85' lang='lat' dir='ltr'>causa</span> <span class='ocrx_word' id='word_1_188' title='bbox 405 1602 631 1656; x_wconf 84' lang='lat' dir='ltr'>peragitur.</span> <span class='ocrx_word' id='word_1_189' title='bbox 668 1599 800 1643; x_wconf 90' lang='lat' dir='ltr'>Huius</span> <span class='ocrx_word' id='word_1_190' title='bbox 832 1602 940 1643; x_wconf 89' lang='lat' dir='ltr'>enim</span> <span class='ocrx_word' id='word_1_191' title='bbox 981 1602 1098 1643; x_wconf 90' lang='lat' dir='ltr'>venia</span> <span class='ocrx_word' id='word_1_192' title='bbox 1132 1600 1341 1644; x_wconf 85' lang='lat' dir='ltr'>sufficeret</span> <span class='ocrx_word' id='word_1_193' title='bbox 1364 1603 1402 1643; x_wconf 89' lang='grc'>11)</span> <span class='ocrx_word' id='word_1_194' title='bbox 1428 1602 1528 1644; x_wconf 90' lang='lat' dir='ltr'>iuris</span> <span class='ocrx_word' id='word_1_195' title='bbox 1551 1603 1688 1657; x_wconf 89' lang='lat' dir='ltr'>rigore</span> <span class='ocrx_word' id='word_1_196' title='bbox 1711 1601 1761 1645; x_wconf 90' lang='lat' dir='ltr'>ad</span> 
     </span>
     <span class='ocr_line' id='line_1_23' title="bbox 128 1671 1760 1729; baseline 0.001 -15"><span class='ocrx_word' id='word_1_197' title='bbox 128 1671 376 1715; x_wconf 89' lang='lat' dir='ltr'>trahendum</span> <span class='ocrx_word' id='word_1_198' title='bbox 424 1673 636 1727; x_wconf 88' lang='lat' dir='ltr'>proprium</span> <span class='ocrx_word' id='word_1_199' title='bbox 686 1671 986 1714; x_wconf 81' lang='lat' dir='ltr'>l&#39;rovincialem</span> <span class='ocrx_word' id='word_1_200' title='bbox 1032 1671 1245 1728; x_wconf 83' lang='lat' dir='ltr'>religionis</span> <span class='ocrx_word' id='word_1_201' title='bbox 1287 1671 1492 1715; x_wconf 89' lang='lat' dir='ltr'>clericalis</span> <span class='ocrx_word' id='word_1_202' title='bbox 1529 1677 1760 1729; x_wconf 76' lang='lat' dir='ltr'>exemptae,</span> 
     </span>
     <span class='ocr_line' id='line_1_24' title="bbox 125 1742 1760 1799; baseline 0 -13"><span class='ocrx_word' id='word_1_203' title='bbox 125 1745 297 1799; x_wconf 86' lang='lat' dir='ltr'>eiusque</span> <span class='ocrx_word' id='word_1_204' title='bbox 345 1747 481 1785; x_wconf 89' lang='lat' dir='ltr'>tamen</span> <span class='ocrx_word' id='word_1_205' title='bbox 532 1742 718 1785; x_wconf 78' lang='lat' dir='ltr'>detectus</span> <span class='ocrx_word' id='word_1_206' title='bbox 769 1745 914 1786; x_wconf 89' lang='lat' dir='ltr'>veniae</span> <span class='ocrx_word' id='word_1_207' title='bbox 962 1743 1236 1785; x_wconf 85' lang='lat' dir='ltr'>secumferret</span> <span class='ocrx_word' id='word_1_208' title='bbox 1287 1745 1760 1791; x_wconf 86' lang='lat' dir='ltr'>excommunicationem</span> 
     </span>
     <span class='ocr_line' id='line_1_25' title="bbox 124 1813 1762 1869; baseline 0.001 -13"><span class='ocrx_word' id='word_1_209' title='bbox 124 1813 294 1869; x_wconf 87' lang='lat' dir='ltr'>speciali</span> <span class='ocrx_word' id='word_1_210' title='bbox 331 1816 452 1856; x_wconf 82' lang='lat' dir='ltr'>modo</span> <span class='ocrx_word' id='word_1_211' title='bbox 487 1818 758 1869; x_wconf 76' lang='lat' dir='ltr'>reservatam,</span> <span class='ocrx_word' id='word_1_212' title='bbox 792 1813 890 1857; x_wconf 87' lang='lat' dir='ltr'>dum</span> <span class='ocrx_word' id='word_1_213' title='bbox 936 1821 1104 1856; x_wconf 88' lang='lat' dir='ltr'>econtra</span> <span class='ocrx_word' id='word_1_214' title='bbox 1148 1813 1392 1869; x_wconf 84' lang='lat' dir='ltr'>simpliciter</span> <span class='ocrx_word' id='word_1_215' title='bbox 1435 1819 1645 1858; x_wconf 88' lang='lat' dir='ltr'>reservata</span> <span class='ocrx_word' id='word_1_216' title='bbox 1684 1817 1762 1858; x_wconf 91' lang='lat' dir='ltr'>erit</span> 
     </span>
     <span class='ocr_line' id='line_1_26' title="bbox 125 1883 1761 1941; baseline 0.001 -14"><span class='ocrx_word' id='word_1_217' title='bbox 125 1886 505 1927; x_wconf 88' lang='lat' dir='ltr'>excommunicatio</span> <span class='ocrx_word' id='word_1_218' title='bbox 540 1886 703 1927; x_wconf 90' lang='lat' dir='ltr'>incursa</span> <span class='ocrx_word' id='word_1_219' title='bbox 734 1883 786 1927; x_wconf 91' lang='lat' dir='ltr'>ob</span> <span class='ocrx_word' id='word_1_220' title='bbox 813 1886 974 1927; x_wconf 88' lang='lat' dir='ltr'>veniam</span> <span class='ocrx_word' id='word_1_221' title='bbox 1010 1897 1090 1927; x_wconf 90' lang='lat' dir='ltr'>non</span> <span class='ocrx_word' id='word_1_222' title='bbox 1125 1885 1334 1928; x_wconf 86' lang='lat' dir='ltr'>obtentam</span> <span class='ocrx_word' id='word_1_223' title='bbox 1359 1885 1476 1928; x_wconf 87' lang='lat' dir='ltr'>Sedis</span> <span class='ocrx_word' id='word_1_224' title='bbox 1498 1883 1761 1941; x_wconf 86' lang='lat' dir='ltr'>Apostolicae</span> 
     </span>
     <span class='ocr_line' id='line_1_27' title="bbox 125 1954 1757 2012; baseline 0.001 -15"><span class='ocrx_word' id='word_1_225' title='bbox 125 1967 147 1997; x_wconf 91' lang='grc'>3</span> <span class='ocrx_word' id='word_1_226' title='bbox 181 1955 448 2012; x_wconf 89' lang='lat' dir='ltr'>delinquente</span> <span class='ocrx_word' id='word_1_227' title='bbox 492 1959 636 1998; x_wconf 91' lang='lat' dir='ltr'>contra</span> <span class='ocrx_word' id='word_1_228' title='bbox 682 1956 756 1997; x_wconf 82' lang='lat' dir='ltr'>fori</span> <span class='ocrx_word' id='word_1_229' title='bbox 805 1954 1071 2011; x_wconf 90' lang='lat' dir='ltr'>privilegium</span> <span class='ocrx_word' id='word_1_230' title='bbox 1116 1960 1356 2011; x_wconf 84' lang='lat' dir='ltr'>competens</span> <span class='ocrx_word' id='word_1_231' title='bbox 1399 1955 1601 2012; x_wconf 89' lang='lat' dir='ltr'>Episcopo</span> <span class='ocrx_word' id='word_1_232' title='bbox 1635 1958 1757 1999; x_wconf 90' lang='lat' dir='ltr'>etiam</span> 
     </span>
     <span class='ocr_line' id='line_1_28' title="bbox 127 2025 1758 2082; baseline 0.001 -14"><span class='ocrx_word' id='word_1_233' title='bbox 127 2039 238 2069; x_wconf 89' lang='lat' dir='ltr'>mere</span> <span class='ocrx_word' id='word_1_234' title='bbox 282 2025 449 2076; x_wconf 74' lang='lat' dir='ltr'>titulari,</span> <span class='ocrx_word' id='word_1_235' title='bbox 486 2025 632 2069; x_wconf 84' lang='lat' dir='ltr'>Abbati</span> <span class='ocrx_word' id='word_1_236' title='bbox 681 2026 743 2069; x_wconf 86' lang='lat' dir='ltr'>vel</span> <span class='ocrx_word' id='word_1_237' title='bbox 792 2025 976 2070; x_wconf 87' lang='lat' dir='ltr'>Praelato</span> <span class='ocrx_word' id='word_1_238' title='bbox 1024 2025 1178 2069; x_wconf 87' lang='lat' dir='ltr'>nullius</span> <span class='ocrx_word' id='word_1_239' title='bbox 1220 2031 1259 2068; x_wconf 91' lang='lat' dir='ltr'>et</span> <span class='ocrx_word' id='word_1_240' title='bbox 1295 2027 1497 2082; x_wconf 86' lang='lat' dir='ltr'>Supremo</span> <span class='ocrx_word' id='word_1_241' title='bbox 1546 2025 1758 2082; x_wconf 88' lang='lat' dir='ltr'>religionis</span> 
     </span>
     <span class='ocr_line' id='line_1_29' title="bbox 126 2093 1758 2153; baseline 0.001 -15"><span class='ocrx_word' id='word_1_242' title='bbox 126 2097 228 2139; x_wconf 88' lang='lat' dir='ltr'>luris</span> <span class='ocrx_word' id='word_1_243' title='bbox 264 2097 463 2140; x_wconf 72' lang='lat' dir='ltr'>l&#39;ontiticii</span> <span class='ocrx_word' id='word_1_244' title='bbox 499 2096 762 2142; x_wconf 81' lang='lat' dir='ltr'>Moderatori,</span> <span class='ocrx_word' id='word_1_245' title='bbox 796 2099 865 2153; x_wconf 93' lang='lat' dir='ltr'>qui</span> <span class='ocrx_word' id='word_1_246' title='bbox 900 2110 978 2139; x_wconf 91' lang='lat' dir='ltr'>non</span> <span class='ocrx_word' id='word_1_247' title='bbox 1013 2101 1150 2140; x_wconf 88' lang='lat' dir='ltr'>essent</span> <span class='ocrx_word' id='word_1_248' title='bbox 1183 2093 1394 2140; x_wconf 89' lang='lat' dir='ltr'>Ordinarii</span> <span class='ocrx_word' id='word_1_249' title='bbox 1439 2098 1593 2153; x_wconf 90' lang='lat' dir='ltr'>proprii</span> <span class='ocrx_word' id='word_1_250' title='bbox 1627 2096 1758 2140; x_wconf 91' lang='lat' dir='ltr'>delin-</span> 
     </span>
     <span class='ocr_line' id='line_1_30' title="bbox 123 2170 1446 2223; baseline 0.001 -13"><span class='ocrx_word' id='word_1_251' title='bbox 123 2170 301 2223; x_wconf 89' lang='lat' dir='ltr'>quentis.</span> <span class='ocrx_word' id='word_1_252' title='bbox 1442 2213 1446 2216; x_wconf 67' lang='grc'>,</span> 
     </span>
     <span class='ocr_line' id='line_1_31' title="bbox 249 2236 1754 2283; baseline -0.002 0"><span class='ocrx_word' id='word_1_253' title='bbox 249 2237 341 2280; x_wconf 85' lang='grc'>183.</span> <span class='ocrx_word' id='word_1_254' title='bbox 377 2239 561 2283; x_wconf 85' lang='lat' dir='ltr'>Contra</span> <span class='ocrx_word' id='word_1_255' title='bbox 599 2240 915 2283; x_wconf 83' lang='lat' dir='ltr'>violationem</span> <span class='ocrx_word' id='word_1_256' title='bbox 954 2239 1229 2283; x_wconf 82' lang='lat' dir='ltr'>clausurae.</span> <span class='ocrx_word' id='word_1_257' title='bbox 1264 2264 1315 2267; x_wconf 88' lang='lat'>—</span> <span class='ocrx_word' id='word_1_258' title='bbox 1354 2236 1456 2280; x_wconf 86' lang='lat' dir='ltr'>Cun.</span> <span class='ocrx_word' id='word_1_259' title='bbox 1490 2238 1629 2282; x_wconf 67' lang='lat'><em>2342.</em></span> <span class='ocrx_word' id='word_1_260' title='bbox 1668 2236 1754 2280; x_wconf 80' lang='lat' dir='ltr'>Ple-</span> 
     </span>
     <span class='ocr_line' id='line_1_32' title="bbox 123 2307 1753 2365; baseline 0.001 -15"><span class='ocrx_word' id='word_1_261' title='bbox 123 2313 295 2350; x_wconf 81' lang='lat' dir='ltr'>cluntur</span> <span class='ocrx_word' id='word_1_262' title='bbox 326 2307 416 2364; x_wconf 83' lang='lat' dir='ltr'>ipso</span> <span class='ocrx_word' id='word_1_263' title='bbox 450 2307 564 2365; x_wconf 70' lang='lat' dir='ltr'>sueto</span> <span class='ocrx_word' id='word_1_264' title='bbox 602 2307 777 2351; x_wconf 82' lang='lat' dir='ltr'>violatae</span> <span class='ocrx_word' id='word_1_265' title='bbox 810 2307 1029 2351; x_wconf 89' lang='lat' dir='ltr'>clausurae</span> <span class='ocrx_word' id='word_1_266' title='bbox 1064 2308 1221 2364; x_wconf 90' lang='lat' dir='ltr'>papalis</span> <span class='ocrx_word' id='word_1_267' title='bbox 1254 2308 1302 2350; x_wconf 94' lang='lat' dir='ltr'>ad</span> <span class='ocrx_word' id='word_1_268' title='bbox 1339 2320 1525 2351; x_wconf 89' lang='lat' dir='ltr'>normam</span> <span class='ocrx_word' id='word_1_269' title='bbox 1560 2321 1650 2352; x_wconf 84' lang='lat' dir='ltr'>can.</span> <span class='ocrx_word' id='word_1_270' title='bbox 1672 2309 1753 2351; x_wconf 76' lang='lat'>597</span> 
     </span>
     <span class='ocr_line' id='line_1_33' title="bbox 123 2377 1539 2435; baseline 0.001 -15"><span class='ocrx_word' id='word_1_271' title='bbox 123 2378 553 2421; x_wconf 56' lang='grc'>610011111111111611110116</span> <span class='ocrx_word' id='word_1_272' title='bbox 586 2378 683 2420; x_wconf 73' lang='lat' dir='ltr'>Secti</span> <span class='ocrx_word' id='word_1_273' title='bbox 716 2377 983 2435; x_wconf 79' lang='lat' dir='ltr'>Apostolicue</span> <span class='ocrx_word' id='word_1_274' title='bbox 1014 2377 1266 2435; x_wconf 81' lang='lat' dir='ltr'>simpliciter</span> <span class='ocrx_word' id='word_1_275' title='bbox 1297 2383 1539 2421; x_wconf 76' lang='lat' dir='ltr'>reservata:</span> 
     </span>
    </p>

    <p class='ocr_par' dir='ltr' id='par_1_5' title="bbox 119 2448 1759 2929">
     <span class='ocr_line' id='line_1_34' title="bbox 240 2448 1753 2505; baseline 0 -13"><span class='ocrx_word' id='word_1_276' title='bbox 240 2452 279 2492; x_wconf 85' lang='lat'>1⁰</span> <span class='ocrx_word' id='word_1_277' title='bbox 307 2448 560 2492; x_wconf 77' lang='lat' dir='ltr'>Cluusurum</span> <span class='ocrx_word' id='word_1_278' title='bbox 583 2449 833 2492; x_wconf 79' lang='lat' dir='ltr'>monialium</span> <span class='ocrx_word' id='word_1_279' title='bbox 857 2462 978 2492; x_wconf 88' lang='lat' dir='ltr'>sensu</span> <span class='ocrx_word' id='word_1_280' title='bbox 1004 2451 1146 2492; x_wconf 83' lang='lat' dir='ltr'>stricto</span> <span class='ocrx_word' id='word_1_281' title='bbox 1169 2449 1217 2492; x_wconf 87' lang='lat' dir='ltr'>ad</span> <span class='ocrx_word' id='word_1_282' title='bbox 1245 2462 1432 2492; x_wconf 86' lang='lat' dir='ltr'>normam</span> <span class='ocrx_word' id='word_1_283' title='bbox 1458 2462 1546 2492; x_wconf 89' lang='grc'>031).</span> <span class='ocrx_word' id='word_1_284' title='bbox 1577 2449 1672 2505; x_wconf 71' lang='grc'>188,</span> <span class='ocrx_word' id='word_1_285' title='bbox 1695 2449 1753 2504; x_wconf 88' lang='grc'>70,</span> 
     </span>
     <span class='ocr_line' id='line_1_35' title="bbox 120 2519 1754 2576; baseline 0 -14"><span class='ocrx_word' id='word_1_286' title='bbox 120 2519 154 2562; x_wconf 92' lang='grc'>10</span> <span class='ocrx_word' id='word_1_287' title='bbox 187 2519 393 2563; x_wconf 75' lang='lat' dir='ltr'>violantes</span> <span class='ocrx_word' id='word_1_288' title='bbox 427 2524 570 2563; x_wconf 87' lang='lat' dir='ltr'>contra</span> <span class='ocrx_word' id='word_1_289' title='bbox 606 2522 906 2576; x_wconf 86' lang='lat' dir='ltr'>praescriptum</span> <span class='ocrx_word' id='word_1_290' title='bbox 941 2532 1030 2563; x_wconf 88' lang='grc'>031).</span> <span class='ocrx_word' id='word_1_291' title='bbox 1057 2520 1140 2562; x_wconf 88' lang='grc'>600</span> <span class='ocrx_word' id='word_1_292' title='bbox 1178 2519 1231 2563; x_wconf 90' lang='lat' dir='ltr'>ibi</span> <span class='ocrx_word' id='word_1_293' title='bbox 1265 2520 1536 2576; x_wconf 84' lang='lat' dir='ltr'>explicatum,</span> <span class='ocrx_word' id='word_1_294' title='bbox 1560 2533 1660 2576; x_wconf 83' lang='lat' dir='ltr'>ergo</span> <span class='ocrx_word' id='word_1_295' title='bbox 1684 2532 1754 2563; x_wconf 90' lang='lat' dir='ltr'>ex-</span> 
     </span>
     <span class='ocr_line' id='line_1_36' title="bbox 119 2589 1755 2647; baseline -0.001 -14"><span class='ocrx_word' id='word_1_296' title='bbox 119 2593 251 2647; x_wconf 91' lang='lat' dir='ltr'>ceptis</span> <span class='ocrx_word' id='word_1_297' title='bbox 285 2592 471 2647; x_wconf 91' lang='lat' dir='ltr'>personis</span> <span class='ocrx_word' id='word_1_298' title='bbox 514 2590 590 2633; x_wconf 93' lang='lat' dir='ltr'>sub</span> <span class='ocrx_word' id='word_1_299' title='bbox 624 2590 693 2635; x_wconf 60' lang='grc' dir='ltr'>11.ἰξΐ</span> <span class='ocrx_word' id='word_1_300' title='bbox 728 2591 783 2645; x_wconf 90' lang='grc'>10,</span> <span class='ocrx_word' id='word_1_301' title='bbox 821 2591 878 2643; x_wconf 89' lang='grc'>20,</span> <span class='ocrx_word' id='word_1_302' title='bbox 913 2590 970 2640; x_wconf 79' lang='grc'>30,</span> <span class='ocrx_word' id='word_1_303' title='bbox 1006 2589 1300 2647; x_wconf 78' lang='lat' dir='ltr'>cuiuscumque</span> <span class='ocrx_word' id='word_1_304' title='bbox 1332 2589 1372 2647; x_wconf 89' lang='lat' dir='ltr'>a)</span> <span class='ocrx_word' id='word_1_305' title='bbox 1403 2591 1572 2647; x_wconf 71' lang='lat' dir='ltr'>qeneris</span> <span class='ocrx_word' id='word_1_306' title='bbox 1604 2589 1647 2647; x_wconf 90' lang='lat' dir='ltr'>b)</span> <span class='ocrx_word' id='word_1_307' title='bbox 1681 2595 1755 2632; x_wconf 82' lang='lat' dir='ltr'>aut</span> 
     </span>
     <span class='ocr_line' id='line_1_37' title="bbox 121 2660 1751 2718; baseline -0.001 -14"><span class='ocrx_word' id='word_1_308' title='bbox 121 2660 391 2717; x_wconf 80' lang='lat' dir='ltr'>conditionis,</span> <span class='ocrx_word' id='word_1_309' title='bbox 415 2660 455 2718; x_wconf 82' lang='grc'>0)</span> <span class='ocrx_word' id='word_1_310' title='bbox 481 2660 542 2703; x_wconf 77' lang='lat' dir='ltr'>vet</span> <span class='ocrx_word' id='word_1_311' title='bbox 574 2674 698 2703; x_wconf 67' lang='lat' dir='ltr'>serus</span> <span class='ocrx_word' id='word_1_312' title='bbox 731 2661 830 2712; x_wconf 87' lang='lat' dir='ltr'>sint,</span> <span class='ocrx_word' id='word_1_313' title='bbox 854 2663 1056 2704; x_wconf 91' lang='lat' dir='ltr'>omittitur</span> <span class='ocrx_word' id='word_1_314' title='bbox 1089 2660 1265 2704; x_wconf 88' lang='lat' dir='ltr'>verbum</span> <span class='ocrx_word' id='word_1_315' title='bbox 1295 2676 1317 2702; x_wconf 89' lang='lat'>«</span> <span class='ocrx_word' id='word_1_316' title='bbox 1339 2663 1485 2704; x_wconf 90' lang='lat' dir='ltr'>aetatis</span> <span class='ocrx_word' id='word_1_317' title='bbox 1509 2677 1547 2716; x_wconf 82' lang='lat'>»,</span> <span class='ocrx_word' id='word_1_318' title='bbox 1572 2674 1620 2704; x_wconf 92' lang='lat' dir='ltr'>eo</span> <span class='ocrx_word' id='word_1_319' title='bbox 1643 2661 1751 2717; x_wconf 92' lang='lat' dir='ltr'>quod</span> 
     </span>
     <span class='ocr_line' id='line_1_38' title="bbox 120 2726 1753 2789; baseline -0.001 -14"><span class='ocrx_word' id='word_1_320' title='bbox 120 2734 316 2789; x_wconf 89' lang='lat' dir='ltr'>quamvis</span> <span class='ocrx_word' id='word_1_321' title='bbox 341 2731 530 2788; x_wconf 88' lang='lat' dir='ltr'>baptizati</span> <span class='ocrx_word' id='word_1_322' title='bbox 556 2726 793 2787; x_wconf 88' lang='lat' dir='ltr'>impuberes</span> <span class='ocrx_word' id='word_1_323' title='bbox 818 2736 906 2788; x_wconf 85' lang='lat' dir='ltr'>post</span> <span class='ocrx_word' id='word_1_324' title='bbox 930 2744 1048 2774; x_wconf 91' lang='lat' dir='ltr'>usum</span> <span class='ocrx_word' id='word_1_325' title='bbox 1075 2733 1244 2774; x_wconf 90' lang='lat' dir='ltr'>rationis</span> <span class='ocrx_word' id='word_1_326' title='bbox 1272 2746 1292 2772; x_wconf 74' lang='lat' dir='ltr'>&lt;t</span> <span class='ocrx_word' id='word_1_327' title='bbox 1315 2736 1533 2774; x_wconf 89' lang='lat' dir='ltr'>teneantur</span> <span class='ocrx_word' id='word_1_328' title='bbox 1551 2730 1658 2788; x_wconf 89' lang='lat' dir='ltr'>(can.</span> <span class='ocrx_word' id='word_1_329' title='bbox 1683 2731 1753 2788; x_wconf 90' lang='grc'>12)</span> 
     </span>
     <span class='ocr_line' id='line_1_39' title="bbox 123 2800 1759 2858; baseline -0.001 -14"><span class='ocrx_word' id='word_1_330' title='bbox 123 2801 200 2858; x_wconf 84' lang='lat' dir='ltr'>legi</span> <span class='ocrx_word' id='word_1_331' title='bbox 248 2815 359 2845; x_wconf 90' lang='lat' dir='ltr'>mere</span> <span class='ocrx_word' id='word_1_332' title='bbox 392 2801 740 2845; x_wconf 79' lang='lat' dir='ltr'>ecclesiasticae»</span> <span class='ocrx_word' id='word_1_333' title='bbox 779 2807 885 2845; x_wconf 79' lang='lat' dir='ltr'>can.S</span> <span class='ocrx_word' id='word_1_334' title='bbox 925 2801 1008 2844; x_wconf 90' lang='grc'>600</span> <span class='ocrx_word' id='word_1_335' title='bbox 1043 2801 1111 2844; x_wconf 89' lang='lat' dir='ltr'>ubi</span> <span class='ocrx_word' id='word_1_336' title='bbox 1147 2800 1437 2857; x_wconf 85' lang='lat' dir='ltr'>prohibentur</span> <span class='ocrx_word' id='word_1_337' title='bbox 1462 2801 1674 2855; x_wconf 77' lang='lat' dir='ltr'>indirecte,</span> <span class='ocrx_word' id='word_1_338' title='bbox 1709 2805 1759 2843; x_wconf 89' lang='lat' dir='ltr'>ut.</span> 
     </span>
     <span class='ocr_line' id='line_1_40' title="bbox 121 2871 1748 2929; baseline 0 -16"><span class='ocrx_word' id='word_1_339' title='bbox 121 2874 158 2914; x_wconf 90' lang='lat' dir='ltr'>in</span> <span class='ocrx_word' id='word_1_340' title='bbox 194 2886 241 2915; x_wconf 90' lang='lat' dir='ltr'>eo</span> <span class='ocrx_word' id='word_1_341' title='bbox 273 2872 525 2929; x_wconf 89' lang='lat' dir='ltr'>explicatum</span> <span class='ocrx_word' id='word_1_342' title='bbox 561 2876 632 2927; x_wconf 91' lang='lat' dir='ltr'>est,</span> <span class='ocrx_word' id='word_1_343' title='bbox 669 2873 830 2928; x_wconf 88' lang='lat' dir='ltr'>ingredi</span> <span class='ocrx_word' id='word_1_344' title='bbox 864 2871 1116 2926; x_wconf 87' lang='lat' dir='ltr'>clausuram,</span> <span class='ocrx_word' id='word_1_345' title='bbox 1138 2876 1318 2915; x_wconf 87' lang='lat' dir='ltr'>attamen</span> <span class='ocrx_word' id='word_1_346' title='bbox 1353 2872 1403 2915; x_wconf 91' lang='lat' dir='ltr'>ad</span> <span class='ocrx_word' id='word_1_347' title='bbox 1439 2884 1624 2915; x_wconf 86' lang='lat' dir='ltr'>normam</span> <span class='ocrx_word' id='word_1_348' title='bbox 1659 2883 1748 2915; x_wconf 89' lang='lat' dir='ltr'>can.</span> 
     </span>
    </p>
   </div>
   <div class='ocr_carea' id='block_1_4' title="bbox 1868 0 1950 3313">
    <p class='ocr_par' dir='ltr' id='par_1_6' title="bbox 1868 0 1950 3313">
     <span class='ocr_line' id='line_1_41' title="bbox 1868 0 1950 3313; baseline 0 0"><span class='ocrx_word' id='word_1_349' title='bbox 1868 0 1950 3313; x_wconf 95' lang='lat' dir='ltr'> </span> 
     </span>
    </p>
   </div>
  </div>
 </body>
</html>
