1950 3313
165 159 211 192 32
629 156 714 189 LIB.
743 155 788 188 V.
818 175 829 179 -
857 154 967 188 PARs
991 154 1022 187 Ι.
1051 173 1066 179 -
1090 153 1148 189 De
1171 155 1323 189 delictis
1376 136 1385 145 '
1577 154 1669 191 Can.
1696 156 1790 191 2209

166 277 330 320 diabolo
354 279 391 319 in
418 276 493 319 1106
516 275 722 330 sacrilegii
757 287 888 328 genus
923 274 1302 331 proruperit‚quod
1326 276 1519 331 quemvis
1554 275 1789 330 pontificem

169 349 375 398 iniuriose,
414 346 473 388 rel
510 351 665 388 temere
715 346 978 399 percusserit,
1011 348 1081 387 aut
1127 346 1283 400 ceperit
1329 358 1400 388 seu
1452 344 1688 388 banniverit
1721 344 1787 402 (en

171 418 352 460 «delicti
388 421 647 460 exsecutor»
689 417 725 457 in
761 413 953 471 canone),
991 415 1051 458 vel
1087 415 1189 458 11366
1225 416 1484 459 mandaverit
1522 416 1609 459 tieri
1646 415 1733 473 (qui
1768 429 1790 459 3

165 501 321 531 canone
355 488 506 530 dicitnr
535 502 555 526 ((
583 486 821 541 principalis
854 486 992 529 delicti
1026 491 1170 530 auctor
1192 485 1251 543 n),
1275 491 1345 529 aut
1378 489 1481 545 facta
1506 486 1557 530 al)
1580 486 1671 530 aliis
1705 491 1790 530 rata
1823 502 1826 504 ’

167 559 369 604 habuerit,
409 558 469 600 vel
504 560 642 600 socius
676 559 713 599 in
748 556 822 599 his·
845 558 965 600 suerit
1008 558 1196 601 facientis
1229 557 1312 615 (vel
1349 563 1391 600 ut
1423 560 1480 601 ait
1512 571 1666 602 canon:
1705 573 1727 599 «
1751 561 1788 601 in

165 630 303 672 delicti
337 631 735 671 consummationem
771 633 1025 671 concurrunt
1047 628 1106 686 n),
1126 634 1196 672 aut.
1228 628 1444 672 consilium
1471 631 1508 671 in
1534 628 1597 671 his
1629 629 1791 672 dederit

166 700 286 757 (idest
326 716 346 738 «
371 701 407 740 in
455 698 565 741 illam
614 702 1015 742 consummationem
1066 700 1267 743 inducunt
1290 698 1348 756 )>),
1382 704 1451 743 aut
1485 700 1686 753 favorem,
1717 714 1788 743 seu

164 773 342 813 scienter
365 770 644 812 defensaverit
668 769 860 812 eumdem
887 769 1013 826 (quod
1041 771 1148 813 idem
1173 775 1290 813 sonat
1313 783 1361 813 ac
1384 785 1406 811 ((
1429 783 1594 828 quoquo
1619 771 1741 813 modo
1764 787 1784 812 ›)

166 843 202 883 in
239 840 347 883 illam
383 840 654 897 concurrere)
679 843 716 882 in
743 840 821 883 illis
852 840 1017 884 casibus
1040 841 1090 883 de
1115 841 1350 896 praedictis,
1376 844 1414 884 in
1439 840 1590 897 quibus
1622 855 1789 885 excom-

166 913 485 954 municationem
524 925 595 967 per
630 913 707 953 iam
743 912 876 953 editos
908 923 1088 954 canones
1111 924 1189 954 non
1214 911 1385 966 subiret,
1408 914 1460 955 sit
1483 911 1604 955 liuius
1626 916 1791 956 nostrae

163 984 466 1025 constitutionis
504 984 748 1025 anctoritate
783 981 881 1038 (non
930 981 1118 1025 obstante
1166 994 1431 1040 quacumque
1477 984 1789 1038 consuetudine,

163 1065 284 1109 quam
322 1057 563 1108 reputamus
596 1052 852 1108 approbante
875 1065 993 1095 sacro
1016 1052 1192 1096 concilio
1218 1055 1352 1108 potius
1375 1053 1673 1110 corruptelam)
1698 1067 1791 1097 3113-

164 1122 357 1166 thematis
392 1137 589 1166 mucrone
625 1136 858 1178 percussus,
882 1136 904 1166 3
928 1136 1009 1180 quo
1033 1127 1224 1180 nequeat,
1250 1126 1324 1167 nisi
1352 1138 1424 1180 per
1446 1125 1662 1168 Summum
1690 1124 1789 1167 Pon-

165 1196 313 1238 titicem
350 1194 660 1251 (praeterquam
697 1196 735 1236 in
770 1193 947 1237 articulo
982 1194 1142 1251 mortis)
1176 1194 1402 1238 absolvi».

283 1266 417 1309 Placet
449 1278 497 1309 ac
531 1268 646 1308 iuvat
678 1264 745 1309 hie
780 1267 937 1308 referre
982 1265 1109 1309 verba
1148 1265 1246 1310 clar.
1279 1264 1401 1315 Card.
1436 1266 1556 1322 Lega,
1591 1279 1696 1323 quae
1729 1266 1789 1309 di-

162 1339 331 1380 stinctas
365 1338 551 1379 notiones
575 1335 671 1379 huic
697 1336 816 1379 utiles
838 1339 1138 1379 commentario
1174 1349 1270 1392 prae
1293 1350 1336 1379 se
1359 1338 1506 1385 ferunt,
1530 1341 1655 1394 atque
1679 1349 1792 1392 prae-

163 1407 376 1451 cedentem
413 1412 568 1450 textum
606 1410 737 1463 magis
770 1412 984 1463 exponunt
1009 1407 1035 1448 ¹.
1060 1407 1128 1450 Ait
1162 1407 1225 1450 lex
1261 1407 1331 1461 34,
1354 1408 1392 1450 ff.
1420 1407 1475 1451 De
1509 1410 1630 1451 ininr.
1661 1423 1682 1449 «
1705 1408 1790 1452 Sin-

163 1478 352 1535 gulorum
405 1481 616 1534 proprium
662 1483 721 1521 est
762 1478 1011 1522 maleficium
1036 1493 1076 1533 )>,
1110 1480 1306 1521 nimirum
1357 1481 1514 1522 crimen
1548 1492 1569 1522 3
1604 1478 1791 1535 pluribus

164 1554 367 1605 patratum
404 1551 630 1605 imputatur
661 1549 850 1605 singulis,
883 1563 962 1592 non
998 1551 1215 1604 universis,
1240 1551 1357 1606 quasi
1391 1549 1555 1592 cuidam
1591 1562 1791 1605 personae

164 1620 374 1663 iuridicae.
413 1620 619 1676 lntellige:
656 1622 731 1663 nisi
766 1620 867 1663 haec
902 1620 1193 1676 personalitate
1235 1633 1306 1663 sua
1350 1620 1524 1663 abutens
1563 1619 1661 1663 illud
1700 1634 1788 1676 per-

165 1696 307 1746 petret.
344 1691 466 1734 ltem:
501 1691 852 1749 quandocumque
885 1704 964 1734 non
998 1691 1174 1734 habetur
1207 1691 1478 1747 complicitas,
1513 1693 1602 1734 sive
1642 1695 1788 1733 natura

163 1762 315 1815 delicti,
353 1767 394 1805 ut
428 1765 465 1804 in
502 1775 638 1819 praec.
674 1765 698 1816 ἓ
732 1763 770 1816 2,
802 1765 892 1806 sive
931 1778 950 1803 ((
973 1765 1183 1806 communi
1233 1761 1502 1819 delinquendi
1552 1761 1790 1814 consilio»,

161 1835 267 1876 sicut
301 1836 338 1875 in
372 1833 417 1891 ἕο
456 1834 510 1888 1⁰,
546 1833 658 1876 iubet
690 1833 730 1876 L.
760 1833 809 1876 17
846 1833 884 1876 ff.
922 1833 981 1876 Ad
1017 1833 1094 1889 leg.
1119 1846 1232 1876 corn.
1267 1833 1317 1875 de
1351 1835 1422 1876 sic.
1452 1848 1474 1873 «
1497 1832 1536 1875 Si
1573 1835 1659 1875 rixa
1696 1845 1786 1888 per-

162 1917 305 1947 cussus
338 1903 460 1947 homo
495 1906 676 1961 perierit.
711 1907 816 1948 ictus
849 1906 1176 1961 uniuscuiusque
1210 1906 1247 1946 in
1283 1903 1360 1947 hoc
1393 1903 1662 1947 collectorum
1697 1915 1791 1946 con-

165 1975 352 2030 templari
385 1980 546 2031 oportet
569 1991 608 2016 >).

286 2062 305 2085 <(
331 2046 532 2099 13111ν61·0,
567 2046 648 2089 duo
681 2051 777 2089 sunt
808 2046 948 2089 delicti
986 2046 1189 2089 elementa
1233 2047 1488 2098 necessaria;
1535 2046 1788 2100 propositum

162 2116 428 2173 delinquendi
454 2118 501 2172 ((‹
526 2117 736 2159 moraliter
771 2116 1026 2173 imputabilis
1049 2132 1068 2157 )>
1098 2129 1188 2160 can.
1209 2115 1341 2172 2195)
1364 2120 1404 2158 et
1425 2114 1564 2158 delicti
1599 2116 1789 2157 executio

164 2189 207 2242 (a
231 2192 400 2230 externa
436 2187 537 2243 legis
574 2187 784 2230 violatio»
813 2199 901 2230 0311.
921 2186 1024 2243 cit).
1046 2212 1097 2216 —
1117 2185 1196 2239 Qui
1233 2188 1488 2242 propositum
1522 2184 1789 2241 delinquendi

164 2260 392 2313 suscipiunt
426 2258 619 2315 idemque
655 2259 796 2300 fovent
831 2262 873 2300 ut
906 2257 974 2300 alii
1008 2257 1057 2300 ad
1093 2257 1288 2300 delictum
1323 2255 1615 2312 exequendum
1644 2255 1792 2311 perdu-

163 2333 321 2382 cantur,
356 2333 448 2371 sunt
483 2328 624 2372 eonrei
651 2327 932 2386 principales,
954 2330 1107 2385 quippe
1140 2331 1395 2370 concurrunt
1428 2328 1466 2369 in
1501 2326 1675 2368 alterum
1711 2327 1789 2368 cri·

166 2401 285 2441 minis
303 2399 519 2443 essentiale
538 2400 806 2443 elementum.
825 2399 1035 2443 Eiusmodi
1055 2400 1196 2442 conrei
1214 2402 1309 2441 sunt
1325 2396 1590 2449 mandantes,
1604 2395 1790 2438 iubentes

163 2473 202 2511 et
225 2469 319 2512 hinc
344 2470 444 2513 llaec
477 2473 683 2514 conreitas
715 2470 915 2527 appellari
942 2475 1073 2526 potest
1095 2468 1276 2512 moralis.
1299 2468 1513 2525 (Putamus
1537 2467 1632 2510 huic
1657 2469 1791 2523 proxi-

165 2542 269 2583 mius
302 2541 515 2591 accedere,
549 2544 617 2599 qui
651 2542 823 2585 consilio
856 2543 1009 2584 excitat
1042 2543 1080 2583 in
1116 2540 1314 2583 delictum
1355 2538 1695 2595 perpetrandum,
1731 2538 1789 2580 al-

164 2615 295 2653 terum
330 2610 381 2654 ab
415 2610 491 2653 hoc
526 2615 732 2668 proposito
766 2611 976 2668 alienum).
1011 2610 1169 2653 Deinde
1202 2609 1344 2653 conrez‘
1380 2621 1512 2666 aeque
1545 2613 1640 2651 sunt
1667 2607 1789 2666 prin-

164 2680 336 2738 cipales,
368 2684 436 2738 qui
488 2695 654 2738 operam
705 2683 803 2726 dant
850 2684 1014 2726 crimini
1063 2680 1341 2735 exsequendo,
1378 2678 1496 2736 plane
1542 2681 1695 2722 conscii
1739 2678 1790 2720 de

164 2752 337 2796 aliorum
377 2752 585 2796 voluntate
609 2757 727 2797 cuius
751 2756 959 2810 proposito
982 2752 1210 2796 deliberate
1233 2752 1505 2794 satisfaciunt.
1525 2776 1577 2780 —
1604 2749 1660 2792 Re
1692 2761 1789 2792 sane

165 2906 210 2939 qq
254 2859 297 2938 ΜΞ
322 2858 610 2939 Ρῑαὲὲθοῖὶωωε
638 2859 678 2892 in
705 2859 876 2893 Textum
902 2859 1007 2893 Iuris
1034 2857 1237 2893 Canonici.
1269 2856 1356 2900 Lib,
1383 2856 1435 2900 11,
1464 2856 1550 2890 Vol.
1582 2854 1651 2898 ΙΙΙ,
1679 2865 1786 2888 num.

165 2928 175 2939 1
191 2929 224 2949 .,
252 2926 262 2930 -
323 2910 364 2939 et
413 2908 418 2917 ‘
440 2933 446 2939 .
