1950 3313
180 148 248 182 164
640 147 725 180 Lm.
754 146 800 180 V.
829 167 841 171 -
869 146 978 181 PARS
1004 147 1055 181 Π.
1084 168 1099 174 -
1123 148 1180 183 De
1199 152 1338 193 poenis
1478 149 1571 185 Can.
1599 150 1805 187 2281-2283

156 268 289 325 ditur
324 270 408 323 ipso
444 270 530 309 iure
554 282 592 320 )),
617 270 925 323 interpretatur
969 268 1073 312 lianc
1117 271 1431 325 suspensionem
1472 272 1552 313 sic:
1593 285 1612 311 «
1640 274 1806 314 restrin-

178 342 288 395 gitur
321 340 442 380 etiam
478 338 586 381 dicta
622 350 751 394 poena
785 337 916 381 solum
952 339 1001 382 ad
1038 352 1082 382 ea
1119 339 1332 393 beneficia,
1365 353 1471 397 quae
1513 342 1571 384 sic
1617 354 1805 398 peccans,

179 412 215 451 in
252 409 317 451 illa
352 408 508 451 obtinet
541 408 730 460 ecclesia,
764 421 887 465 quam
933 409 1069 453 taliter
1112 410 1316 467 eligendo,
1353 410 1590 467 specialiter
1622 414 1806 456 noscitur

176 479 396 522 offendisse
419 494 456 520 )),
494 478 625 522 Huius
657 482 796 522 statuti
834 485 1012 523 mentem
1057 484 1245 538 sequitur
1282 482 1511 525 decernens
1544 496 1633 524 ean.
1667 485 1801 526 2281.

176 549 401 604 Suspensio
434 553 476 601 a)
506 549 769 606 yeueralitei‘
801 549 891 593 lata
925 550 987 594 vel
1019 551 1238 609 suspensio
1272 551 1316 610 b)
1349 551 1398 595 ab
1431 552 1570 610 officio
1605 558 1679 595 aut
1712 552 1752 610 c)
1777 567 1802 596 u

174 620 380 677 beneficio,
415 633 590 678 quarum
628 623 750 664 trium
774 622 955 665 'eflectus
989 622 1187 665 declarati
1219 627 1313 666 sunt
1347 626 1384 666 in
1420 636 1508 667 can.
1545 623 1671 679 2278,
1706 626 1730 678 ἓ
1764 624 1801 678 2,

174 694 269 748 quia
305 690 432 735 verba
464 691 674 748 generalia
709 692 958 749 generaliter
990 698 1085 736 sunt
1119 693 1400 749 intelligenda,
1434 707 1709 752 unaquaeque
1742 695 1802 738 di-

172 768 332 806 ctarum
365 765 683 819 suspensionum
718 763 854 821 affici!
886 763 1027 806 omnia
1052 763 1094 821 b)
1121 762 1263 821 officia
1297 770 1371 807 aut
1394 764 1433 822 c)
1459 765 1654 822 beneficia
1679 770 1802 823 atque

176 849 196 873 «
222 833 355 877 officia
388 833 509 877 simul
545 839 582 878 et
618 834 820 878 beneficia
844 850 866 875 »
903 837 1118 891 suspensio
1141 835 1218 878 sub
1244 834 1376 878 littera
1411 835 1466 893 a),
1491 850 1598 894 quae
1624 835 1801 879 clericus

175 906 406 961 respectiva
429 908 699 961 suspensione
734 904 956 949 mulctatus
990 904 1111 948 liobe!
1144 905 1185 948 iu
1221 905 1402 949 dioecesi
1435 907 1678 964 Superioris
1710 921 1798 950 sus-

167 974 402 1033 pendentis,
437 978 630 1033 quamvis
663 976 909 1033 applicantis
942 978 1005 1019 ius
1039 979 1321 1032 praeexistens
1363 977 1676 1035 decernensque
1707 991 1800 1034 poe-

170 1059 263 1089 nam
300 1046 411 1090 illam
447 1047 641 1091 serendae
674 1049 916 1103 sententiae,
941 1047 1026 1090 uisi
1059 1046 1195 1100 aliud,
1222 1047 1348 1091 idest:
1373 1050 1575 1091 minorem
1601 1062 1690 1092 esse
1713 1061 1799 1092 am-

167 1117 412 1174 plitudinem
450 1120 485 1160 in
520 1120 802 1174 suspensionis
837 1122 978 1161 tenore
1011 1123 1219 1176 apparea!
1251 1118 1394 1162 saitem
1436 1119 1648 1175 implicite.

288 1189 383 1231 111.
419 1191 662 1235 Limitatio
696 1190 1036 1246 suspensionis
1069 1192 1134 1235 ab
1174 1191 1382 1242 homine,
1416 1204 1545 1247 quae
1576 1192 1718 1237 deest
1749 1194 1796 1236 in

166 1262 493 1317 suspensione
524 1262 657 1306 latae
689 1261 981 1306 sententiae.
1017 1285 1069 1290 —
1099 1258 1198 1303 Cau.
1232 1262 1372 1303 2282.
1399 1286 1451 1291 ——
1475 1259 1576 1303 Loci
1612 1259 1795 1304 Ordina-

166 1331 272 1387 rius,
306 1333 379 1373 etsi
418 1346 439 1371 «
467 1329 652 1374 Vicaiius
684 1329 900 1374 Generalis
932 1344 1024 1374 cum
1064 1331 1256 1374 mandato
1290 1331 1504 1387 speciali»
1533 1331 1640 1388 (can.
1668 1332 1794 1387 2220,

165 1401 269 1460 §Q
304 1401 445 1459 nequit
484 1401 618 1445 valide
650 1400 848 1444 clericum
881 1400 1136 1459 suspendere
1170 1400 1298 1458 poena
1334 1402 1571 1445 medicinali
1605 1407 1675 1445 aut
1711 1405 1796 1445 vin-

165 1473 348 1516 dicativa
372 1487 395 1515 α
419 1471 699 1515 determinato
723 1485 796 1528 per
820 1485 968 1515 nomen
993 1477 1061 1516 aut
1087 1472 1237 1527 locum,
1261 1477 1338 1516 etc.
1363 1472 1648 1531 singularique
1671 1473 1712 1530 a)
1736 1473 1796 1531 of·

165 1544 257 1601 ficio
289 1543 352 1586 vel
386 1543 426 1597 b)
459 1543 652 1600 beneficio
686 1542 795 1601 quod
826 1543 870 1585 in
903 1543 1045 1586 aliena
1072 1548 1259 1599 respectu
1284 1543 1575 1600 suspendentis
1597 1543 1792 1598 dioecesi,

170 1631 189 1656 «
219 1618 336 1659 cuius
385 1618 549 1673 nomine
600 1617 713 1658 venit
761 1627 926 1672 quoque
972 1614 1139 1658 abbatia
1191 1614 1252 1657 vel
1304 1614 1537 1671 praelatura
1588 1614 1788 1658 nullius»

166 1686 274 1743 (can.
309 1686 406 1741 215,
438 1686 466 1744 ἓ
500 1686 556 1742 2),
590 1685 856 1743 reperiatur;
890 1711 941 1716 —
977 1684 1049 1728 secl
1081 1685 1299 1743 suspensio
1323 1684 1364 1742 a)
1389 1684 1504 1728 latae
1536 1686 1795 1735 sententiae;

166 1757 208 1814 b)
243 1757 336 1800 iure
368 1757 575 1799 communi
609 1757 685 1800 lioc
719 1762 797 1801 est:
832 1755 996 1801 Codicis
1028 1756 1236 1814 irroqatu,
1270 1769 1390 1800 secus
1422 1758 1455 1799 si
1490 1758 1578 1799 iure
1612 1759 1791 1813 particu-

163 1829 237 1872 lari
256 1830 430 1877 vetiamsi
468 1842 539 1884 per
573 1828 687 1871 Rom.
725 1828 964 1871 Pontificem
991 1828 1169 1880 condito,
1195 1826 1330 1885 afficit
1354 1829 1395 1870 vi
1417 1826 1792 1883 subintelligentiae

163 1901 515 1955 interpretationis
548 1898 670 1942 huius
702 1898 844 1942 onmia
877 1897 917 1955 a)
952 1898 1107 1955 officio,
1141 1900 1173 1941 si
1207 1899 1422 1954 suspensio
1465 1897 1517 1941 ab
1560 1898 1693 1941 officio
1726 1899 1790 1953 sit,

162 1970 225 2013 vel
260 1970 301 2027 b)
331 1968 542 2026 beneficia,
566 1972 598 2013 si
624 1971 747 2013 fuerit
770 1972 985 2026 suspensio
1009 1982 1030 2012 a
1058 1969 1271 2024 beneficio,
1296 1982 1343 2012 ac
1372 1969 1540 2012 demum
1574 1971 1789 2025 suspensio

161 2040 411 2098 generaliter
444 2041 521 2083 lata
561 2056 581 2081 «
605 2041 731 2084 afficit
763 2041 897 2084 officia
944 2040 1065 2083 simul
1101 2045 1140 2083 et
1172 2039 1372 2084 beneficia
1398 2055 1437 2095 )),
1467 2039 1508 2081 in
1544 2053 1790 2097 quaeimque

159 2111 340 2155 dioecesi
369 2111 671 2169 possideunlm‘
703 2124 724 2154 a
757 2111 909 2155 clerico
941 2113 1000 2154 sic
1033 2124 1245 2167 suspenso.

282 2183 377 2225 112.
413 2184 506 2227 Alii
540 2185 879 2239 suspensionis
912 2183 1121 2228 effectus
1154 2186 1249 2224 sunt
1289 2185 1482 2224 accurate
1527 2181 1787 2237 inspiciendi,

162 2267 266 2311 quos
284 2257 538 2296 memoratur
551 2267 640 2296 cun.
654 2255 792 2296 2283.
809 2251 926 2306 Quae
943 2252 993 2294 de
1010 2251 1440 2295 eoeeommwn'eau‘one
1458 2256 1540 2294 toto
1554 2266 1643 2295 cau.
1659 2254 1786 2295 2265

158 2329 421 2373 statuuntur,
455 2324 579 2366 etiam
614 2323 881 2381 suspensioni
912 2328 1009 2365 sun!
1043 2322 1313 2380 ayiplicuudu,
1347 2322 1462 2366 salva
1497 2323 1690 2380 equidem
1726 2323 1786 2366 di-

161 2397 358 2438 versitate
393 2396 498 2437 inter
533 2394 604 2438 has
637 2407 845 2438 censuras.

275 2464 381 2509 Utile
418 2470 609 2521 putamus
642 2465 752 2508 illam
788 2468 923 2508 tacere
956 2464 1289 2520 applicationem.
1328 2466 1396 2516 «ξ
1432 2464 1468 2508 1.
1502 2463 1685 2519 Quilibet
1717 2477 1783 2507 su-

157 2549 330 2592 spensus
353 2551 372 2576 »
411 2535 683 2592 generaliter:
723 2552 745 2576 «
771 2535 826 2578 l.⁰
853 2534 1099 2578 Prohibetur
1134 2537 1221 2577 iure
1255 2535 1447 2591 eligendi,
1479 2534 1783 2591 praesentandi,

158 2606 461 2649 nominandi».
494 2605 583 2650 Hoc
615 2607 883 2650 asserendum
918 2610 979 2648 est
1011 2607 1135 2648 etiam
1169 2605 1220 2648 de
1254 2618 1452 2661 suspenso
1481 2605 1533 2649 ab
1556 2605 1690 2648 officio
1713 2609 1782 2647 aut

158 2676 374 2730 beneficio,
406 2678 438 2719 si
483 2676 721 2720 alterutrius
764 2675 887 2720 causa
931 2675 1030 2718 illud
1076 2677 1137 2718 ius
1181 2675 1364 2727 haberet.
1401 2701 1456 2707 —
1494 2692 1516 2717 c<
1540 2676 1597 2718 20
1632 2674 1783 2732 Nequit

152 2750 352 2804 consequi
377 2747 613 2803 dignitates,
636 2747 784 2802 officia,
809 2746 1023 2797 beneficia,
1049 2747 1266 2801 pensiones
1288 2746 1590 2789 ecclesiasticas
1612 2745 1780 2788 aliudve

159 2831 307 2861 munus
341 2820 379 2860 in
413 2817 660 2861 Ecclesia».
696 2817 877 2873 idipsum
914 2819 1067 2874 pariter
1095 2817 1344 2861 extendatur
1376 2817 1425 2861 ad
1458 2829 1702 2873 suspensum
1727 2815 1778 2860 ab

155 2889 292 2932 officio
328 2888 389 2931 vel
427 2887 640 2943 beneficio,
674 2890 706 2932 si
741 2887 990 2945 quandoque
1013 2887 1253 2931 alterutrius
1282 2890 1483 2944 possessio
1516 2887 1634 2930 daret
1657 2887 1806 2929 ei'ius·
