1950 3313
118 164 165 198 88
581 163 665 196 [ΑΒ.
691 162 735 197 V.
762 183 775 187 -
802 163 911 197 PARS
937 163 988 198 II.
1013 184 1025 190 -
1052 164 1110 199 De
1131 168 1268 210 poenis
1302 188 1303 191 =

120 281 294 316 distinctis
321 280 565 325 Superioribus
591 279 766 325 punitum,
792 280 898 315 semel

120 334 179 364 aut
207 328 334 373 pluries
360 327 608 361 committatur.

168 379 186 421 ς’
213 376 244 408 3.
275 374 429 409 Censura
455 374 499 408 ab
526 374 667 408 bomine
686 373 898 419 multiplica-

120 428 188 460 tur,
209 422 236 456 si
267 422 364 467 plura
393 425 573 465 praecepta
601 420 651 455 vel
680 421 795 466 plures
821 432 898 456 sen·

120 470 249 505 tentiae
277 468 326 503 vel
348 467 461 513 plures
479 467 663 503 distinctae
681 472 796 514 partes
812 468 900 503 eius-

120 518 196 552 dem
215 515 386 562 praecepti
402 519 462 550 aut
477 515 672 550 sententiae
686 526 784 550 suam
800 526 900 561 quae-

121 576 187 610 que
213 573 397 598 censuram
425 561 599 606 infligant.
766 589 769 592 .

169 612 253 647 CAN.
275 607 378 643 2245.
400 629 417 634 -
438 613 456 650 5
481 609 507 643 l.
527 609 703 645 Censurae
716 609 804 645 aliae
818 614 901 645 sunt

122 664 318 697 reservatae,
346 656 436 691 aliae
461 668 522 690 non
550 664 749 692 reservatae.

169 709 188 748 g
214 705 247 738 2.
276 704 432 739 Censura
451 703 491 738 ab
508 703 638 738 homine
655 709 706 739 est
727 708 901 739 reservata

121 753 149 787 ei
178 753 235 798 qui
256 762 440 786 censuram
463 750 589 785 inllixit
606 755 667 786 aut
688 751 898 786 sententiam

122 800 212 841 tulit,
241 799 358 834 eiusve
389 796 564 843 Superiori
599 799 821 844 competenti,
849 798 901 833 vel

122 845 309 882 successori
325 850 385 880 aut
398 846 573 890 delegato;
593 857 633 880 ex
647 846 805 880 censuris
824 856 902 881 vero

122 906 140 929 α
169 894 241 929 iure
267 893 449 928 reservatis
474 893 563 927 aliae
592 897 675 927 sunt
709 898 903 928 reservatae

126 939 319 983 ordinario,
347 940 437 975 aliae
461 939 672 986 Apostolz'cae
697 938 785 975 Sedi.

170 992 189 1031 g
220 988 252 1024 3.
285 987 308 1022 Ε
346 988 530 1022 reservatis
567 987 784 1032 Apostolicae
823 985 900 1022 Sedi

122 1036 211 1071 aliae
245 1039 328 1069 sunt
362 1041 548 1069 reservatae
577 1034 787 1080 simpliciter,
814 1034 904 1069 aliae

122 1082 261 1130 speciali
285 1081 391 1122 modo,
417 1081 506 1116 aliae
531 1082 772 1128 specialissimo
797 1081 902 1117 modo.

171 1134 190 1172 ξ
217 1128 247 1164 4.
268 1127 423 1164 Censura
441 1129 529 1163 latae
550 1129 745 1164 sententiae
764 1141 834 1164 non
853 1133 905 1164 est

124 1181 311 1220 reservata,
329 1175 394 1210 nisi
424 1176 459 1210 in
488 1177 560 1220 lege
585 1176 634 1211 vel
663 1181 843 1223 praecepto
870 1176 902 1211 id

124 1235 283 1271 expresse
309 1224 461 1265 dicatur;
488 1228 520 1258 et
548 1223 582 1257 in
607 1223 712 1258 dubio
729 1224 801 1259 sive
820 1224 904 1259 iuris

124 1274 195 1307 sive
224 1271 302 1307 facti
329 1270 515 1306 reservatio
542 1281 611 1305 non
639 1276 751 1315 urget.

173 1320 258 1355 CAN.
289 1316 391 1352 2246.
411 1338 428 1342 -
449 1321 468 1360 ξ
492 1317 519 1352 l.
540 1317 585 1352 Ne
611 1323 805 1354 reservetur
830 1329 906 1353 cen-

126 1378 219 1407 sura,
259 1365 323 1399 nisi
363 1369 496 1400 attenta
536 1365 698 1410 peculiari
737 1365 906 1410 gravitate

125 1414 328 1450 delictorum
356 1417 389 1447 et
415 1413 621 1448 necessitate
645 1413 762 1457 aptius
794 1412 905 1458 provi-

125 1461 229 1497 dendi
258 1459 465 1505 disciplinae
496 1460 751 1495 ecclesiasticae
777 1465 810 1495 et
836 1471 905 1496 me-

126 1508 230 1545 dendi
258 1507 484 1542 conscientiis
511 1507 678 1542 fidelium.

174 1560 193 1598 §
220 1555 252 1589 2.
281 1555 477 1590 Reservatio
510 1555 666 1590 strictam
701 1555 824 1600 recipit
854 1554 907 1589 in-

128 1602 423 1649 terpretationem.

175 1654 194 1692 §
220 1649 251 1684 3.
280 1648 478 1684 Reservatio
496 1659 664 1684 censurae
684 1649 907 1694 impedientis

128 1697 361 1742 receptionem
396 1695 703 1731 Sacramentorum
744 1697 908 1742 importat

128 1743 397 1780 reservationem
426 1743 554 1789 peccati
583 1744 636 1778 cui
668 1755 814 1779 censura
848 1744 908 1778 ad-

129 1803 218 1827 nexa
234 1796 306 1833 est;
328 1802 447 1825 verum
467 1790 494 1824 si
514 1790 593 1836 quis
607 1802 627 1826 a
641 1801 789 1826 censura
807 1802 907 1827 excu-

129 1844 225 1875 satur
251 1838 303 1874 vel
328 1837 373 1873 ab
399 1838 518 1872 eadem
549 1838 612 1872 fuit
636 1838 829 1881 absolutus,
857 1849 908 1874 re-

129 1886 277 1922 servatio
306 1886 432 1930 peccati
462 1886 600 1930 penitus
625 1890 748 1921 cessat.

177 1934 262 1968 CAN.
292 1931 396 1967 2247.
429 1953 445 1957 -
475 1936 493 1974 ἓ
525 1933 552 1966 l.
583 1931 618 1967 Si
654 1944 802 1968 censura
828 1931 908 1968 Sedi

131 1980 348 2026 Apostolicae
366 1984 540 2014 reservata
554 1980 609 2021 sit,
625 1978 836 2015 Ordinarius
855 1990 912 2015 ne-

130 2028 205 2073 quit
222 2027 328 2062 aliam
347 2038 529 2061 censuram
551 2027 615 2062 sibi
636 2032 846 2063 reservatam
874 2028 908 2061 in

132 2075 221 2110 idem
249 2074 412 2109 delictum
443 2074 539 2109 ferre.

179 2126 198 2164 ἓ
224 2121 254 2155 2.
285 2121 481 2156 Reservatio
506 2132 674 2156 censurae
700 2121 736 2155 in
766 2121 910 2167 particu-

133 2169 193 2203 lari
222 2169 393 2203 territorio
413 2168 482 2202 vim
502 2179 601 2202 suam
619 2173 715 2203 extra
734 2169 828 2203 illius
845 2173 911 2203 ter-

133 2215 241 2250 ritorii
271 2215 356 2250 lines
384 2226 453 2249 non
480 2215 764 2257 exserit,etiamsi
794 2227 914 2251 censu-

135 2268 228 2298 ratus
266 2263 309 2297 ad
347 2262 604 2298 absolutionem
638 2262 867 2298 obtinendam
894 2273 912 2297 e

134 2309 304 2345 territorio
330 2309 543 2354 egrediatur;
581 2320 728 2345 censura
764 2321 843 2345 vero
868 2310 912 2344 ab

135 2357 276 2392 bomine
302 2361 353 2391 est
381 2356 508 2402 ubique
547 2357 697 2392 locorum
739 2361 913 2392 reservata

135 2406 182 2439 ita
209 2408 244 2438 ut
271 2408 475 2438 censuratus
512 2404 635 2439 nullibi
670 2404 801 2439 absolvi
837 2405 913 2439 sine

135 2451 260 2486 debitis
288 2451 510 2485 facultatibus
539 2451 658 2496 possit.

183 2502 201 2541 ξ
228 2497 261 2531 3.
291 2496 326 2533 Si
354 2498 599 2541 confessarius,
619 2499 784 2543 ignorans
810 2509 915 2533 reser-

137 2546 322 2585 vationem,
364 2545 596 2590 poenitentem
636 2557 655 2580 a
693 2556 841 2580 censura
874 2556 914 2580 ac

140 2598 276 2637 peccato
302 2592 467 2633 absolvat,
488 2592 659 2627 absolutio
674 2603 843 2628 censurae
860 2604 913 2627 va-

138 2640 195 2676 let.
215 2640 404 2674 dummodo
423 2651 465 2674 ne
483 2640 526 2673 sit
545 2650 693 2674 censura
710 2640 754 2674 ab
774 2641 915 2674 bomine

137 2691 195 2722 aut
229 2698 377 2721 censura
414 2687 664 2732 specialissimo
704 2688 804 2722 modo
835 2687 913 2723 Sedi

140 2734 355 2779 Apostolicae
386 2738 570 2768 reservata.

186 2781 271 2815 CAN.
294 2778 396 2814 2248.
421 2801 438 2805 -
459 2784 478 2822 ξ
503 2781 529 2814 Ι.
552 2780 736 2823 Quaelibet
753 2792 913 2821 censura,

138 2828 242 2862 semel
259 2833 447 2869 contracta,
462 2828 594 2862 tollitur
609 2833 745 2862 tantum
763 2828 917 2873 legitima

139 2875 368 2910 absolutione.

1018 286 1037 324 ξ
1063 281 1096 316 2.
1126 282 1306 318 Absolutio
1332 284 1494 328 denegari
1523 285 1643 331 nequit.
1668 297 1748 321 cum

973 330 1123 374 primum
1163 330 1373 376 delinquens
1399 342 1419 366 a
1444 333 1665 368 contumacia
1698 344 1748 369 re-

971 376 1124 418 cesserit,
1151 378 1194 412 ad
1227 389 1386 413 normam
1421 389 1498 414 can.
1524 377 1629 422 2242,
1659 384 1678 422 5
1703 380 1748 424 33

970 434 990 459 a
1016 434 1164 459 censura
1197 429 1312 459 autem
1348 425 1543 468 absolvens,
1572 432 1693 472 potest,
1721 428 1749 462 si

971 481 1026 505 res
1053 470 1152 511 ferat,
1169 482 1230 517 pro
1249 477 1381 518 patrato
1407 472 1532 508 delicto
1558 485 1749 519 congruam

972 518 1220 553 vindicativam
1249 530 1394 565 poenam
1424 520 1475 555 vel
1499 521 1750 566 poenitentiam

973 564 1142 609 infligere.

1020 616 1039 654 ξ
1066 612 1097 646 «’3.
1124 610 1293 654 Censura,
1316 624 1375 659 per
1391 613 1647 651 absolutionem
1674 615 1752 651 sub-

974 659 1055 703 lata,
1088 670 1157 694 non
1194 660 1378 702 reviviscit,
1408 661 1473 696 nisi
1506 662 1540 696 in
1569 673 1649 697 casu
1685 674 1755 708 quo

973 717 1061 741 onus
1088 706 1289 752 impositum
1315 707 1380 742 sub
1412 719 1521 754 poena
1556 710 1752 746 reinciden-

973 754 1041 788 tiae
1068 753 1249 800 impletum
1279 766 1347 789 non
1378 755 1490 790 fuerit.

1022 799 1106 835 CAN.
1137 799 1236 835 2249.
1267 822 1284 826 -
1312 806 1331 843 ξ
1363 802 1387 836 l.
1418 801 1452 838 Si
1481 803 1558 849 quis
1595 804 1756 849 pluribus

974 848 1132 882 censuris
1157 848 1367 890 detineatur,
1398 854 1506 895 potest
1530 850 1574 885 ab
1601 862 1670 886 una
1697 851 1754 886 ab·

974 895 1071 935 solvi,
1098 895 1220 930 ceteris
1246 895 1393 931 minime
1416 897 1597 932 absolutis,

1022 946 1041 983 ξ
1060 941 1093 975 2.
1113 942 1235 977 Petens
1252 943 1520 985 absolutionem,
1537 945 1635 980 debet
1653 956 1756 980 casus

975 999 1096 1024 omnes
1135 989 1301 1031 indicare,
1328 1001 1426 1025 secus
1462 991 1635 1027 absolutio
1664 992 1755 1027 valet

976 1040 1113 1071 tantum
1135 1047 1194 1082 pro
1211 1047 1292 1072 casu
1319 1036 1496 1083 expresso;
1523 1039 1613 1084 quod
1641 1039 1667 1073 si
1695 1040 1753 1074 ab-

976 1083 1113 1122 solutio,
1154 1085 1315 1129 quamvis
1366 1085 1586 1130 particularis
1638 1086 1758 1132 petitio

978 1131 1067 1165 facta
1092 1131 1150 1173 sit,
1168 1131 1270 1166 suerit
1295 1132 1479 1175 generalis,
1506 1133 1595 1168 valet
1621 1144 1758 1179 quoque

979 1189 1038 1224 pro
1064 1178 1207 1213 reticitis
1232 1178 1323 1213 hona
1351 1178 1428 1222 fide,
1446 1185 1586 1225 excepta
1610 1191 1755 1216 censura

977 1225 1228 1271 specialissimo
1256 1226 1356 1261 modo
1371 1225 1450 1261 Sedi
1467 1227 1684 1273 Apostolicae
1709 1238 1759 1263 re-

977 1277 1124 1314 servata,
1152 1284 1221 1308 non
1248 1278 1365 1308 autem
1404 1285 1465 1319 pro
1491 1275 1636 1309 reticitis
1664 1275 1757 1310 mala

980 1320 1058 1355 fide.

1027 1366 1111 1402 CAN.
1140 1365 1244 1402 2250.
1277 1386 1293 1393 -
1322 1371 1341 1409 ξ
1373 1367 1401 1401 l.
1423 1367 1457 1402 Si
1477 1373 1600 1412 agatur
1617 1369 1659 1404 de
1677 1380 1756 1404 cen-

979 1425 1056 1449 sura
1077 1425 1166 1459 quae
1193 1425 1261 1449 non
1289 1414 1757 1460 impeditSacramentorum

981 1461 1226 1507 receptionem,
1248 1466 1465 1502 censuratus,
1487 1462 1552 1498 rite
1569 1463 1759 1509 dispositus

978 1513 1011 1544 et
1028 1509 1281 1544 acontumacia
1302 1509 1478 1551 recedenS‚
1498 1515 1607 1556 potest
1625 1510 1757 1546 absolvi

978 1568 999 1592 a
1025 1556 1186 1602 peccatis.
1219 1556 1320 1591 firma
1345 1567 1505 1592 censura.

1027 1607 1046 1645 ξ
1073 1603 1104 1637 ’2.
1133 1602 1167 1638 Si
1195 1614 1275 1638 vero
1301 1608 1424 1647 agatur
1442 1604 1483 1639 de
1501 1615 1648 1639 censura
1670 1615 1761 1650 quae

980 1650 1126 1696 impedit
1164 1649 1470 1685 Sacramentorum
1509 1651 1757 1697 receptionem,

980 1701 1185 1733 censuratus
1200 1698 1321 1743 nequit
1335 1698 1464 1732 absolvi
1481 1709 1500 1732 a
1518 1699 1675 1742 peccam,
1690 1699 1758 1733 nisi

983 1745 1077 1791 prius
1103 1756 1122 1780 a
1148 1755 1296 1779 censura
1321 1745 1501 1780 absolutus
1525 1746 1638 1781 fuerit.

1030 1796 1048 1834 ξ
1067 1791 1099 1826 3.
1118 1791 1300 1827 Absolutio
1318 1803 1486 1827 censurae
1505 1792 1540 1827 in
1562 1793 1632 1828 foro
1651 1804 1763 1828 sacra-

982 1839 1125 1874 mentali
1159 1839 1359 1874 continetur
1389 1840 1424 1874 in
1451 1845 1616 1875 consueta
1652 1841 1762 1876 forma

981 1886 1210 1921 absolutionis
1238 1891 1453 1932 peccatorum
1474 1888 1508 1921 in
1532 1887 1628 1922 libris
1654 1888 1761 1923 ritua-

983 1934 1074 1968 libus
1110 1934 1341 1979 praescripta;
1372 1934 1408 1968 in
1437 1934 1508 1969 foro
1542 1946 1613 1969 non
1647 1946 1761 1971 sacra-

984 1980 1126 2016 mentali
1155 1980 1309 2026 quolibet
1336 1981 1436 2016 modo
1461 1982 1534 2016 dari
1565 1982 1761 2027 potest,sed

982 2029 1024 2063 ad
1044 2028 1416 2063 excommunicationis
1441 2028 1694 2064 absolutionem
1714 2040 1764 2065 re-

982 2075 1150 2120 gulariter
1177 2075 1321 2110 formam
1348 2075 1504 2110 adhiberi
1536 2077 1699 2111 convenit
1725 2077 1759 2111 in

982 2123 1112 2158 eisdem
1142 2122 1238 2157 libris
1264 2123 1441 2157 traditam.

1031 2169 1114 2204 CAN.
1142 2167 1245 2204 2251.
1272 2190 1293 2195 -
1320 2168 1354 2204 Si
1390 2169 1561 2204 absolutio
1594 2181 1762 2206 censurae

984 2216 1084 2251 detur
1111 2216 1146 2250 in
1176 2217 1246 2251 soro
1272 2221 1424 2258 externo,
1445 2221 1630 2262 utrumque
1650 2218 1761 2252 forum

983 2263 1109 2298 allicit:
1139 2263 1164 2296 si
1194 2264 1229 2297 in
1258 2264 1406 2305 interno,
1424 2264 1614 2299 absolutus.
1632 2269 1763 2299 remoto

985 2310 1161 2353 scandalo,
1192 2315 1301 2356 potest
1339 2310 1387 2345 uti
1427 2311 1530 2346 talem
1565 2323 1600 2346 se
1636 2312 1763 2347 babere

984 2358 1088 2393 etiam
1118 2357 1152 2391 in
1179 2357 1314 2392 actibus
1335 2358 1394 2392 fori
1421 2358 1575 2401 externi;
1604 2359 1675 2400 sed,
1695 2359 1761 2393 nisi

985 2404 1161 2440 concessio
1187 2404 1415 2439 absolutionis
1444 2405 1606 2450 probetur
1623 2411 1683 2441 aut
1701 2406 1763 2441 sal-

986 2457 1054 2487 tem
1083 2451 1233 2496 legitime
1273 2457 1515 2497 praesumatur
1542 2453 1576 2486 in
1606 2453 1676 2488 foro
1707 2464 1762 2488 ex-

986 2504 1096 2539 terno,
1130 2509 1278 2533 censura
1317 2503 1426 2544 potest
1463 2511 1482 2534 a
1520 2499 1764 2545 Superioribus

989 2546 1049 2581 fori
1077 2546 1223 2585 externi,
1245 2545 1372 2591 quibus
1398 2558 1476 2580 reus
1504 2558 1623 2592 parere
1648 2548 1762 2590 (lebet,

987 2593 1112 2636 urgeri,
1138 2592 1246 2627 donec
1280 2593 1451 2628 absolutio
1477 2594 1512 2628 in
1541 2594 1659 2629 eodem
1695 2595 1765 2630 foro

987 2640 1102 2675 habita
1133 2639 1246 2674 suerit.

1035 2686 1119 2722 CAN.
1149 2685 1240 2721 2252
1286 2706 1301 2713 -
1331 2686 1397 2730 Qui
1420 2687 1452 2721 in
1475 2688 1626 2733 periculo
1645 2689 1765 2723 mortis

987 2734 1182 2775 constituti,
1209 2745 1230 2768 a
1255 2735 1442 2771 sacerdote,
1471 2735 1631 2777 specialis
1660 2735 1764 2770 facul-

988 2781 1069 2815 tatis
1097 2785 1246 2826 experte,
1276 2787 1477 2827 receperunt
1510 2782 1763 2817 absolutionem

988 2828 1031 2863 ab
1050 2828 1168 2873 aliqua
1194 2839 1341 2863 censura
1359 2829 1402 2863 ab
1423 2829 1563 2864 bomine
1583 2829 1632 2864 vel
1652 2840 1673 2864 a
1689 2840 1766 2864 cen-

988 2886 1069 2910 sura
1103 2875 1352 2920 specialissimo
1387 2876 1488 2911 modo
1513 2875 1593 2911 Sodi
1622 2876 1764 2921 Aposto-
