1950 3313
166 161 230 194 166
679 158 763 191 Lm.
794 157 824 190 ἶ.
854 177 866 182 -
893 157 1063 191 Νονῃιαε
1084 157 1282 200 ,ρεπεν-αἰῶ

164 281 329 321 nitatem
365 279 483 321 cuius
515 279 566 319 sit
600 275 867 332 membrum),
890 288 983 318 cum
1009 277 1276 330 exceptione:
1311 274 1397 317 visi
1430 274 1517 318 alio
1550 289 1601 317 θα]
1633 275 1782 333 capite,

166 363 201 390 v.
236 363 296 405 gr.
331 351 426 405 quia
460 348 526 391 die
560 347 661 390 sesto
695 359 772 389 non
809 350 945 402 posset
978 345 1132 388 babens
1166 347 1392 389 oratorium
1423 347 1632 402 privatum
1666 346 1784 389 aliter

165 422 329 462 missam
364 419 523 472 audire,
548 418 656 460 unde
680 422 882 473 eoesurqat
904 415 1105 472 obligatio
1130 416 1271 459 utendi
1306 416 1540 473 privilegio,
1566 417 1782 460 videlicet:

163 490 329 548 quando
363 489 671 533 incommodum
706 487 821 531 abest
854 500 1058 530 excusans
1089 487 1141 531 ab
1174 487 1439 544 obligatione.

284 561 378 603 138.
415 561 672 606 Stabilitas
695 560 1064 615 privilegiorum
1088 560 1247 601 eruitur
1275 571 1324 601 ex
1358 560 1600 602 eorumdem
1625 564 1786 613 natura,

164 644 268 688 quae
302 631 550 675 beneficium
586 632 623 672 in
658 643 700 673 se
734 631 928 672 continet.
963 627 1064 672 Cum
1101 629 1229 685 igitur
1261 643 1347 686 reg.
1373 633 1474 673 iuris
1498 631 1550 673 16
1577 632 1614 672 in
1642 630 1684 672 6Ο
1708 629 1786 673 cla-

166 707 269 745 met:
309 718 327 742 «
355 701 478 745 Decet
511 713 753 744 concessum
788 712 810 743 a
845 701 1032 756 principe
1066 699 1315 743 beneticium
1360 714 1448 744 esse
1483 713 1786 744 mansurum».

164 774 239 815 nisi
274 773 407 815 eidem
443 773 616 828 principi
650 770 761 814 aliud
796 772 834 813 in
869 769 1033 814 casibus
1070 770 1273 825 videatur,
1303 771 1340 813 id
1377 773 1511 827 ipsum
1545 771 1790 828 praescribit

164 857 254 886 ean.
290 846 363 886 70.
399 842 676 899 ΡΨίυίΙθφίαῃι
716 844 879 898 proprie
923 841 1095 895 dictum,
1129 842 1422 899 quodcumque
1464 842 1562 885 illud
1607 845 1670 891 sit,
1704 842 1790 885 nisi

165 913 285 957 aliud
317 919 473 957 constet
505 918 631 967 certo,
665 915 754 956 sive
787 926 837 955 ex
872 914 1000 968 ipsius
1033 916 1188 966 tenore,
1212 915 1301 956 sive
1328 912 1507 968 aliunde,
1541 912 1790 956 censendum

165 990 225 1028 est
255 990 501 1043 perpetuum
533 983 852 1027 sewindetinite
887 995 1142 1026 mansurum.

288 1055 380 1098 139.
419 1056 795 1111 Privilegiorum
836 1056 1105 1100 revocatio.
1138 1053 1201 1097 Ab
1226 1053 1303 1097 hoc
1326 1066 1483 1097 canone
1509 1067 1637 1112 usque
1660 1053 1710 1097 ad
1735 1054 1790 1097 78

167 1125 410 1183 praescribit
434 1124 573 1170 Codex
598 1137 764 1168 normas
787 1127 895 1168 circa
932 1124 1249 1181 privilegiorum
1283 1127 1563 1170 amissionem.
1587 1124 1635 1168 Et
1658 1127 1791 1182 primo

167 1200 279 1241 iuxta
316 1196 499 1253 regulam
539 1196 557 1238 1
596 1195 661 1253 (V,
698 1195 769 1252 41)
809 1193 1001 1239 «Omnis
1036 1209 1114 1250 res,
1140 1209 1211 1252 per
1237 1208 1522 1253 quascumque
1554 1208 1700 1239 causas
1723 1208 1792 1239 na-

166 1270 307 1322 scitur,
343 1280 415 1323 per
448 1267 613 1310 easdem
650 1265 956 1319 dissolvitur»,
992 1269 1180 1324 sequitur
1211 1269 1342 1310 amitti
1378 1266 1597 1323 privilegia
1633 1280 1705 1323 per
1738 1279 1796 1309 re-

169 1340 427 1381 vocationem
463 1337 671 1381 collatoris
708 1337 769 1380 vel
806 1339 894 1380 eius
925 1339 1177 1380 successoris
1208 1342 1279 1380 aut
1316 1339 1543 1394 superioris
1576 1339 1614 1380 in
1649 1337 1794 1380 eadem

169 1409 464 1452 iurisdictione.
501 1407 611 1451 Haec
644 1412 822 1464 potestas
857 1408 1080 1451 revocandi
1113 1421 1202 1451 sese
1234 1408 1419 1451 extendit
1452 1408 1501 1451 ad
1537 1421 1680 1451 omnes
1713 1413 1795 1451 tres

168 1479 414 1535 principales
436 1481 595 1535 species
615 1478 944 1535 privilegiorum,
963 1478 1142 1522 scilicet:
1163 1479 1212 1522 ad
1237 1478 1455 1535 privilegia
1478 1481 1672 1535 gratiosa,
1689 1492 1796 1536 quae

169 1563 218 1593 ex
254 1563 365 1593 mera
402 1549 651 1593 liberalitate
687 1554 945 1605 promanant,
980 1549 1029 1592 ad
1066 1552 1407 1604 remuneratoria,
1443 1562 1548 1606 quae
1577 1551 1721 1592 merita
1757 1552 1795 1592 in

169 1620 454 1675 privilegiario
483 1624 833 1675 praesupponunt,
858 1624 897 1662 et
919 1619 968 1662 ad
994 1619 1343 1673 conventionalia,
1362 1631 1468 1676 quae
1490 1624 1651 1675 pactum
1672 1619 1798 1677 quod-

169 1690 263 1733 dam
300 1693 538 1747 important.
575 1690 749 1733 Proinde
793 1693 1000 1747 quamvis,
1035 1695 1077 1733 ut
1122 1690 1232 1733 licite
1267 1694 1517 1734 revocentur
1550 1689 1616 1733 illa
1650 1695 1689 1733 ct
1723 1692 1796 1733 ista
1856 1702 1903 1734 .’

169 1761 402 1817 privilegia,
437 1774 561 1805 causa
596 1763 828 1817 respective
864 1764 967 1804 iusta
1004 1764 1229 1819 gravisque
1257 1764 1308 1804 sit
1330 1763 1580 1815 necessaria,
1612 1762 1661 1805 ad
1696 1761 1798 1805 haec

169 1833 404 1875 revocanda
442 1837 608 1888 propter
641 1832 877 1875 donationis
913 1845 1057 1875 verum
1094 1837 1273 1888 pactum,
1308 1834 1490 1875 maxime
1512 1834 1543 1875 si
1568 1831 1670 1875 haec
1694 1833 1797 1875 sacta

170 1903 293 1946 fuerit
326 1917 404 1946 non
439 1903 603 1947 subdito
636 1909 674 1946 et
713 1903 764 1947 ab
811 1903 956 1946 eodem
1005 1908 1233 1959 acceptata,
1267 1915 1391 1947 causa
1425 1905 1529 1946 iusta
1564 1908 1603 1946 et
1636 1902 1800 1960 publica
1869 1900 1871 1903 ’
1939 1898 1941 1918 *

171 1976 395 2030 requiritur
428 1975 477 2017 ad
517 1975 695 2018 validam
735 1977 1057 2018 revocationem.
1094 1974 1178 2017 lmo
1211 1977 1492 2030 compensatio
1519 1979 1626 2017 esset
1658 1986 1802 2017 conce-

170 2044 318 2095 denda,
342 2047 373 2087 si
402 2047 463 2087 ius
486 2044 537 2088 ob
564 2045 827 2101 privilegium
870 2046 993 2088 suerii
1025 2047 1275 2102 acquisitum
1302 2058 1349 2088 ex
1375 2049 1589 2088 contractu
1614 2057 1798 2087 oneroso.

288 2115 375 2171 Ipsa
413 2118 623 2159 revocatio
657 2121 788 2173 potest
832 2118 920 2159 tieri
965 2115 1128 2159 duobus
1156 2116 1302 2169 modis,
1347 2115 1540 2158 videlicet
1578 2118 1699 2158 tacite
1732 2119 1802 2157 aut

170 2199 378 2242 expresse.
414 2186 551 2229 Tacita
578 2189 788 2230 revocatio
822 2192 882 2230 est
915 2200 1021 2244 quae
1055 2189 1099 2229 tit
1133 2200 1205 2243 per
1240 2191 1376 2229 actum
1405 2188 1583 2242 positum
1606 2199 1699 2229 cum
1726 2187 1804 2241 pri-

174 2255 312 2312 vilegii
347 2259 595 2313 cognitione,
630 2263 754 2314 atque
789 2260 841 2301 ita
877 2257 1080 2301 stabiliter
1113 2270 1160 2300 ac
1193 2257 1351 2300 directe
1387 2258 1640 2299 contrarium
1677 2258 1802 2312 privi-

172 2326 291 2382 legio,
329 2332 370 2369 ut
406 2327 475 2370 ille
508 2333 623 2371 actus
656 2328 955 2371 destitueretur
988 2329 1150 2380 effectu,
1184 2330 1216 2371 si
1251 2327 1517 2384 privilegium
1548 2326 1801 2370 subsisteret.
1870 2332 1899 2371 .‘··
1946 2313 1948 2330 Σ

172 2397 270 2440 lude
303 2400 443 2440 statuit
485 2412 574 2442 eme.
610 2401 678 2440 71.
725 2397 807 2440 Per
850 2398 980 2455 leyem
1011 2398 1253 2456 qeneralem
1288 2399 1482 2452 suturam,
1525 2397 1703 2441 scilicet:
1744 2399 1804 2440 ius

173 2471 371 2524 scriptum
409 2482 487 2525 qua
524 2469 763 2512 distinctum
789 2482 809 2512 a
840 2485 859 2510 «
885 2469 1044 2526 legibus
1072 2469 1248 2512 conditis
1275 2482 1348 2525 pro
1371 2468 1509 2525 aliquo
1553 2469 1798 2510 territorio»

171 2538 277 2594 (can.
316 2539 399 2596 13),
420 2544 670 2582 revocamur
703 2535 824 2582 tacite
858 2545 900 2582 ut
933 2553 1069 2596 supra,
1105 2539 1181 2591 boc
1224 2551 1381 2583 canone
1425 2539 1463 2582 id
1518 2539 1810 2598 confirmante,
1871 2524 1881 2562 7

169 2609 398 2666 privileyt'a
432 2609 475 2652 in
510 2608 583 2652 hoe
624 2609 772 2652 sociive
806 2616 1012 2658 contenta,
1037 2613 1134 2667 quin
1169 2610 1232 2653 lex
1267 2609 1336 2652 illa
1373 2609 1519 2652 borum
1553 2610 1803 2651 mentionem

173 2680 316 2732 saciat,
352 2679 407 2722 ad
431 2685 568 2722 velera
596 2679 704 2737 quod
727 2680 894 2733 attinet,
929 2694 1098 2737 nempe:
1133 2685 1249 2724 extra
1282 2679 1476 2724 Codicem
1515 2678 1656 2722 relicta
1682 2681 1719 2721 in
1746 2680 1802 2720 vi-

175 2764 273 2806 gore
299 2753 410 2793 iuxta
434 2764 524 2794 can.
550 2751 588 2804 4,
614 2751 709 2805 613,
734 2756 923 2793 salvetur
951 2751 1263 2809 praesz‘vdptzem
1298 2765 1387 2793 ean.
1413 2752 1491 2803 60,
1521 2751 1592 2807 qui
1625 2749 1803 2806 loquitur

176 2820 226 2863 de
245 2834 439 2877 expressa
469 2824 732 2864 revocatione
758 2823 1065 2878 rescriptorum,
1091 2824 1148 2865 sic
1173 2822 1376 2878 aptandus
1400 2820 1642 2877 privilegiis.
1672 2835 1691 2860 «
1711 2819 1739 2876 ξ
1767 2819 1801 2861 1.

177 2890 457 2947 Privilegium,
495 2905 568 2947 per
603 2891 853 2947 peculiarem
890 2891 1087 2948 (scilicetz
1123 2892 1172 2934 ad
1209 2891 1307 2934 illud
1343 2890 1552 2946 singulare
1582 2886 1802 2943 directum)
