1950 3313
692 162 776 197 ΤιΤ.
802 162 869 197 IV.
895 163 951 198 De
980 166 1182 208 rescriptis
1683 163 1748 199 137

117 288 183 331 illa
217 287 439 345 singularis
467 285 517 329 ab
550 286 639 329 alia
676 293 864 344 respectu
897 288 1143 345 denegantis
1175 302 1222 332 ac
1256 289 1506 333 disiunctive
1540 289 1581 346 a)
1617 290 1749 334 Sacra

121 357 454 416 ΓοιτριῈφίΙιόηθ
502 357 543 414 1))
580 357 640 400 rel
678 358 828 416 (isfiei'o
877 358 917 415 c)
953 365 1026 402 1111!
1073 374 1098 402 (ι
1147 359 1228 403 loci
1265 359 1513 410 Ordinario,
1562 364 1748 417 praecise

115 430 153 473 ai
187 429 239 473 ob
274 429 383 473 illam
418 429 735 485 denegationem
771 435 890 473 antea
925 430 1194 482 declaratam,
1221 443 1314 474 nam
1348 431 1528 475 dicitur:
1564 432 1645 475 etsi
1673 447 1746 490 po-

118 506 307 543 testatem
333 499 507 543 habente
539 502 627 543 sive
653 502 765 544 iuxta
801 500 1050 544 Noiwnarum
1076 507 1234 545 textum
1260 502 1393 559 quoad
1421 502 1531 545 illam
1561 508 1600 546 et
1625 505 1746 553 istud,

114 573 203 614 sive
236 571 490 614 ordinariam
524 570 816 627 ‹lelegatamvo
849 573 984 629 quoad
1020 570 1311 624 Ordinarium,
1344 572 1588 616 conceditur
1631 577 1746 631 cqui-

115 643 209 685 dem
245 655 317 697 ρει·
350 643 596 697 rescriptum
626 644 662 684 ri
692 644 804 685 vocis
837 645 1032 700 quamvis
1064 643 1144 686 alia
1177 642 1253 686 sub
1278 645 1406 687 torma
1445 657 1480 686 v.
1502 658 1561 700 gr.
1592 644 1746 698 Brevis,

114 712 156 769 b)
190 712 282 754 sine
313 726 488 754 assensu
515 712 672 755 Sacrae
698 712 1051 769 Conqreqntionis
1087 713 1147 756 rel
1175 714 1318 770 Officii
1352 728 1523 771 qzioeum
1562 715 1622 757 rel
1654 716 1744 773 qni-

111 781 278 824 boscum
311 781 420 825 licite
443 787 512 825 aut
537 782 693 835 illicite,
718 796 811 826 nam
849 783 913 826 lex
941 786 1014 827 ista
1043 786 1209 827 irritans
1242 787 1424 828 continet
1457 798 1623 842 (pioque
1658 800 1747 829 nor-

112 865 271 895 marum
309 852 629 909 prohibitionem
663 868 712 897 ex
752 853 889 897 verbis
922 860 1107 912 coeptum
1133 854 1234 911 ficit,
1271 855 1379 898 unde
1415 856 1652 899 invaliuuas
1685 862 1743 901 est

109 923 331 967 asserenda
366 927 560 981 quamvis
592 924 827 981 denegatio,
861 938 968 982 quae
993 926 1178 968 fortassis
1213 928 1418 969 timeatur.
1446 940 1523 969 non
1561 940 1746 983 praeces-

108 996 219 1037 serit.
254 994 301 1037 Et
335 998 528 1052 quamvis
553 1000 592 1038 S.
616 995 933 1039 Poenitentiaria
958 998 1009 1039 sit
1034 1010 1112 1038 non
1137 996 1414 1052 Congregatio
1440 1010 1513 1040 ner
1533 995 1747 1052 Officium,

107 1065 178 1108 sed
213 1064 424 1116 Tribunal,
460 1079 660 1109 canonem
699 1068 906 1122 respicere
939 1066 1200 1110 solummodo
1235 1068 1367 1110 sorum
1404 1072 1622 1111 externum
1658 1069 1742 1112 edi-

109 1138 216 1179 citur
251 1149 322 1192 per
355 1136 613 1179 clausulam:
662 1136 778 1179 salvo
815 1137 906 1179 iure
941 1137 980 1178 S.
1021 1136 1381 1180 Poem'tentiariae
1425 1152 1503 1195 pro
1536 1138 1630 1196 soro
1681 1139 1742 1181 in-

110 1212 227 1249 terno
260 1209 382 1250 etiam
417 1208 553 1264 quoad
590 1210 745 1264 gratias
779 1210 816 1250 in
843 1210 929 1250 toro
964 1212 1136 1251 externo
1160 1211 1337 1264 positive
1361 1209 1597 1265 denegatas.
1634 1211 1741 1264 Quid

110 1290 208 1320 vero
241 1278 377 1335 quoad
415 1278 694 1334 indulgentias
731 1280 866 1321 forsan
901 1291 1121 1322 concessas
1154 1279 1276 1323 alicui
1312 1282 1639 1327 orationi,cuius
1672 1294 1742 1337 ap-

107 1347 295 1404 probatio
330 1350 416 1402 tuit,
441 1351 637 1406 quamvis
670 1348 844 1396 occulte,
873 1362 946 1405 per
979 1350 1147 1393 Sacram
1172 1350 1366 1406 (joiigrffi.
1392 1352 1637 1407 Supremam
1672 1352 1741 1395 de-

107 1419 286 1475 negata?
319 1418 534 1462 Absdubio
558 1432 606 1462 ex
634 1424 841 1476 postrema
875 1422 1045 1463 canonis
1069 1420 1251 1463 clausula
1285 1426 1345 1464 est
1380 1421 1618 1465 invaliditas
1651 1435 1743 1466 con·

105 1491 303 1533 cessionis
335 1503 479 1533 earum
513 1491 735 1534 asserenda
770 1490 821 1533 ob
859 1492 1070 1534 defectum
1110 1491 1332 1535 voluntatis
1367 1495 1403 1535 iu
1439 1494 1476 1535 S.
1531 1493 1742 1536 l'oeniten-

105 1562 223 1603 tiaria
257 1560 308 1603 de
343 1561 711 1616 praetermittendo
747 1563 836 1604 iure
869 1563 907 1606 S.
943 1560 1104 1617 Congi·⁵.
1143 1562 1181 1605 S.
1217 1560 1368 1606 Officii.

230 1631 324 1674 109.
360 1634 595 1678 Extensio
631 1638 753 1679 ean⁸.
777 1639 959 1690 praees.
992 1636 1056 1678 ad
1091 1635 1464 1680 Ordinariorum
1499 1638 1743 1692 rescripta

104 1702 444 1758 expostulabatur
485 1702 788 1746 rationabiliter
827 1703 878 1747 ol)
922 1705 1097 1747 eandem
1139 1718 1223 1760 reg.
1249 1706 1301 1747 84
1330 1704 1433 1747 luris
1469 1708 1505 1747 in
1534 1706 1589 1748 ⁴5⁰.
1626 1709 1741 1761 Quae

103 1773 314 1829 ampliatio
348 1776 406 1817 sic
433 1774 645 1817 moderata
673 1775 745 1817 i'uit
782 1777 819 1816 in
855 1789 947 1816 ean.
973 1778 1046 1817 44.
1074 1801 1126 1805 -—
1162 1778 1185 1829 3
1224 1776 1257 1818 1.
1284 1775 1411 1819 Nemo
1436 1779 1741 1834 cuiuscumque

102 1844 270 1900 gradus,
304 1845 442 1894 officii,
476 1845 703 1900 dignitatis,
739 1847 861 1888 etiam
900 1846 1118 1902 religiosus
1170 1846 1383 1903 religionis
1432 1847 1637 1891 clericalis
1668 1862 1739 1891 ex-

102 1920 280 1971 emptae,
310 1915 499 1971 qratiam.
532 1915 707 1959 eandem
744 1918 781 1958 in
816 1917 1015 1973 singulari
1051 1931 1101 1960 ex
1139 1918 1423 1961 iurisdictione
1458 1920 1737 1974 profecturam

102 2000 126 2028 a
155 1987 349 2043 proprio,
381 1989 447 2029 cui
480 1986 700 2030 subiicitur
733 1992 771 2030 et
805 1992 1066 2043 competente
1100 1989 1236 2044 ‹pio-ad
1273 1988 1383 2032 illam
1423 2003 1458 2033 v.
1485 2004 1544 2045 gr.
1578 1989 1738 2045 dispen-

99 2058 301 2099 sationem
338 2057 624 2113 impedimenti
658 2057 875 2100 cuiusdam
913 2060 1180 2105 matrimonii,
1208 2058 1456 2112 (ὶνιίίηανιό,
1491 2063 1597 2109 (can.
1639 2060 1737 2113 198,

98 2126 126 2184 ξ
162 2127 202 2183 l)
235 2132 272 2170 et
310 2127 525 2184 religiosus
558 2128 842 2184 supradictus
875 2128 927 2172 ab
962 2142 1042 2171 uno
1066 2130 1289 2185 Superiore
1325 2132 1453 2185 ipsius
1480 2133 1649 2179 maiore,
1673 2130 1738 2173 de-

102 2204 295 2255 neyatam
331 2200 506 2255 positivo
540 2199 661 2242 modo
697 2201 800 2242 iuste
837 2199 899 2242 vel
936 2200 1288 2253 irrationabiliter,
1313 2201 1362 2243 ab
1386 2201 1472 2243 alio
1501 2200 1734 2244 (triliuario

99 2271 173 2311 etsi
208 2271 386 2325 proprio.
424 2275 463 2313 ut
498 2283 622 2326 supra
657 2269 915 2313 declaratum
952 2276 1026 2320 est,
1054 2271 1115 2314 vel
1141 2271 1274 2314 solum
1301 2277 1570 2328 ‘competente
1602 2278 1735 2329 petat,

100 2337 217 2380 nulla
240 2338 357 2397 saeta
385 2340 673 2396 praecedentis
705 2339 999 2397 (leiieqcitt'oiiz's
1033 2341 1167 2398 quoad
1194 2342 1369 2385 eandem
1395 2345 1570 2398 gratiam
1611 2356 1647 2382 r.
1673 2356 1734 2398 gr.

101 2422 172 2464 ρει·
204 2410 467 2465 Superiorem
510 2410 714 2467 regularis
747 2412 883 2468 quoad
929 2411 1166 2455 facultatem
1211 2413 1407 2456 audiendi
1453 2415 1735 2456 confessiones

97 2481 349 2523 contratrum
386 2484 423 2524 in
449 2479 608 2525 Ordine
633 2482 832 2536 clericali,
858 2483 1068 2525 mentione
1104 2485 1141 2525 in
1167 2485 1286 2527 cuius
1319 2487 1541 2527 omissione
1574 2487 1649 2527 sita
1675 2489 1733 2527 est

101 2553 341 2607 praescripti
376 2555 674 2609 transgressio;
709 2553 826 2611 ficeta
851 2559 991 2596 (tatem
1032 2554 1239 2597 mentione
1272 2558 1350 2597 iam
1386 2555 1611 2605 declarata,
1646 2569 1734 2611 pro-

96 2623 283 2678 sequitur
316 2635 462 2677 canon,
487 2635 534 2666 ac
571 2624 744 2680 proinde
780 2624 888 2667 licite
915 2624 1107 2679 precibus
1142 2628 1343 2681 porrectis
1377 2625 1472 2668 huic
1506 2623 1732 2669 (slrdinario

96 2692 163 2735 alii
198 2691 341 2735 saltem
377 2696 642 2749 competenti,
681 2693 942 2737 Ordimtrius
976 2694 1042 2738 liic
1072 2696 1261 2751 qratiam
1295 2696 1346 2738 de
1379 2709 1458 2753 qua
1496 2699 1532 2738 in
1573 2708 1730 2739 canone

98 2775 147 2803 tie
179 2761 392 2813 concedat,
426 2763 647 2819 prohibitio
682 2764 783 2808 llaec
806 2767 1051 2821 supervenit
1083 2765 1177 2809 lluic
1201 2766 1412 2821 Superiori
1447 2766 1729 2809 ecclesiastico

95 2832 287 2889 equidem
315 2832 412 2875 illud
438 2835 597 2885 scienti,
624 2839 685 2877 ast
707 2835 840 2878 solum
865 2835 942 2878 sub
966 2835 1201 2878 conditione
1223 2853 1230 2878 :
1262 2836 1345 2878 nisi
1369 2835 1523 2878 leubilis
1558 2838 1725 2892 praevia

95 2903 424 2959 expostulatione
452 2903 512 2946 rel
542 2917 619 2947 non
646 2918 669 2946 (ι
690 2905 837 2961 priore
864 2904 1098 2948 (trdinario
1123 2919 1298 2961 nempe:
1333 2909 1401 2963 qui
1438 2906 1610 2949 eandem
1636 2918 1729 2961 gra-
