1950 3313
154 160 221 193 142

616 157 700 190 Lm.
735 157 776 191 V.
806 176 818 181 —
847 156 955 190 PARS
982 156 1035 190 Π.
1063 176 1077 181 -
1102 156 1160 190 De
1179 158 1317 200 poenis

198 275 280 312 CAN.
308 275 411 310 2271.
444 297 459 300 -
494 274 527 310 δί
565 275 788 310 interdictum
826 274 927 309 fuerit

150 323 254 358 locale
269 323 429 368 generale
443 327 474 357 et
492 321 664 357 interdicti
681 321 817 357 decreto
831 322 926 356 aliud

152 381 220 405 non
248 375 410 404 caveatur
435 380 613 415 expresse:

226 418 258 450 1(ι
288 416 501 451 Permittitur
551 415 696 456 clericis,
738 415 928 451 dummodo

150 475 219 498 non
259 464 329 497 sint
368 464 431 508 ipsi
472 463 699 508 personaliter
738 463 925 504 interdicti,

150 510 266 545 omnia
293 511 414 545 divina
439 510 553 545 officia
578 515 611 545 et
637 521 752 546 sacros
777 511 864 545 ritus
892 511 925 545 in

151 568 370 603 quacumque
395 557 540 593 ecclesia
565 562 625 593 aut
650 558 799 593 oratorio
820 558 927 604 priva

150 606 212 639 tim
239 604 346 647 obire,
366 605 480 640 ianuis
497 605 636 643 clausis.
657 616 736 641 voce
753 605 930 640 submissa

151 657 181 687 et
209 653 390 697 campanis
417 663 486 687 non
516 652 682 698 pulsatis;

222 698 260 733 20
287 699 324 733 ln
351 699 495 735 ecclesia
534 710 611 735 vero
648 699 850 741 cathedrali,
875 710 929 735 ec-

151 745 266 781 clesiis
288 746 538 791 paroecialibus
557 747 608 782 vel
624 747 661 782 in
678 747 823 783 ecclesia
841 758 930 792 quae

152 793 255 828 unica
273 793 317 828 sit
343 794 378 828 in
405 794 540 840 oppido,
560 794 595 828 in
616 794 727 840 iisque
745 794 839 835 solis,
856 805 929 840 per-

153 841 340 876 mittuntur
367 841 470 876 unius
497 841 621 876 Missae
647 841 847 883 celebrati0,
875 853 928 876 as-

150 888 297 923 servatio
323 889 534 924 sanctissimi
563 888 792 930 Sacramenti,
822 888 929 923 admi-

152 935 311 970 nistratio
337 935 570 982 baptismatis,
595 936 839 976 Eucharistiae,
856 947 929 982 poe·

150 982 333 1026 nitenfflae,
360 983 558 1019 assistentia
600 984 841 1024 matrimoniis,
873 994 929 1019 ex-

150 1030 246 1065 clusa
273 1029 514 1066 benedictione
532 1031 696 1077 nuptiali,
713 1036 929 1066 mortuorum

150 1077 342 1123 exsequiae,
361 1078 465 1113 vetita
483 1083 598 1113 tamen
619 1079 742 1124 quavis
756 1078 930 1114 sollemni-

151 1128 232 1165 tate,
262 1124 456 1161 benedictio
494 1136 605 1171 aquae
644 1126 862 1171 baptismalis
897 1130 930 1161 et

150 1182 325 1207 sacrorum
342 1173 505 1214 oleorum,
524 1173 731 1217 praedicatio
747 1173 839 1208 verbi
859 1172 929 1208 Dei.

153 1219 188 1253 ln
216 1219 270 1253 his
296 1224 412 1255 tamen
433 1221 540 1255 sacris
560 1220 799 1256 functionibus
819 1220 929 1266 prohi-

153 1266 252 1302 betur
277 1272 401 1302 cantus
419 1273 452 1302 et
472 1278 596 1314 pompa
627 1268 661 1302 in
694 1279 791 1303 sacra
817 1268 929 1313 supel-

153 1313 255 1349 lectili
284 1319 317 1349 et
342 1314 476 1349 sonitus
502 1326 766 1361 campanarum,
785 1326 929 1360 organo-

152 1372 243 1401 rum,
265 1361 455 1397 aliorumve
482 1362 795 1399 instrumentorum
824 1363 929 1397 musi-

152 1408 300 1452 calium;
329 1420 467 1444 sacrum
493 1414 610 1445 autem
627 1410 799 1446 Viaticum
818 1410 861 1445 ad
881 1410 931 1444 in-

155 1455 272 1490 firmos
300 1457 458 1502 privatim
488 1457 674 1493 deferatur.

201 1501 283 1538 CAN.
310 1503 414 1538 2272.
447 1525 463 1529 -
492 1508 510 1546 ἓ
542 1504 570 1538 l.
601 1504 636 1539 ln
673 1504 857 1540 interdicto
884 1504 930 1540 lo-

153 1550 216 1585 cali
238 1550 451 1596 particulari,
469 1551 495 1585 si
517 1550 741 1587 interdictum
762 1552 863 1587 fuerit
882 1552 930 1587 al-

152 1602 225 1633 tare
244 1597 295 1633 vel
313 1598 480 1633 sacellum
498 1599 646 1634 alicuius
663 1599 837 1640 ecclesiae,
852 1599 931 1634 nul-

154 1644 226 1679 lum
252 1656 390 1680 sacrum
428 1645 583 1681 officium
619 1658 677 1683 seu
716 1657 812 1682 sacer
845 1646 931 1682 ritus

154 1692 188 1726 in
220 1691 349 1728 eisdem
375 1692 578 1729 celebretur.

202 1743 220 1781 ξ
246 1739 278 1773 2.
306 1738 340 1775 Si
369 1740 592 1775 interdictum
630 1740 732 1776 fuerit
765 1745 931 1776 coemete-

154 1787 258 1827 rium,
277 1786 432 1822 fidelium
451 1788 591 1833 quidem
607 1789 775 1824 cadavera
794 1788 931 1834 sepeliri

1000 274 1128 310 ibidem
1159 280 1313 320 possunt,
1339 275 1398 310 sed
1424 274 1501 310 sine
1527 274 1597 310 ullo
1623 274 1780 310 ecclesia-

1001 322 1086 357 stico
1111 323 1193 356 ritu.
1324 352 1326 354 ,

1048 373 1067 411 ξ
1094 368 1126 403 3.
1156 368 1190 404 Si
1211 369 1318 404 latum
1341 369 1443 404 fuerit
1462 369 1496 403 in
1516 373 1645 404 certam
1672 369 1777 404 eccle-

999 416 1086 451 siam
1114 417 1167 451 vel
1192 417 1402 452 oratorium:

1076 463 1109 498 l⁰
1137 462 1171 498 Si
1199 464 1344 499 ecclesia
1372 463 1473 498 fuerit
1491 462 1695 508 capitularis
1715 473 1777 498 nec

1003 510 1227 546 interdictum
1255 511 1298 546 sit
1325 510 1535 556 Capitulum,
1564 509 1653 545 valet
1683 520 1779 556 prae-

1001 558 1168 603 scriptum
1202 569 1280 593 can.
1309 558 1414 598 2271,
1445 569 1478 592 n.
1508 558 1539 599 l,
1569 557 1636 591 nisi
1673 556 1779 592 inter-
1811 577 1814 582 ·

1001 605 1082 640 dicti
1111 605 1286 640 decretum
1317 605 1504 651 praecipiat
1531 604 1671 639 Missam
1700 615 1778 639 con-

1004 653 1200 688 ventualem
1227 653 1391 688 celebrari
1412 657 1445 688 et
1464 652 1566 687 horas
1593 651 1779 687 canonicas

1002 699 1137 735 recitari
1166 699 1201 734 in
1228 700 1296 735 alia
1322 700 1467 735 ecclesia
1492 703 1551 735 aut
1577 699 1747 743 oratori03

1075 747 1111 780 20
1144 745 1178 782 Si
1224 747 1325 782 fuerit
1369 746 1581 793 paroecialis,
1626 750 1781 781 servetur

1004 793 1255 839 praescriptum
1282 794 1340 829 cit.
1369 792 1565 835 οειη.2·.),71,
1592 805 1627 830 n.
1645 793 1679 834 ⁶2,
1709 792 1778 827 nisi

1003 841 1176 876 interdicti
1197 841 1372 876 decretum
1392 841 1496 876 aliam
1519 841 1700 876 ecclesiam
1722 851 1781 886 pro

1004 889 1177 924 interdicti
1205 893 1358 935 tempore
1383 889 1495 924 eidem
1523 888 1720 923 substituat.

1050 935 1132 971 CAN.
1159 934 1264 970 2273.
1297 956 1313 960 -
1342 935 1527 971 Interdicta
1552 935 1703 976 civitate,
1733 935 1783 968 in-

1002 983 1148 1018 terdicta
1174 993 1310 1028 quoque
1330 987 1474 1018 manent
1494 982 1566 1018 loca
1587 982 1782 1018 accessoria

1002 1031 1106 1066 etiam
1139 1035 1298 1076 exempta
1323 1035 1356 1065 et
1382 1030 1458 1077 ipsa
1488 1029 1632 1065 ecclesia
1665 1029 1778 1064 cathe-

1002 1078 1130 1117 dralis;
1177 1077 1362 1113 interdicta
1402 1076 1559 1118 ecclesia,
1596 1076 1782 1112 interdicta

1003 1129 1085 1160 sunt
1111 1124 1237 1160 sacella
1266 1125 1440 1170 contigua,
1460 1135 1530 1159 non
1550 1134 1628 1160 vero
1654 1134 1782 1159 coeme-

1002 1172 1150 1213 terium3
1181 1172 1364 1208 interdicto
1389 1171 1526 1213 sacello,
1555 1182 1626 1207 non
1651 1176 1702 1207 est
1729 1170 1782 1205 in-

1003 1220 1148 1255 terdicta
1174 1220 1309 1264 integra
1336 1219 1481 1255 ecclesia
1508 1218 1781 1261 nec‚interdicto

1003 1266 1216 1307 coemeterio,
1245 1267 1430 1302 interdicta
1463 1271 1514 1302 est
1542 1266 1689 1302 ecclesia
1715 1265 1779 1311 ipsi

1004 1314 1179 1360 contigua,
1197 1314 1254 1349 sed
1272 1314 1456 1349 interdicta
1475 1318 1557 1349 sunt
1575 1313 1694 1349 omnia
1711 1324 1782 1348 ora—

1003 1363 1091 1397 toria
1117 1362 1153 1396 in
1180 1364 1384 1397 coemeterio
1410 1366 1533 1397 erecta.

1052 1408 1134 1445 CAN.
1166 1407 1267 1443 2274.
1289 1428 1305 1435 -
1326 1413 1345 1451 ξ
1370 1413 1396 1442 1.
1418 1408 1453 1444 Si
1473 1407 1702 1444 communitas
1722 1418 1782 1442 seu

1003 1457 1186 1501 collegium
1213 1456 1377 1492 delictum
1408 1455 1783 1502 perpetraverit‚inte1·-

1003 1504 1135 1539 dictum
1155 1504 1231 1538 terri
1250 1508 1358 1549 potest
1379 1503 1429 1538 vel
1450 1504 1485 1538 in
1500 1502 1660 1548 singulas
1675 1513 1783 1547 perso·

1004 1562 1068 1586 nas
1081 1551 1334 1596 delinquentes,
1353 1550 1403 1586 vel
1424 1552 1459 1585 in
1478 1549 1780 1591 communitatem,

1005 1599 1052 1634 uti
1080 1599 1197 1635 talem.
1221 1598 1273 1633 vel
1292 1598 1327 1632 in
1349 1609 1513 1644 personas
1539 1597 1782 1643 delinquentes

1004 1651 1037 1682 et
1063 1647 1099 1680 in
1127 1645 1430 1681 communitatem.

1051 1697 1070 1735 ξ
1098 1692 1129 1727 2.
1157 1692 1192 1728 Si
1231 1692 1395 1738 primum,
1424 1696 1579 1728 servetur
1618 1690 1784 1737 praescri-

1006 1745 1103 1787 ptum
1130 1751 1207 1776 can.
1234 1738 1338 1774 2275.

1052 1792 1072 1830 ξ
1098 1786 1129 1822 3.
1157 1786 1192 1822 Si
1211 1787 1374 1828 alterum,
1391 1786 1625 1822 communitas
1642 1796 1702 1820 seu
1720 1785 1786 1820 col-

381 1944 422 1948 —
448 1923 543 1959 notio
568 1934 608 1959 ac
633 1924 813 1959 distinctio
1579 1921 1666 1957 Can.
1691 1918 1783 1956 2268

374 2038 423 2050 ,-
450 2018 561 2064 quoad
587 2023 763 2059 auctorem
790 2022 823 2053 et
848 2018 1044 2053 subiectum
1070 2017 1261 2063 obligatum
1622 2029 1637 2048 »
1692 2013 1782 2050 2269

905 2133 943 2138 —-
970 2112 1041 2147 sive
1066 2112 1228 2157 generale
1247 2111 1332 2146 illud
1347 2111 1391 2145 sit
1409 2110 1481 2146 sive
1499 2121 1574 2156 par-

923 2159 1067 2194 ticulare
1621 2170 1637 2188 »
1692 2154 1783 2190 2270

607 2226 650 2232 -
676 2207 818 2242 effectus
842 2228 883 2232 —

192 2254 265 2288 Art.
293 2252 331 2287 ll.
902 2274 944 2278 —
970 2253 1111 2299 quando
1137 2253 1182 2287 sit
1209 2252 1370 2298 generale
1622 2264 1637 2283 »
1691 2249 1780 2285 2271

160 2300 205 2335 De
235 2300 341 2335 inter-
383 2300 588 2336 —locali—

180 2348 271 2382 dicto
323 2368 360 2372 -—
900 2367 943 2372 —
970 2347 997 2381 si
1025 2345 1233 2392 particulare
1258 2345 1361 2381 fuerit
1622 2358 1639 2377 »
1692 2343 1784 2379 2272

609 2463 649 2467 -
676 2441 937 2487 interpretando
1622 2453 1637 2471 »
1691 2438 1783 2474 2273

610 2558 649 2562 —-
678 2536 712 2571 in
741 2548 827 2582 quas
861 2547 1027 2582 personas
1062 2535 1140 2571 ferri
1177 2535 1285 2581 possit
1318 2539 1351 2570 et
1384 2534 1468 2580 quid
1502 2544 1572 2569 ser·

381 2605 426 2610 —
454 2595 566 2637 perso—
599 2563 603 2631 1
630 2585 783 2619 vandum
1623 2594 1638 2613 »
1693 2578 1784 2615 2274

405 2632 475 2666 nah
599 2636 649 2703 1-
674 2678 816 2714 effectus
1622 2688 1637 2707 »
1691 2672 1783 2709 2275

379 2747 428 2887 ¹-—
458 2772 554 2808 locali
584 2772 635 2807 vel
663 2771 697 2806 in
724 2771 1013 2807 communitatem
1039 2770 1152 2816 quoad
1185 2770 1354 2816 permissa
1380 2769 1527 2814 singulis
1625 2782 1641 2800 »
1694 2766 1785 2802 2276

389 2887 427 2891 -
455 2866 500 2901 ab
526 2865 685 2910 ingressu
711 2865 876 2900 ecclesiae
1624 2876 1639 2894 »
1693 2860 1784 2896 2277
