1950 3313
138 127 232 164 Can·
258 128 464 165 2382-'2384
513 129 597 164 Tl'r.
628 131 753 165 XVU-
785 154 796 158 -
823 134 879 169 De
904 137 976 171 dcl.
998 149 1027 171 c.
1051 139 1162 181 obliy.
1183 142 1272 173 stat.
1294 142 1382 175 cler.
1694 146 1763 178 ‘299

138 249 370 308 celerisque
400 248 523 308 festis
547 250 598 293 de
629 264 709 307 qua
735 251 985 309 obligatione
1011 256 1125 299 adest
1159 271 1232 301 can
1274 259 1377 302 1:344
1410 261 1435 310 ¹,
1461 260 1500 317 e)
1535 262 1766 305 mist(›(l1'‹1111

140 319 171 362 Ι0
205 319 405 363 ecclesiae
434 320 694 378 paroecialis
730 324 766 364 in
811 337 900 367 can.
931 325 1040 368 1178
1067 326 1079 347 ²
1116 332 1427 385 praescriptam,
1467 331 1516 373 w
1551 333 1768 375 sanc-tissi-

138 405 230 434 mae
262 390 579 445 Eucharistiae,
613 398 732 443 prout
778 393 841 437 illa
878 400 937 438 est
980 401 1129 440 statuta
1176 401 1212 440 in
1248 399 1325 443 Tit.
1364 416 1382 440 c(
1410 400 1465 444 De
1500 402 1684 445 custodia
1730 408 1766 445 et

136 461 249 505 cultu
283 464 567 506 sanctissimae
591 461 877 508 Eucharistiae
901 482 922 506 »
964 465 1047 514 XV,
1076 467 1181 511 Libri
1210 469 1256 512 ΙΙΙ
1279 489 1285 515 ;
1325 470 1393 513 lll0
1417 486 1632 515 suc-rorum
1658 472 1765 515 oleo-

135 546 230 576 rum
262 533 314 577 de
347 532 498 591 quibus
530 534 814 577 custodiendis
847 542 966 579 cavet
1001 551 1090 582 can.
1126 540 1209 582 7:35
1236 542 1278 585 ³:
1315 543 1450 599 itaque
1495 545 1604 586 eirca
1650 557 1765 599 prue-

135 604 291 648 dictum
328 606 366 646 in
400 606 570 647 canonis
604 607 719 647 initio
755 619 1092 666 unamquamque
1126 623 1173 653 ex
1212 614 1403 667 praelatis
1446 613 1766 670 obligationibus

135 678 320 732 graviter
354 675 649 732 negligentem,
685 677 839 720 iussum
866 683 946 722 est:
983 677 1032 721 ab
1061 679 1293 725 (haimo-io
1319 690 1561 725 coerceatur
1593 684 1648 727 ad
1671 699 1765 727 nor-

135 760 245 789 mam
278 760 369 789 can.
389 748 692 797 effla-318&
724 747 910 791 scilicet:
945 749 1022 793 sub
1045 749 1120 794 Tit.
1149 750 1312 804 xxxii,
1349 752 1433 796 Lib.
1470 753 1516 796 lt·
1545 757 1762 811 inscripto:

140 834 162 860 «
186 817 243 862 De
278 818 399 861 modo
434 818 686 875 procedendi
731 824 873 862 contra
910 820 1135 876 parocbum
1162 824 1199 865 in
1235 823 1511 879 adimplendis
1556 828 1762 881 paroecia-

137 887 244 932 libus
276 889 424 933 officiis
459 889 738 945 negligentem
757 905 797 930 )).

255 960 353 1003 ⁶226.
388 963 642 1007 Adversus
675 963 987 1018 negligentes
1020 965 1150 1010 circa
1183 967 1490 1021 paroeciales
1519 968 1686 1012 libros.
1709 992 1764 997 —

133 1032 243 1076 Talis
277 1033 493 1088 processus
518 1045 596 1074 non
623 1034 846 1088 invenitur,
871 1046 945 1076 nec
969 1033 1148 1091 aliquem
1173 1035 1372 1079 adbibere
1396 1042 1553 1092 oportet
1579 1040 1615 1079 in
1639 1038 1766 1080 adim-

137 1104 344 1161 plemento
378 1110 485 1146 ean.s
516 1105 655 1147 2383.
694 1102 906 1146 Paroelms
939 1104 1010 1162 qui
1055 1105 1319 1162 paroeciales
1352 1105 1492 1157 libros,
1526 1107 1576 1150 de
1614 1108 1764 1165 quibus

135 1177 219 1232 agit
252 1173 390 1219 Codex
427 1177 464 1217 in
499 1187 590 1218 can.
625 1174 723 1224 470,
758 1173 999 1232 diliyenter,
1050 1175 1106 1218 ad
1138 1190 1328 1219 normam
1377 1177 1486 1220 iuris
1520 1180 1558 1220 in
1594 1177 1660 1221 illo
1703 1193 1766 1221 ca-

135 1259 241 1290 none
274 1248 519 1302 expositam,
553 1246 595 1304 a)
628 1260 708 1288 non
744 1246 1057 1304 conscripserit,
1085 1246 1128 1304 b)
1161 1253 1235 1290 (ιῑιί
1257 1248 1504 1302 servaverit,
1535 1263 1559 1291 a
1591 1249 1764 1306 proprio

138 1315 372 1360 Ordinario
408 1319 638 1373 paroeciae,
663 1329 711 1360 ac
743 1319 774 1359 si
803 1316 1008 1373 parochus
1031 1322 1091 1360 est
1126 1318 1354 1374 religiosus,
1380 1321 1502 1361 etiam
1536 1331 1557 1361 a
1591 1333 1666 1362 suo
1689 1320 1762 1363 Su-

135 1389 297 1444 periore
331 1390 487 1430 maiore
523 1387 735 1444 religionis
768 1387 974 1431 clericalis
1008 1393 1240 1445 exemptae,
1271 1403 1350 1446 pro
1381 1389 1595 1446 pravitate
1619 1389 1766 1447 calpae

130 1458 340 1516 puniatur
374 1471 504 1514 poena
528 1460 617 1502 iure
651 1458 983 1514 indeterminata,
1009 1459 1079 1502 sed
1106 1462 1383 1516 praeceptivis
1410 1459 1546 1504 verbis
1571 1462 1764 1513 iniuncta,

133 1534 174 1573 et
205 1542 312 1587 quae
347 1532 383 1572 in
420 1531 683 1586 poenitentiis
715 1542 763 1573 ac
798 1530 993 1574 remediis
1027 1529 1269 1587 poenalibus
1301 1533 1447 1574 sistere
1482 1536 1626 1588 potest,
1659 1545 1765 1589 quae

134 1599 211 1644 sub
244 1599 319 1643 Tit.
355 1599 390 1643 X
427 1599 534 1644 Libri
573 1599 603 1643 V
637 1601 912 1657 explicantur.

255 1671 352 1716 ⁶227.
375 1673 560 1718 Contra
577 1674 889 1729 negligentes
912 1675 1179 1719 canonicos
1201 1675 1379 1719 theol.m
1400 1677 1448 1719 et
1471 1675 1765 1730 poenitent.¹¹¹

133 1768 191 1773 —
227 1741 327 1786 Can.
361 1744 502 1786 2384.
541 1741 794 1786 Canonicum
831 1741 1066 1799 tlteololqwn
1100 1749 1138 1786 el
1177 1743 1552 1800 poem'lenlimium
1603 1743 1642 1785 in
1677 1744 1765 1787 suis

134 1813 377 1857 muneribus
410 1812 610 1857 obeundis
633 1815 768 1870 (prout
804 1813 905 1857 baec
938 1818 1033 1857 sunt
1067 1813 1270 1870 explicata
1305 1816 1343 1857 in
1379 1827 1468 1858 can.
1505 1815 1587 1857 400
1618 1815 1668 1858 dc
1702 1827 1762 1857 ca-

135 1887 283 1929 nonico
317 1884 510 1941 theologo
543 1890 582 1928 et
617 1887 654 1927 in
689 1897 779 1929 can.
815 1885 893 1927 401
932 1887 956 1939 g
991 1885 1014 1927 ⁶2
1049 1884 1099 1928 de
1135 1884 1469 1942 poenitentiario)
1506 1885 1765 1943 neqli'yenles

132 1955 328 2014 equidem
365 1955 622 2009 notabiliter,
672 1954 905 2012 Episcopus
935 1955 1153 2012 ,qradatim
1201 1955 1423 2013 compella!
1467 1956 1761 2012 negligentium

133 2030 332 2070 excutere
367 2025 398 2068 10
434 2025 732 2069 monitionibus
783 2025 832 2068 ΙΙΟ
865 2025 1191 2069 comminatione
1228 2039 1461 2083 poenarum
1497 2025 1566 2068 111⁰
1599 2026 1763 2069 subira-

252 2132 264 2154 1
292 2132 385 2166 Can.
414 2132 517 2166 1344.
547 2135 566 2173 ξ
595 2133 623 2165 1,
640 2131 789 2165 Diebus
816 2131 1023 2165 dominicis
1050 2131 1268 2176 ceterisque
1295 2143 1361 2176 per
1395 2142 1542 2164 annum
1569 2131 1682 2166 festis
1718 2131 1763 2165 de

134 2185 339 2224 praecepto
365 2179 569 2224 proprium
588 2180 777 2224 cuiusque
798 2178 955 2223 parochi
975 2178 1147 2213 officium
1173 2184 1249 2219 est,
1269 2184 1458 2213 consueta
1475 2178 1639 2212 homilia
1658 2190 1762 2223 prae-

134 2226 270 2261 sertim
298 2227 404 2261 intra
429 2227 588 2260 missam
616 2228 657 2261 in
685 2238 760 2272 qua
786 2227 909 2260 maior
935 2226 1059 2260 soleat
1078 2237 1161 2260 esse
1187 2226 1322 2270 populi
1338 2225 1571 2270 frequentia,
1603 2225 1764 2260 verbum

135 2274 209 2308 Dei
236 2275 378 2319 populo
405 2275 605 2309 nuntiare.

253 2325 272 2364 ἓ
298 2323 331 2358 2.
358 2321 557 2356 Parochus
584 2322 675 2356 huic
703 2321 939 2366 obligationi
967 2321 1105 2365 nequit
1132 2332 1199 2364 per
1216 2321 1339 2354 alium
1366 2319 1627 2354 habitualiter
1653 2321 1765 2354 satis-

133 2368 272 2411 facere,
302 2369 378 2403 nisi
405 2369 452 2403 ob
480 2369 625 2403 iustam
653 2381 808 2403 causam
835 2368 882 2402 ab
910 2368 1118 2403 Ordinario
1145 2368 1361 2412 probatam.

253 2419 271 2457 ἓ
297 2416 331 2451 3.
359 2415 494 2458 Potest
521 2416 755 2451 Ordinarius
781 2416 1010 2461 permittere
1038 2421 1084 2450 ut
1110 2415 1429 2449 sollemnioribus
1456 2413 1687 2459 quibusdam
1715 2414 1763 2447 fe-

134 2463 208 2497 stis
233 2468 303 2497 aut
329 2464 462 2508 etiam,
491 2475 539 2498 ex
567 2465 673 2498 iusta
701 2475 831 2504 causa,
852 2464 1053 2508 aliquibus
1080 2462 1217 2497 diebus
1245 2462 1452 2497 dominicis
1479 2462 1614 2495 concio
1653 2461 1763 2494 omit-

136 2514 256 2546 tatur.

252 2558 265 2580 2
293 2556 386 2592 Can.
418 2558 520 2593 1178.
548 2558 697 2593 Curent
724 2570 859 2592 onmes
885 2558 932 2592 ad
967 2569 1064 2603 quos
1099 2558 1286 2603 pertinet⁷
1328 2562 1373 2590 ut
1411 2557 1449 2589 in
1488 2555 1662 2589 ecclesiis
1699 2554 1765 2588 illa

133 2604 336 2639 munditia.
362 2610 556 2647 servetur,
596 2618 694 2651 quae
721 2606 879 2640 domum
906 2605 979 2639 Dei
1006 2605 1139 2646 decet;
1167 2605 1215 2639 ab
1243 2604 1380 2638 iisdem
1418 2607 1622 2636 arceantur
1650 2613 1763 2645 nego-

134 2652 325 2686 tiationes
350 2658 390 2686 et
416 2653 632 2691 nundinae.
661 2665 895 2698 quamquam
922 2652 969 2686 ad
995 2652 1113 2687 finem
1139 2652 1247 2697 pium
1275 2651 1458 2693 habitae3
1489 2658 1526 2683 et
1546 2649 1763 2694 generatim

134 2699 327 2745 quidquid
352 2711 374 2734 a
399 2700 614 2735 sanctitate
641 2700 718 2735 loci
745 2701 937 2735 absonum
964 2700 1030 2734 sit.

253 2747 267 2769 3
294 2747 388 2782 Can.
417 2747 500 2783 735.
526 2747 725 2782 Paroehus
757 2748 841 2782 olea
875 2759 983 2781 sacra
1016 2759 1037 2780 a
1072 2758 1142 2780 suo
1169 2745 1376 2780 Ordinario
1410 2749 1539 2788 petere
1576 2742 1689 2776 debet
1724 2747 1763 2775 et

136 2796 177 2827 in
203 2794 379 2828 Ecclesia
406 2795 446 2828 in
480 2799 570 2828 tuta
595 2807 638 2829 ac
665 2795 820 2829 decenti
848 2794 1026 2828 custodia
1052 2794 1124 2828 sub
1163 2793 1264 2827 clavi
1292 2792 1505 2836 diligenter
1539 2799 1760 2830 asservare3

135 2853 207 2875 nec
232 2853 277 2876 ea
303 2841 407 2876 domi
445 2842 631 2883 retineat,
660 2843 739 2877 nisi
775 2847 932 2887 propter
970 2841 1248 2876 necessitatem
1286 2840 1452 2873 aliamve
1492 2836 1763 2870 rationabilem

135 2900 306 2933 causam,
335 2889 545 2924 accedente
574 2889 774 2925 Ordinarii
802 2889 976 2924 licentia.
