1950 3313
748 128 787 151 IN
816 128 894 153 llOC
923 120 1256 157 COMMENTARU'M
1795 126 1815 160 7

182 239 462 280 continentur.
488 236 551 280 Ad
587 241 808 294 utrumque
842 253 940 295 ergo
973 254 1014 283 so
1050 246 1176 296 potest
1213 242 1363 286 habere
1399 246 1548 287 iustitia
1582 247 1808 290 secundum

184 310 396 364 propriam
443 309 658 351 rationem.
699 307 956 352 Manifestum
1004 317 1061 354 est
1106 318 1241 356 autem
1287 315 1394 370 quod
1441 329 1582 358 omnes
1624 319 1692 373 qui
1737 318 1813 361 sut>

184 380 486 422 communitate
532 377 670 434 aliqua
719 382 994 426 continentur.
1039 388 1331 438 conquirantur
1374 385 1422 427 ad
1472 390 1808 431 ‹·oininunitatcm

182 451 289 493 sicut
326 453 462 506 partes
496 449 546 492 ad
581 453 735 494 totum:
773 462 865 506 pars
903 457 1039 494 autem
1087 453 1123 494 id
1164 454 1271 510 quod
1314 459 1385 499 est.
1423 459 1544 499 totius
1581 463 1660 503 est:
1703 459 1808 501 unde

181 524 223 563 et
259 519 471 577 quodlibet
508 518 658 563 bonum
697 522 822 575 partis
855 526 912 563 est
948 522 1177 565 ordinabile
1218 526 1253 565 in
1297 524 1445 567 bonum
1488 529 1620 570 totius.
1657 530 1811 571 Secun-

181 591 283 634 dum
320 590 395 633 hoc
434 603 533 647 ergo
574 589 726 633 bonum
765 591 983 634 cuiuslibet
1032 596 1205 638 virtutis.
1240 598 1328 637 sive
1367 597 1592 639 ordinantis
1631 599 1807 656 aliquem

184 660 395 703 hominem
431 660 480 703 ad
516 662 714 716 seipsum,
746 663 835 704 sive
873 663 1101 706 ordinantis
1143 666 1272 719 ipsum
1313 666 1361 707 ad
1397 666 1554 723 aliquas
1591 668 1690 711 alias
1726 684 1814 725 pei·-

182 743 305 774 sonas
337 731 581 788 singulares,
607 736 664 774 est
690 731 898 775 referibile
932 733 979 776 ad
1019 733 1167 777 bonum
1194 750 1413 779 commune
1437 738 1485 779 ad
1516 739 1623 795 quod
1650 740 1809 783 ordinat

184 804 350 846 iustitia.
387 801 433 845 Et
468 802 695 846 secundum
732 802 808 846 lioc
847 808 963 846 actus
1001 807 1183 848 oninium
1214 808 1408 849 virtutum
1447 815 1609 863 possunt
1645 810 1693 852 ad
1731 813 1811 853 ius-

163 875 314 916 titiam
375 876 593 929 pertinere,
647 874 875 917 secundum
936 875 1043 930 quod
1094 876 1256 919 ordinat
1305 877 1509 921 homiiwin
1560 880 1607 921 ad
1661 880 1809 923 bonum

181 957 419 988 commune.
456 944 502 987 Et
535 948 735 1002 quantum
771 945 819 987 ad
857 945 933 988 hoc
973 948 1122 989 iustitia
1158 948 1308 990 dicitur
1345 951 1474 991 virtus
1512 951 1728 1005 generalis.
1765 951 1808 994 Et

179 1017 278 1072 quia
313 1015 363 1057 ad
401 1015 533 1071 legem
557 1015 614 1073 (in
639 1015 854 1072 societate)
883 1019 1056 1071 pertinet
1080 1018 1271 1061 ordinare
1297 1021 1333 1061 in
1361 1019 1510 1062 bonum
1546 1034 1808 1065 commune...

184 1086 279 1129 inde
304 1091 362 1129 est
387 1087 496 1143 quod
533 1086 624 1130 talis
659 1088 809 1130 iustitia
847 1087 1057 1143 praedicto
1083 1089 1203 1131 inodo
1236 1090 1440 1145 generalis
1473 1091 1623 1133 dicitur
1658 1094 1807 1136 iustitia

182 1156 338 1213 legalis,
374 1160 469 1215 quia
503 1157 661 1201 scilicet
697 1171 768 1214 per
801 1171 891 1201 eain
929 1158 1050 1201 homo
1083 1160 1305 1203 concordat
1341 1160 1417 1217 legi
1453 1162 1655 1204 ordinanti
1693 1168 1807 1206 actus

179 1228 369 1270 (inunum
409 1230 607 1271 virtutum
644 1230 681 1270 in
720 1227 870 1271 bonum
905 1242 1178 1272 commune».

303 1297 347 1340 2²²
370 1297 527 1341 Divisio
552 1300 652 1341 iuris
685 1301 862 1355 exurgit,
887 1304 1091 1357 quatenus
1125 1302 1161 1342 in
1198 1302 1282 1356 ipso
1318 1303 1405 1343 iure
1437 1315 1510 1344 ceu
1538 1303 1639 1344 iusto
1663 1315 1814 1358 aequa-

180 1368 273 1412 litas
305 1369 354 1413 ad
390 1369 568 1412 alterum
602 1370 769 1413 diversa
805 1373 1035 1427 respicitur,
1080 1372 1188 1427 quod
1227 1374 1287 1414 ius
1332 1371 1406 1415 hac
1448 1374 1602 1416 ratione
1649 1387 1718 1416 seu
1769 1379 1809 1416 ut

178 1438 387 1483 obiectum
434 1443 614 1484 secernit
659 1443 853 1484 iustitiam
899 1444 1242 1485 commutativam
1282 1455 1303 1485 a
1339 1445 1487 1485 iustitia
1529 1443 1807 1497 distributiva,

177 1513 275 1568 quia
311 1514 417 1555 sicut
453 1511 722 1568 Philosophus
756 1512 877 1557 dicit:
912 1512 957 1555 in
991 1513 1158 1555 iustitia
1189 1512 1458 1556 (tiso-itmiiva
1483 1514 1691 1571 ‹ireipilur
1725 1529 1803 1556 me·

163 1574 295 1624 'dium
321 1583 527 1640 (virtutis)
552 1582 778 1626 seeundum
798 1584 1096 1640 yeomelrieam
1114 1584 1583 1642 prepertionali'laleni.·
1624 1586 1663 1627 ιή
1700 1600 1806 1629 com-

181 1653 387 1696 neumam
423 1659 561 1696 (tutem
600 1654 827 1697 secundum
856 1654 1190 1700 arillmzetieam:
1227 1657 1334 1713 quod
1363 1658 1414 1699 ita
1440 1659 1592 1712 optimo
1616 1670 1635 1699 a
1663 1656 1705 1699 l).
1732 1656 1809 1699 Th.

179 1726 403 1780 exponitur
438 1725 470 1769 1;
511 1727 619 1770 <(...in
653 1725 918 1770 distributiva
954 1728 1106 1770 iustitia
1130 1727 1252 1770 datur
1274 1727 1427 1784 aliquid
1463 1727 1584 1771 alicui
1621 1729 1804 1783 privatae

178 1806 394 1849 personae,
431 1797 674 1851 inquantum
711 1796 748 1839 id
789 1797 896 1853 quod
937 1802 997 1840 est
1037 1799 1173 1852 totius,
1207 1802 1265 1840 est
1307 1796 1491 1841 debitum
1528 1800 1652 1854 parti:
1693 1798 1798 1854 quod

175 1865 347 1921 quidem
391 1871 502 1909 tanto
537 1869 669 1910 maius
702 1871 776 1921 est,
800 1872 953 1925 quanto
987 1870 1072 1924 ipsa
1099 1881 1191 1924 pars
1227 1870 1421 1911 maiorem
1458 1869 1800 1925 principalitatem

180 1935 303 1980 habet
339 1939 376 1979 in
413 1941 508 1980 toto.
544 1936 592 1980 Et
627 1938 717 1981 ideo
758 1940 794 1980 in
834 1938 1099 1982 distributiva
1140 1942 1291 1982 iustitia
1332 1944 1440 1982 tanto
1476 1939 1565 1995 plus
1598 1939 1718 1982 alicui
1752 1939 1802 1983 de

178 2006 297 2050 bonis
331 2008 624 2052 communibus
647 2009 782 2065 datur,
806 2014 961 2067 quanto
995 2010 1061 2053 illa
1098 2023 1270 2067 persona
1306 2012 1501 2053 maiorem
1539 2009 1656 2053 habet
1694 2012 1802 2066 prin-

175 2078 430 2135 cipalitatem
477 2081 514 2122 in
561 2082 901 2124 communitate...
937 2081 1014 2124 Sed
1062 2084 1098 2124 in
1143 2080 1534 2124 commutationibus
1572 2081 1703 2133 (unde
1746 2084 1804 2124 iu-

174 2151 285 2192 stitia
316 2155 487 2193 vocatur
509 2151 827 2204 commutativa)
856 2151 1043 2195 redditur
1064 2152 1218 2209 aliquid
1244 2152 1365 2195 alicui
1390 2151 1586 2207 singulari
1609 2164 1804 2208 personae

176 2225 345 2277 propter
380 2234 466 2265 rem
501 2224 589 2265 eius
621 2234 727 2279 quae
751 2227 921 2279 accepta
945 2228 1019 2277 est,
1044 2228 1085 2266 ut
1112 2226 1291 2266 maxime
1316 2227 1422 2279 patet
1459 2225 1495 2265 in
1530 2225 1737 2279 emptione
1762 2227 1799 2265 et

182 2291 433 2345 venditione,
461 2295 497 2335 in
523 2292 673 2350 quibus
708 2294 840 2349 primo
874 2295 1084 2337 invenitur
1115 2296 1216 2337 ratio
1250 2295 1596 2337 commutationis.
1633 2292 1677 2336 Et
1714 2293 1803 2335 ideo

173 2367 335 2417 oportet
371 2363 608 2421 adaequare
644 2376 729 2407 rem
769 2366 842 2418 rei,
877 2369 919 2407 ut
951 2369 1104 2421 quanto
1140 2367 1225 2421 ipse
1262 2364 1350 2420 plus
1384 2363 1502 2407 habet
1537 2376 1659 2420 quam
1684 2377 1801 2406 suum

174 2435 241 2485 sit,
277 2433 328 2476 de
362 2447 410 2477 eo
444 2434 553 2492 quod
589 2439 649 2478 est
681 2435 863 2490 alterius,
899 2436 1156 2479 tantumdem
1197 2437 1383 2478 restituat
1421 2437 1456 2477 ei
1496 2437 1612 2477 cuius
1650 2440 1722 2478 est.
1759 2434 1803 2477 Et

175 2505 235 2546 sic
272 2504 313 2546 lit
346 2504 575 2561 aequalitas
606 2506 836 2550 secundum
876 2506 1179 2549 arithmeticam
1221 2506 1499 2557 medietatem,
1535 2517 1638 2561 quae
1672 2509 1800 2546 atten-

174 2575 290 2617 ditur
327 2575 555 2619 secundum
602 2589 743 2633 parem
785 2579 1026 2634 quantitatis
1068 2590 1340 2620 excessum».
1381 2576 1459 2619 Sed
1502 2576 1563 2617 liic
1597 2577 1787 2617 sistamus

178 2644 451 2702 relinquendo
500 2646 645 2690 harum
695 2651 878 2691 omnium
914 2648 1247 2704 explanationem
1288 2646 1500 2702 theologis,
1525 2645 1585 2687 liis
1625 2658 1799 2701 namque

176 2717 360 2772 ipsarum
401 2719 597 2760 virtutum
632 2721 813 2775 cognitio
851 2718 968 2762 valde
1005 2721 1185 2761 interest.

299 2872 305 2892 ¹
336 2872 377 2903 2⁸
404 2871 462 2903 *2³⁶
489 2882 524 2915 q.
556 2870 646 2905 LXI
675 2883 707 2907 a.
734 2874 755 2904 2
782 2884 812 2907 c.
