1950 3313
158 159 224 192 136
616 154 700 187 Lm.
729 153 759 187 Ι.
789 172 802 178 -
827 153 998 186 Nor-mae
1019 152 1217 196 yenerales

156 274 410 333 obreptionis
445 272 505 315 rel
537 270 819 328 subreptionis
852 270 1103 313 disiunctive
1135 273 1205 312 aut
1242 269 1478 326 copulative
1509 271 1701 314 accidant
1731 271 1777 314 in

156 361 237 389 vna
274 350 434 388 tantum
463 348 588 399 parte
621 340 831 398 rescripti,
867 353 1046 396 nempe:
1081 342 1120 382 in
1155 342 1413 396 expositione
1445 341 1540 384 sacti
1577 341 1641 385 vel
1679 354 1776 385 cau-

153 429 290 460 sarum
331 428 404 471 pro
438 426 517 457 una
550 414 696 469 gratia,
731 411 838 455 unde
872 410 994 454 huius
1026 413 1238 454 concessio
1276 412 1328 454 sit
1359 411 1470 454 nulla
1503 413 1617 455 iuxta
1659 425 1776 469 prae-

152 487 347 532 cedentes
379 497 570 538 canones,
605 482 737 525 aliam
771 486 928 538 partem
954 481 1157 525 eiusmodi
1180 483 1450 538 expositionis
1472 495 1594 526 verae
1627 495 1675 526 ac
1697 483 1776 526 suf-

154 559 327 602 ficientis
360 559 549 611 respectu
593 553 643 597 ad
678 552 851 596 alteram
893 554 1084 608 gratiam,
1118 557 1158 595 et
1190 557 1492 609 consequenter
1535 552 1641 597 banc
1678 566 1775 597 con-

151 641 308 672 cessam
343 640 420 669 non
457 625 644 681 infirmat
681 623 742 666 vel
781 622 939 666 viribus
971 622 1170 677 destituit,
1203 622 1241 665 si
1275 637 1358 665 ema
1390 623 1518 666 simul
1549 637 1599 667 ex
1635 629 1776 668 tenore

151 699 426 742 concessionis
456 695 600 752 plures
630 693 803 751 ytaliae
836 695 873 736 in
909 693 1055 736 ordine
1087 693 1137 736 ad
1172 693 1312 750 plures
1343 699 1533 751 utsupra
1569 694 1693 751 leges,
1726 707 1774 739 ac

151 770 189 810 in
223 767 367 810 eodem
401 766 521 809 datae
555 769 755 820 tempore,
789 777 837 806 eo
871 764 979 820 quod
1015 762 1182 806 additur
1214 763 1481 820 singulariter
1511 778 1589 822 per
1620 765 1774 808 reseri-

146 844 278 896 ptmn,
302 837 495 894 idemque
518 836 681 879 dicatur
706 835 865 877 fortiori
901 835 1056 877 motivo
1074 833 1255 891 ‘quando
1281 848 1352 891 per
1374 835 1540 879 diversa
1576 838 1771 893 rescripta

149 907 442 952 concedantur.
485 907 526 949 ln
562 906 638 949 hoc
684 907 793 948 enim
839 910 1046 961 postremo
1089 917 1188 948 casu
1231 905 1441 949 multoties
1484 919 1560 950 nec
1598 906 1771 950 dubium

149 984 382 1035 exurgeret.

272 1050 363 1093 108.
400 1051 683 1095 Invaliditas
725 1051 1075 1106 rescriptorum
1117 1050 1261 1096 Sedis
1293 1052 1494 1107 Aplcae.
1528 1053 1593 1096 ob
1627 1065 1772 1108 prae-

148 1122 276 1165 viam
310 1121 703 1176 denegationem.
738 1119 831 1162 Pius
857 1118 904 1161 X.
938 1133 969 1163 s.
997 1132 1048 1161 m.
1083 1121 1121 1161 in
1155 1119 1319 1162 Normis
1354 1119 1633 1176 peculiaribus
1666 1120 1678 1141 ¹
1712 1123 1771 1164 sic

147 1190 302 1234 edixit:
341 1206 359 1231 (t
384 1190 482 1238 Etsi,
505 1189 701 1246 abrogata
728 1192 877 1233 iurium
903 1190 1183 1233 cumulatione
1217 1192 1254 1232 in
1279 1190 1454 1234 Sanctae
1477 1191 1594 1234 Sedis
1627 1191 1773 1234 officiis

147 1260 411 1318 (generaliori
445 1261 599 1318 sensu),
633 1273 704 1304 sna
740 1263 890 1318 cuique
924 1263 1089 1317 negotio
1127 1263 1177 1304 sit
1211 1263 1431 1304 constituta
1469 1262 1602 1317 sedes,
1637 1261 1770 1319 (iuxta

146 1345 315 1388 scopum
350 1331 522 1388 partiale
554 1336 683 1376 const.
722 1332 948 1388 «Sapienti
981 1332 1153 1376 consilio
1177 1331 1244 1389 )));
1285 1332 1565 1376 nibilominus.
1599 1335 1695 1390 quia
1729 1335 1768 1376 in

148 1402 424 1459 peculiaribus
457 1401 621 1446 casibus
654 1401 915 1457 dubitationi,
941 1407 1010 1445 aut
1042 1405 1172 1445 errori
1208 1402 1322 1446 locus
1353 1415 1442 1446 esse
1476 1408 1621 1459 potest,
1650 1404 1769 1447 tirma

147 1478 284 1517 manet
330 1475 497 1530 antiqua
547 1473 609 1516 lex
661 1472 856 1529 (nempe:
905 1473 1044 1516 lnnoc.
1093 1472 1165 1516 xli
1210 1473 1304 1517 Dec.
1355 1489 1375 1514 ((
1398 1473 1447 1518 Ut
1481 1478 1762 1517 occurratur»

146 1544 169 1586 4
204 1544 289 1587 Iun.
328 1544 470 1601 1692),
505 1557 599 1601 qua,
633 1544 770 1588 delato
805 1549 843 1587 et
875 1549 1051 1600 excepto
1086 1544 1137 1587 ab
1171 1544 1308 1602 aliquo
1342 1541 1491 1588 Officio
1530 1544 1592 1602 (ut
1623 1544 1768 1602 supra)

144 1614 318 1671 supplici
354 1614 490 1658 libello
516 1629 587 1671 pro
622 1615 884 1672 impetranda
925 1628 967 1658 re
1005 1617 1096 1658 sive
1125 1615 1175 1658 ad
1200 1616 1376 1672 gratiam
1417 1618 1647 1672 pertinente
1679 1618 1769 1659 sive

143 1685 193 1728 ad
229 1688 423 1728 iustitiam
460 1686 610 1742 (idestz
645 1686 694 1729 ad
722 1685 915 1730 iudiciale
939 1685 1107 1743 torum),
1142 1688 1296 1729 nemini
1331 1685 1413 1729 ulla
1443 1686 1493 1729 de
1516 1698 1639 1730 causa
1674 1685 1768 1730 licet

143 1756 251 1800 aliud
286 1770 358 1799 suo
394 1762 521 1800 marte
555 1754 748 1801 Officium
794 1757 844 1800 ad
879 1757 1072 1800 eumdem
1117 1758 1239 1800 tinem
1284 1757 1421 1809 adire}
1467 1757 1536 1800 sed
1571 1770 1674 1813 opus
1706 1762 1767 1801 est

141 1827 316 1871 adsensu
351 1825 487 1871 Officii
524 1830 650 1883 ipsius
684 1841 862 1884 quocum
898 1830 964 1884 agi
998 1833 1190 1884 coeptum
1225 1832 1297 1881 est,
1333 1832 1403 1871 aut
1425 1826 1768 1884 Congregationis

141 1896 441 1941 Consistorialis
482 1899 663 1948 decreto,
708 1912 790 1956 quo
826 1901 945 1941 venia
988 1898 1109 1941 detur
1151 1899 1455 1941 transmittendi
1501 1900 1668 1955 negotii.
1712 1924 1764 1928 —

140 1968 324 2023 Quaevis
357 1971 568 2012 concessio
601 1969 652 2013 ab
684 1966 834 2014 Officio
870 1969 949 2012 alio
984 1970 1183 2026 protecta,
1217 1973 1359 2013 contra
1399 1973 1668 2012 memoratam
1710 1969 1768 2012 le-

141 2052 248 2095 gem,
285 2041 397 2082 irrita
431 2044 515 2082 esto
537 2056 572 2079 )).

257 2108 358 2153 Cum
394 2109 493 2153 llaec
538 2112 703 2154 irritans
748 2111 968 2167 prohibitio
1002 2116 1203 2168 congruat
1249 2114 1348 2155 iuris
1383 2113 1584 2168 principio
1628 2114 1665 2154 in
1701 2125 1764 2154 re-

140 2179 234 2236 gula
270 2181 321 2223 84
358 2184 395 2223 in
432 2181 474 2223 60
508 2194 735 2236 expresso:
776 2182 920 2226 «Cum
966 2183 1063 2240 quid
1111 2195 1190 2226 una
1233 2184 1296 2225 via
1340 2181 1581 2238 prohibetur
1624 2182 1761 2237 alicui,

139 2250 189 2293 ad
225 2251 262 2293 id
298 2250 375 2294 alia
410 2265 487 2294 non
512 2251 632 2295 debet
665 2253 825 2296 admitti
851 2269 888 2307 ³),
923 2255 998 2296 fuit
1031 2258 1188 2297 retenta
1222 2267 1315 2296 cum
1350 2255 1607 2297 correctione
1639 2258 1762 2310 atque

138 2321 332 2377 ampliata
357 2324 470 2364 iuxta
505 2322 613 2365 idem
639 2325 885 2380 principium
922 2326 961 2366 in
998 2338 1088 2366 ean.
1113 2326 1186 2367 43.
1226 2323 1379 2368 Gratia
1413 2326 1534 2367 etiam
1571 2328 1760 2380 respectu

139 2390 385 2433 iudiciorum
425 2391 474 2433 ab
509 2405 590 2433 una
626 2392 757 2434 Sacra
796 2392 1128 2451 Conqreyatione
1170 2393 1353 2450 qualibet
1396 2393 1459 2436 rel
1496 2392 1645 2451 Officio
1680 2392 1760 2436 Ro-

139 2474 287 2503 manae
323 2460 477 2503 Furiae
509 2475 557 2504 ex
595 2461 673 2504 illis
706 2476 777 2505 sex
813 2465 851 2505 in
886 2463 979 2506 art0.
1006 2464 1055 2507 lll
1088 2463 1200 2520 Caps.
1235 2462 1283 2506 lv
1319 2463 1392 2506 titi.
1428 2462 1497 2506 Vll
1532 2465 1758 2511 recensitis,

136 2543 229 2574 nam
263 2531 314 2575 de
346 2531 636 2576 Tribunalibus
670 2533 854 2576 eiusdem
889 2533 1036 2577 Curiae
1071 2534 1364 2578 remittendum
1399 2535 1447 2577 ad
1484 2533 1569 2577 Lib.
1595 2532 1660 2587 lV,
1693 2533 1759 2576 de-

134 2607 303 2659 neyata.
328 2602 436 2659 quod
462 2605 654 2659 supponit
685 2618 703 2644 ((
727 2603 863 2646 delato
887 2610 925 2647 et
949 2610 1122 2661 excepto
1146 2595 1323 2661 supplici
1348 2604 1486 2648 libello
1510 2621 1529 2645 2)
1558 2604 1758 2660 additque

134 2675 371 2727 negativam
403 2676 709 2729 responsionem
743 2674 876 2717 eidem
911 2675 1063 2728 datam,
1086 2689 1164 2719 non
1189 2675 1317 2719 solam
1348 2677 1613 2719 reiectionem
1649 2674 1758 2717 illius

135 2747 300 2799 propter
322 2742 663 2800 Congregationis
688 2744 910 2788 iudicatam
932 2748 1309 2802 incompetentiam.
1330 2745 1516 2789 invalide
1538 2761 1557 2786 «
1577 2747 1709 2801 gratia
1730 2760 1749 2786 »

253 2895 262 2915 ¹
291 2894 392 2928 Ordo
420 2895 678 2930 servandus...
708 2896 802 2930 Pars
827 2897 962 2931 altera.
993 2897 1084 2942 Cap.
1115 2897 1146 2937 I,
1174 2898 1223 2930 ⁴20.
