1950 3313
40 208 137 244 Can.
164 208 257 243 2351
418 207 502 242 Tt't‘.
533 197 637 241 XlV.
661 228 672 232 —
693 209 748 243 De
765 210 914 243 delictis
933 213 1067 244 contra
1090 214 1205 244 vitam
1227 214 1295 245 etc.
1597 211 1665 244 253

42 329 246 372 decretas.
280 327 398 373 Unde
432 330 469 370 in
507 327 585 370 illis
618 330 740 371 etiam
775 331 1097 373 circumstantiis
1131 344 1207 373 non
1248 337 1498 375 excusantur
1540 331 1666 375 delin-

42 404 219 454 quentes
251 398 302 443 ab
336 398 457 442 huius
490 400 659 441 canonis
695 402 834 454 poenis
869 401 1139 445 incurrendis.

166 473 247 514 Hos
283 483 380 513 vero
413 473 630 512 enumerat
662 482 791 512 canon
828 471 970 514 iisdem
1010 471 1146 515 verbis
1188 485 1233 515 ae
1277 479 1404 516 const.
1454 489 1473 513 «
1499 474 1668 530 Aposto-

47 540 150 584 lieae
183 541 300 585 Setlis
323 556 343 582 ³)
365 547 366 550 ’
385 540 440 583 Pii
476 539 542 591 ΙΧ,
577 542 769 583 omittens
793 543 957 584 unicam
981 542 1207 585 clausulam
1239 559 1257 583 «
1282 549 1317 586 et
1343 544 1545 600 quoslibet
1564 558 1669 588 com-

46 612 175 669 plices
197 627 237 653 )).
274 611 330 655 De
365 611 440 655 bac
474 612 779 668 perpendemus
813 614 850 654 in
885 617 1197 668 commentario,
1231 628 1279 656 an
1307 618 1529 658 retineatur
1552 628 1573 658 a
1596 615 1668 659 (jo-

44 682 138 726 dice
171 683 306 740 quoad
342 695 507 726 sensum
546 682 608 725 vel
643 696 775 726 secus.
812 682 1105 740 Delinquentes
1140 686 1263 739 igitur
1295 690 1386 728 sunt
1429 691 1669 743 sequentes:

49 769 73 794 α
97 753 138 811 a)
171 753 358 797 duellum
393 752 602 810 publicum
643 753 704 796 vel
742 756 964 810 privatum,
998 754 1038 810 (a
1083 768 1164 811 quo
1208 755 1343 798 ‹litlert
1389 770 1522 812 pugna
1568 759 1672 799 inter

47 825 151 868 duos
184 825 289 869 facta
323 838 372 867 ex
409 824 643 881 improvida
677 826 954 878 contentione,
981 824 1043 868 vel
1079 827 1165 868 rixa
1190 828 1311 868 etiam
1338 841 1429 869 eum
1459 827 1592 870 letliali
1618 830 1668 869 et'·

47 895 193 952 fectu),
222 900 534 953 pespetmntes,
567 895 693 939 idest:
728 897 885 938 crimen
922 895 1020 938 ittuu
1056 901 1321 952 exequentes,
1356 899 1435 939 imo
1459 902 1550 940 ante
1575 898 1670 940 illml

48 979 128 1009 non
163 971 400 1024 sequutum,
444 966 554 1024 quod
598 968 656 1010 sic
690 968 937 1023 exprimitur
971 965 1012 1022 t»)
1047 971 1118 1008 au!
1153 966 1416 1024 simpliciter,
1462 968 1672 1011 videlicet:

48 1040 242 1094 quamvis
274 1040 430 1081 sciatur
462 1037 647 1081 duellum
683 1050 762 1080 non
801 1042 1089 1094 sequuturum,
1125 1051 1172 1080 ac
1210 1040 1412 1081 «etiamsi
1448 1053 1579 1096 neque
1604 1053 1670 1095 pu-

48 1121 156 1166 gnae
190 1110 376 1163 effectus‚
411 1122 546 1167 neque
579 1121 771 1152 accessus
802 1109 851 1152 ad
898 1109 1031 1152 locum
1078 1111 1128 1152 sit
1171 1109 1491 1167 subsequutus»
1531 1109 1675 1164 (const.

49 1180 201 1224 Bened.
237 1179 342 1235 xiv,
374 1180 402 1238 ἓ
436 1179 494 1235 3),
529 1179 756 1223 dummodo
791 1193 887 1223 vere
911 1182 991 1223 sint
1014 1179 1069 1222 acl
1094 1179 1373 1223 illuderimen
1404 1186 1676 1237 provocantes

51 1265 125 1308 per
158 1250 284 1296 verba
323 1251 384 1295 vel
418 1253 570 1308 scripta
606 1250 789 1294 duellum
825 1251 1056 1306 offerentes,
1094 1250 1154 1293 vel
1191 1264 1262 1307 per
1295 1253 1548 1307 patrinorum
1585 1254 1676 1293 mis—

48 1325 222 1374 sionem,
256 1328 332 1366 etc.
369 1335 446 1365 non
482 1322 614 1365 solum
650 1323 807 1365 ratione
842 1324 1101 1374 iniuriarum,
1135 1334 1241 1379 quae
1288 1321 1337 1364 ad
1383 1321 1482 1364 illud
1529 1320 1680 1377 pluries

51 1394 222 1448 ducunt,
245 1394 281 1451 c)
305 1392 366 1437 vel
388 1393 652 1449 subintellige
681 1408 701 1434 ((
724 1392 968 1450 simpliciter
990 1408 1029 1446 ›>,
1057 1397 1097 1435 ut
1120 1392 1374 1436 declaratum
1400 1397 1459 1435 est
1494 1391 1680 1443 vei-bum,

51 1465 190 1523 ipsum
218 1480 238 1506 c(
262 1464 447 1509 duellum
471 1480 493 1505 ³>
521 1468 798 1522 acceptantes
824 1460 1031 1507 Omittens
1054 1476 1184 1506 canon
1210 1462 1435 1506 clausulam
1467 1468 1540 1506 «et
1561 1476 1679 1519 ‹pios-

52 1536 151 1580 libet
193 1536 461 1592 complices»
499 1539 645 1579 const.³
683 1550 703 1575 ((
727 1534 988 1591 Apostolicae
1031 1534 1191 1577 Sedis»
1240 1534 1294 1576 Pii
1330 1533 1398 1587 lx,
1432 1536 1563 1576 innuit
1599 1549 1617 1573 «
1645 1536 1680 1575 in

54 1610 266 1664 vigentem
291 1607 371 1650 huc
395 1620 525 1663 usque
549 1606 810 1663 disciplinam
831 1610 1106 1662 opportunam
1132 1607 1461 1648 immutationem
1488 1604 1635 1647 afferre
1661 1620 1699 1658 »ι

52 1678 163 1736 (can.
199 1678 258 1735 6).
292 1678 428 1736 Atque
462 1691 607 1721 revera
644 1680 754 1721 iuxta
779 1689 869 1721 can.
896 1676 1004 1720 ‘2231
1038 1692 1057 1717 «
1081 1677 1112 1719 si
1141 1675 1278 1732 plnres
1302 1675 1351 1719 ad
1377 1675 1571 1719 delictum
1597 1688 1685 1731 per-

56 1749 302 1806 petrandum
337 1751 638 1803 concurrerint,
672 1748 766 1792 licet
807 1761 912 1791 unus
954 1752 1112 1790 tautum
1158 1749 1195 1789 in
1243 1746 1331 1803 lege
1376 1748 1624 1799 nominetur,
1660 1747 1682 1786 ii

54 1834 221 1878 quoque
255 1820 307 1864 (le
341 1819 491 1877 quibus
524 1821 563 1862 in
597 1832 687 1862 can.
723 1819 850 1869 2209,
873 1818 930 1876 §g
956 1818 1041 1873 1-3,
1066 1822 1272 1871 tenentur,
1296 1819 1370 1860 nisi
1398 1817 1458 1859 lex
1484 1816 1595 1859 aliud
1620 1829 1686 1859 ex-

57 1905 195 1948 presse
228 1893 401 1945 caverit,
435 1890 580 1934 eadem
617 1902 810 1947 poena».
845 1888 950 1932 Hinc
983 1887 1060 1932 sub
1092 1901 1248 1932 canone
1282 1901 1403 1945 quem
1438 1891 1687 1930 commenta-

56 1977 150 2007 mur
182 1962 617 2019 comprehenduntur:
651 1961 694 2017 d)
736 1976 755 2001 «
780 1974 858 2003 non
882 1960 1015 2003 solum
1041 1959 1241 2003 mandans
1264 1960 1332 2016 qui
1367 1963 1425 2002 est
1452 1957 1687 2014 principalis

55 2033 194 2078 delicti
228 2037 386 2087 auctor,
421 2032 490 2076 sed
526 2034 649 2075 etiam
689 2033 759 2089 qui
802 2031 851 2074 atl
897 2030 1034 2074 (lelicti
1079 2031 1477 2073 consummationem
1514 2028 1604 2082 (seu
1649 2030 1685 2069 in

56 2117 155 2148 casu
189 2102 394 2160 duellum)
429 2103 642 2157 inducunt,
681 2102 743 2146 vel
780 2104 817 2144 in
857 2101 962 2144 lianc
1005 2114 1171 2158 quoquo
1213 2100 1334 2143 modo
1377 2103 1686 2143 concurrunt...

56 2178 88 2219 si
123 2174 320 2219 delictum
355 2178 443 2218 sine
476 2187 619 2217 eorum
645 2185 770 2228 opera
793 2174 1061 2216 commissum
1086 2184 1164 2214 non
1190 2172 1331 2214 inisset
1354 2186 1393 2219 )),
1417 2183 1515 2225 ergo
1544 2184 1563 2209 «
1583 2182 1687 2212 coni:

61 2246 187 2303 plices
212 2261 232 2287 ))
270 2245 346 2290 sub
380 2245 457 2289 hac
493 2250 698 2302 postrema
733 2243 984 2297 conditione,
1010 2242 1072 2285 ‘vel
1095 2241 1321 2300 quamlibet
1347 2240 1386 2298 e)
1411 2254 1579 2298 operam
1598 2253 1687 2296 pro-

60 2318 153 2374 prie
182 2317 337 2361 dictam
370 2329 442 2360 seu
478 2315 708 2373 physicam,
742 2320 815 2357 <tut
850 2315 879 2368 t)
911 2313 1099 2371 favorem
1131 2311 1391 2370 praebentes,
1416 2311 1486 2354 sed
1521 2324 1569 2353 ex
1595 2324 1688 2353 con-

60 2393 175 2432 textu
209 2389 260 2431 ad
299 2387 574 2431 «duellum»
615 2389 762 2443 ipsum,
803 2398 879 2428 non
920 2385 969 2428 ad
1013 2385 1351 2441 provocationem
1396 2381 1457 2424 vel
1502 2386 1686 2436 accepta-

60 2461 228 2502 tionem.
262 2457 431 2516 Absque
464 2457 590 2501 (lubio
624 2470 724 2514 ergo
759 2460 897 2500 manet
930 2457 1118 2499 extensio
1153 2468 1226 2511 per
1258 2452 1389 2497 Clem.
1428 2452 1511 2494 Vlll
1549 2453 1649 2494 tacta
1677 2451 1688 2471 ²

60 2529 111 2573 ad
151 2544 171 2570 <t
194 2529 349 2583 Socios,
385 2528 570 2571 Patrinos
591 2543 613 2568 »
652 2530 691 2570 in
725 2526 879 2580 duello,
912 2531 1035 2583 atque
1069 2524 1144 2568 sub
1178 2524 1414 2567 contlitione
1450 2523 1606 2565 litterae
1646 2520 1689 2575 (l)

59 2599 110 2644 ad
134 2615 157 2642 c<
179 2599 458 2653 suadentes...,
483 2612 624 2656 equOS,
646 2611 776 2651 arma,
802 2599 1034 2654 pecuniam,
1060 2600 1316 2639 commeatus
1340 2599 1375 2637 et
1407 2593 1483 2636 alia
1508 2591 1689 2635 subsidia

60 2672 239 2714 scienter
277 2669 682 2713 subministrantes»
720 2682 769 2712 ex
803 2671 932 2711 const.
972 2682 992 2707 «
1018 2666 1078 2709 Au
1114 2664 1386 2708 tollendum»
1426 2662 1547 2718 (ii-eg.
1590 2660 1690 2705 ΧΙΙΙ,

62 2747 102 2785 et
137 2754 234 2785 vera
268 2745 363 2784 sunt
395 2739 531 2784 atlliuc
566 2752 759 2796 responsa
794 2740 832 2783 S.
860 2737 901 2782 C.
926 2739 964 2782 S.
989 2735 1124 2782 Officii
1151 2739 1188 2778 in
1216 2736 1423 2779 Pictarien
1450 2733 1476 2775 ².
1523 2748 1541 2772 «
1566 2732 1598 2773 l.
1622 2731 1689 2773 Ρω-

62 2816 194 2856 testne
228 2812 415 2855 medicus
447 2816 614 2867 rogatus
647 2824 668 2853 a
703 2808 984 2853 duellantibus
1018 2807 1154 2850 duello
1189 2808 1380 2849 assistere
1423 2817 1514 2846 cum
1565 2804 1690 2843 inten-

158 2920 169 2941 1
198 2919 328 2954 Const.
358 2934 371 2947 α
390 2917 503 2952 Illius
521 2917 627 2951 vices
646 2930 664 2950 v
686 2917 780 2950 XVI
799 2916 890 2950 Kal.
913 2913 1153 2958 Septembris
1175 2912 1276 2946 1592.
1309 2931 1347 2935 —
1379 2910 1391 2931 ‘2
1410 2909 1454 2942 28
1474 2907 1568 2941 Maii
1593 2907 1692 2939 1554.

63 2965 317 3001 collectanea
344 2966 380 2999 S.
412 2965 552 3009 Congr.
581 2964 627 2998 de
658 2964 697 2998 P.
730 2963 770 2999 F.
798 2975 836 2997 ιι.
871 2963 969 2997 1617,
