1950 3313
141 141 186 174 82
652 140 736 174 Llss.
766 140 796 173 I.
826 160 838 165 -
865 141 1035 175 Normae
1057 143 1255 186 {jener-ales

142 260 284 315 gorius
309 260 320 281 ¹
343 277 350 301 :
392 275 410 297 α
436 258 533 302 Rem
560 271 666 316 quae
690 259 809 315 culpa
844 265 967 309 caret
995 262 1031 302 in
1067 260 1264 303 damnum
1293 263 1430 304 vocari
1455 274 1533 304 non
1558 263 1769 304 convenit.

141 328 311 382 Quoties
332 342 430 372 vero
455 342 608 372 novum
633 329 730 387 quid
756 332 964 383 statuitur,
982 332 1036 373 ita
1059 330 1161 373 solet
1185 332 1332 374 futuris
1349 332 1520 374 formam
1542 334 1767 388 imponere,

143 404 184 443 ut
218 400 444 455 dispendiis
469 402 688 456 praeterita
712 413 791 443 non
816 400 1107 444 commendet:
1148 414 1197 443 ne
1229 401 1523 445 detrimentum
1558 407 1652 445 ante
1677 416 1767 458 pro-

142 470 382 514 hibitionem
419 473 572 527 possint
607 473 843 527 ignorantes
878 473 1106 521 incurrere,
1139 472 1248 529 quod
1297 486 1367 516 eos
1415 473 1675 529 postmodum
1709 473 1769 516 di-

141 555 267 597 gnum
302 546 359 584 est
388 543 534 584 vetitos
565 543 833 585 sustinere».
868 540 910 585 Id
946 544 1095 598 ipsum,
1114 554 1161 586 ac
1184 542 1235 586 de
1269 542 1430 599 legibus
1462 543 1551 587 aliis
1576 545 1772 600 praefatis
1840 596 1841 599 Ἰ
1896 547 1899 549 ’

144 611 394 668 intelligens,
413 614 468 656 ait
501 610 727 668 Gregorius
751 611 800 655 lX
829 611 870 654 2:
912 628 931 651 «
955 611 1056 656 Cum
1093 612 1206 669 leges
1228 617 1268 656 et
1289 616 1601 657 constitutiones
1622 615 1770 657 suturis

141 687 299 726 certum
325 685 376 726 sit
400 683 499 726 dare
532 684 707 726 formam
744 685 932 740 negotiis,
957 697 1037 726 non
1070 683 1120 727 ad
1154 688 1374 737 praeterita
1400 686 1502 728 t'acta
1537 684 1656 737 trahi,
1692 687 1768 728 nisi

140 755 381 796 nominatim
430 755 469 796 in
504 756 563 797 eis
596 754 647 797 de
690 755 925 810 praeteritis
968 759 1228 798 caveatur».
1278 754 1465 813 Namque
1506 755 1567 798 lex
1604 758 1769 812 proprie

139 824 262 878 dicta,
298 827 556 881 praecipiens
583 825 645 868 vel
673 824 909 881 prohibens,
934 827 1016 868 imo
1052 827 1216 869 irritans
1242 826 1304 868 vel
1337 825 1614 879 inhabilitatis,
1647 826 1770 869 datur

138 895 186 938 ad
215 895 381 938 modum
411 895 591 952 regulae,
616 908 695 953 qua
729 901 846 939 actus
879 897 1169 939 informentur.
1202 896 1384 954 Utraque
1418 899 1543 953 igitur
1574 899 1768 953 supponit

138 979 226 1009 esse
262 966 455 1022 possibile
489 966 656 1009 diverso
691 967 813 1010 modo
848 966 945 1009 illud
981 967 1031 1010 de
1054 980 1136 1025 quo
1170 968 1309 1011 t'ertur.
1342 968 1466 1025 Atqui
1499 970 1764 1024 praeteritum

139 1049 217 1093 qua
254 1036 347 1092 tale,
382 1042 442 1080 est
477 1037 730 1092 impossibile
763 1039 929 1089 mutari,
963 1040 1060 1095 quia
1103 1051 1238 1095 neque
1272 1039 1466 1096 infectum
1513 1040 1600 1081 tieri
1636 1043 1767 1095 potest

139 1107 317 1164 amplius
353 1108 420 1151 illo
457 1110 494 1151 in
532 1113 730 1165 tempore,
756 1122 889 1166 neque
921 1108 1000 1152 alio
1025 1109 1147 1152 modo
1172 1110 1258 1152 fieri
1296 1114 1426 1165 potest
1448 1122 1571 1167 quam
1606 1123 1653 1152 eo
1687 1122 1767 1166 quo

137 1179 288 1222 factum
311 1181 374 1222 sit.
402 1179 511 1236 Ergo
531 1181 681 1224 iustum
703 1183 869 1222 omniuo
889 1185 947 1223 est
969 1182 1269 1236 praescriptum
1296 1182 1396 1223 iuris
1419 1181 1574 1237 antiqui
1600 1181 1767 1222 omuino

138 1251 343 1305 integrum
383 1252 421 1292 in
457 1264 547 1293 caiz.
582 1253 651 1293 10.
685 1249 814 1306 Leqes
847 1250 1055 1307 quaelibet
1090 1250 1408 1301 ecclesiasticae,
1442 1263 1520 1308 qua
1548 1250 1648 1292 tales
1682 1262 1765 1291 res·
1801 1264 1803 1266 ·

134 1320 299 1378 picium
347 1319 498 1378 futura
548 1321 747 1374 facienda,
782 1323 871 1364 sive
920 1324 1103 1364 actiones
1150 1324 1242 1366 sint.
1277 1323 1366 1364 sive
1415 1334 1642 1377 processus.
1677 1323 1767 1363 sive

136 1395 387 1444 contractus,
421 1393 510 1434 sive
541 1405 619 1444 res,
645 1405 732 1451 noig
751 1391 992 1449 praeterita
1028 1394 1106 1434 iam
1142 1392 1260 1439 facta,
1296 1392 1380 1434 nisi
1412 1391 1659 1434 wonm'watim
1693 1404 1765 1434 seu

137 1474 331 1518 expresse
379 1462 423 1504 in
466 1462 526 1505 eis
575 1462 736 1519 legibus
783 1462 957 1518 siugulis
1004 1462 1054 1505 de
1098 1462 1361 1520 praeteritis,
1396 1467 1517 1518 prout
1563 1461 1665 1505 haec
1702 1461 1764 1505 vel

142 1547 162 1571 «
186 1532 321 1575 adbuc
356 1535 576 1588 pendentia
612 1535 774 1589 negotia
808 1534 887 1576 sint
906 1548 926 1573 >1
965 1533 1295 1577 extr-aiudicialia
1330 1537 1533 1590 quatenus
1566 1537 1659 1575 actu
1684 1545 1765 1575 uno

137 1616 215 1646 non
260 1603 521 1659 complentur
555 1604 583 1659 3,
622 1603 683 1647 vel
728 1608 823 1647 sunt
862 1619 881 1644 «
906 1606 1137 1660 praesentia
1162 1619 1182 1645 ))
1220 1608 1424 1661 quatenus
1470 1619 1490 1644 ((
1513 1602 1649 1646 adhuc
1695 1616 1766 1659 per

136 1673 452 1730 appellationem
490 1674 753 1730 pendentia»
784 1675 798 1696 ‘³
834 1679 904 1718 aut
941 1679 1107 1731 propter
1131 1677 1288 1731 primae
1322 1677 1539 1718 instantiae
1562 1674 1763 1730 discepta-

136 1747 302 1793 tionem,
342 1744 403 1788 vel
439 1745 548 1802 quod
584 1758 727 1789 eorum
762 1750 929 1789 actuum
959 1748 1276 1802 praeteritorum
1301 1746 1471 1789 effectus
1494 1747 1594 1788 iuris
1625 1750 1719 1788 sunt
1742 1757 1763 1788 a

137 1815 384 1872 legislatoris
406 1819 650 1859 auctoritate
675 1815 907 1872 mutabiles,
926 1821 966 1860 et
988 1816 1089 1860 baec
1108 1818 1245 1859 omnia
1282 1817 1343 1859 vel
1369 1816 1506 1873 aliqua
1530 1815 1765 1872 intelligun-

136 1892 202 1930 tur
225 1889 337 1930 iuxta
372 1891 555 1930 tenorem
595 1886 816 1931 verborum
853 1901 925 1944 per
958 1900 1065 1945 quae
1104 1887 1198 1931 «de
1234 1889 1508 1944 praeteritis»
1551 1892 1760 1929 caveatur.

254 1957 474 2013 Explicant
509 1957 621 2001 hunc
654 1970 855 2001 canonem
881 1971 953 2014 per
975 1958 1159 2001 eiusdem
1195 1957 1514 2014 applicationem
1547 1957 1597 2000 ad
1631 1969 1764 2000 sacra-

137 2031 263 2071 menti
301 2030 551 2071 matrimonii
586 2041 780 2083 canones,
814 2029 921 2072 duae
952 2034 1171 2086 sequentes
1214 2028 1516 2072 declarationes
1547 2028 1763 2072 Commiss

136 2099 254 2143 Pont.
287 2099 335 2142 ad
371 2098 471 2143 Cod.
507 2112 686 2143 canones
727 2099 838 2143 auth.
874 2100 1206 2156 interpretandos
1240 2099 1282 2142 ξ’;
1328 2100 1410 2142 «6.
1449 2097 1516 2142 Vis
1557 2101 1653 2142 novi
1687 2098 1762 2143 Co-

135 2170 239 2214 dicis
272 2175 386 2213 estne
421 2173 671 2214 retroactiva
707 2173 745 2213 in
781 2170 856 2223 his,
879 2183 985 2227 quae
1019 2171 1311 2214 modificantur
1342 2172 1452 2213 circa
1485 2169 1690 2226 sponsalia
1724 2177 1764 2213 et

136 2241 432 2297 impedimenta
465 2245 546 2284 tam
597 2242 864 2298 impedientia
906 2254 1029 2299 quam
1070 2241 1306 2284 dirimentia
1351 2242 1674 2290 matrimonium,
1709 2242 1761 2283 ita

137 2316 180 2355 ut
212 2310 426 2369 quodlibet
449 2313 511 2354 ius
533 2314 781 2369 acquisitum
810 2314 951 2369 vigore
984 2311 1235 2368 sponsalium
1265 2310 1510 2363 validorum,
1537 2310 1762 2354 nullimode

137 2383 263 2438 possit
296 2381 622 2433 reclamari,nisi
649 2385 909 2438 inquantum
944 2395 1077 2425 novus
1093 2380 1230 2426 Codex
1266 2381 1468 2427 concedit.
1489 2386 1530 2424 et
1551 2385 1760 2425 contracta

137 2453 432 2508 impedimenta
483 2452 717 2496 modificata
752 2465 774 2496 a
806 2466 916 2496 novo
950 2452 1116 2506 Codice,
1151 2452 1261 2496 nulla
1304 2452 1609 2509 dispensatione
1657 2452 1759 2495 indi-

135 2523 295 2580 geant?
329 2522 472 2579 (Canu.
508 2523 546 2573 4,
582 2522 666 2579 10).
703 2549 755 2553 -
791 2523 935 2579 Resp.:
970 2522 1125 2577 Codici,
1159 2525 1281 2566 etiam
1316 2522 1450 2580 quoad
1485 2521 1688 2579 sponsalia
1723 2526 1761 2565 et

138 2594 449 2650 impedimenta,
485 2607 562 2637 non
597 2607 686 2637 esse
724 2596 804 2636 vim
839 2596 1129 2637 retroactivam
1151 2598 1163 2638 :'
1193 2593 1398 2650 sponsalia
1431 2598 1567 2636 autem
1603 2598 1641 2636 et
1676 2605 1757 2636 ma-

254 2725 264 2745 1
293 2723 383 2768 Cap.
433 2739 446 2752 «
469 2722 759 2768 Cognoscentes
779 2739 791 2753 »
834 2725 855 2757 2
893 2723 938 2757 de
973 2722 1331 2757 constitutionibus
1369 2723 1433 2757 tit.
1459 2722 1511 2756 ΙΙ.
1539 2722 1624 2756 Lib.
1655 2722 1685 2755 J.
1715 2742 1759 2746 —

136 2771 150 2793 ‘2
176 2770 266 2805 Loc.
297 2771 362 2805 cit.
389 2782 470 2816 cap.
512 2772 554 2804 13
580 2771 618 2804 in
645 2770 736 2805 fine.
777 2791 816 2795 —-
856 2770 870 2792 3
905 2770 997 2815 Cap.
1026 2771 1048 2803 4
1075 2769 1121 2804 de
1155 2768 1281 2804 officio
1307 2770 1448 2815 Legati
1486 2769 1518 2810 Ι,
1557 2770 1600 2803 15
1639 2768 1679 2802 in
1706 2769 1756 2803 60.
1803 2774 1806 2778 '

141 2838 173 2841 —
206 2820 219 2839 4
246 2817 336 2862 Cap.
365 2819 387 2850 *2
414 2817 459 2852 de
487 2817 644 2852 iudiciis
670 2818 702 2860 Ι,
732 2822 745 2851 1
776 2818 816 2851 in
836 2817 956 2852 Clem.
997 2839 1021 2842 -
1056 2818 1070 2839 5
1095 2817 1152 2851 2-3
1178 2817 1286 2851 Iunii
1314 2817 1417 2851 1918.
1447 2816 1524 2851 CO.
1545 2816 1596 2860 X,
1616 2816 1696 2850 346.
