1950 3313
130 197 225 234 Can.
252 197 347 233 2346
490 199 575 232 ΤιΤ.
598 199 708 234 XIII.
730 221 742 226 -
762 202 817 236 De
842 204 992 237 delictis
1017 208 1151 239 comi-a
1180 218 1237 240 res
1263 208 1388 242 eccles.
1686 212 1754 245 24²3

136 332 155 357 «
184 319 220 359 vi
250 316 312 360 vel
339 318 486 360 timore
512 319 674 360 incusso
698 334 736 368 n,
757 320 982 364 dnmmodo
1016 324 1264 368 disiunctiie
1291 325 1332 382 1))
1357 326 1396 368 in
1427 328 1625 384 proprios
1660 344 1756 370 usus

129 393 369 431 converte-re
401 393 440 430 et
473 401 697 446 usurpare,
733 396 850 446 prout
887 391 961 435 lioc
999 393 1170 437 verbum
1213 396 1286 438 l'uit
1320 399 1356 439 in
1393 410 1527 453 praec.
1563 411 1652 443 can.
1687 401 1755 442 110-

130 458 332 502 claratum
367 463 404 502 et
439 460 477 501 in
513 459 694 515 praelata
739 465 1010 506 conversione
1056 464 1292 519 includitur,
1342 467 1380 523 c)
1409 470 1758 526 pt·(ie.s·11‚»npser1't,

130 529 238 586 quod
267 529 440 574 verbum
472 545 494 570 «
518 528 680 586 plenam
716 534 993 587 cognitionem
1020 547 1066 577 ac
1090 535 1429 580 deliberationem
1465 541 1590 595 exigit
1615 556 1655 593 »,
1678 546 1754 584 cst-

129 606 210 657 que
230 602 399 656 practici
421 603 634 654 momenti,
658 607 860 658 qnatenus
884 604 1127 659 «quaelibet
1149 607 1476 662 imputabilitatis
1495 609 1754 655 diminutio...

129 673 272 714 eximit
305 683 327 714 3
362 673 504 727 poenis
539 670 643 714 latae
677 675 948 715 sententiae»
987 673 1094 731 (can.
1132 675 1256 727 2229,
1291 681 1318 731 g
1353 677 1394 734 2)
1428 683 1549 736 atque
1584 693 1631 723 ex
1665 694 1757 723 con-
1799 722 1801 724 .

130 745 242 784 textu
277 741 404 785 afficit
435 754 601 799 quoque
635 741 832 786 delictum
868 749 942 786 au!
976 743 1018 801 1))
1053 745 1256 802 impedire
1294 763 1312 787 «
1338 762 1599 806 quocumque
1632 764 1755 807 qnae-

128 814 206 855 5110
239 811 422 856 colore»
450 817 521 856 aut
556 813 677 857 modo
712 827 761 856 ne
793 814 1028 857 eorumdem
1054 831 1074 856 «
1101 815 1297 859 bonorum
1334 818 1705 864 ecclesiasticorum
1733 838 1751 862 ι)

132 887 175 926 31
207 896 346 940 supra,
378 881 545 941 fruetus
578 886 610 927 51
645 886 725 927 5131
757 887 860 941 agri,
896 899 959 929 res
990 899 1033 929 se
1069 892 1294 941 moventes,
1329 902 1399 930 seu
1433 890 1605 945 reditus,
1633 905 1669 934 v.
1695 906 1754 948 gr.

129 967 179 997 ex
215 953 431 1007 locatione,
465 968 514 998 ex
549 955 799 1012 syngraphis
830 956 1134 1000 nummulariae
1174 971 1354 1011 mensae,
1386 965 1464 1003 etc.
1497 960 1545 1002 111)
1580 962 1632 1003 iis
1666 976 1755 1018 per-

129 1027 253 1081 sonis,
287 1028 377 1069 sive
412 1025 595 1083 physicis
632 1040 668 1070 ν.
702 1040 762 1083 gr.
800 1026 1088 1082 beneficiariis,
1112 1031 1201 1071 sive
1234 1029 1458 1073 moralibus
1494 1045 1530 1074 r.
1564 1047 1623 1087 gr.
1660 1033 1757 1076 locis

132 1098 222 1154 piis,
255 1096 457 1151 ecclesiis,
482 1096 538 1140 ad
571 1111 672 1154 quos
705 1098 798 1140 ‘inre
830 1101 1030 1142 canonico
1049 1099 1276 1157 perlz'nenl,
1299 1114 1370 1144 seu
1397 1101 1557 1145 illorum
1593 1106 1756 1147 nomine

131 1167 550 1223 administratoribus,
583 1169 880 1227 pereipi'cmtm·
912 1183 1006 1214 cum
1040 1171 1202 1222 effectu,
1230 1170 1306 1215 sub
1339 1185 1513 1228 quorum
1551 1174 1754 1217 redituum

131 1241 296 1282 nomine
332 1241 551 1295 pensiones
583 1242 704 1283 etiam
741 1253 761 1283 a
795 1239 1009 1296 guberniis
1041 1240 1265 1285 solvendae
1299 1255 1347 1285 ex
1382 1243 1640 1286 concordatis
1679 1258 1755 1287 303

131 1311 339 1353 immerito
366 1312 559 1354 veniunt:
581 1335 631 1341 —
653 1324 796 1354 omnes
815 1313 952 1368 igitur,
975 1316 1092 1368 prout
1112 1312 1308 1355 declarati
1327 1318 1435 1367 sunt,
1458 1313 1756 1371 delinquentes,

131 1387 170 1425 et
195 1381 359 1425 illorum
385 1384 669 1440 unusquisque
693 1381 734 1439 a)
753 1382 1177 1426 eoecommzmz'catv'om'
1210 1382 1369 1426 tamdiu
1405 1384 1627 1441 subiaceat,
1648 1388 1754 1444 quod

130 1455 326 1509 exprimit
360 1453 472 1496 illam
508 1456 594 1510 ipso
628 1453 768 1497 delicti
804 1455 910 1497 facto
946 1456 1150 1497 incursam
1187 1455 1310 1497 fuisse
1344 1454 1453 1512 (can.
1484 1455 1610 1510 2217,
1643 1460 1667 1511 g
1701 1457 1758 1514 2),

131 1523 333 1582 quamdiu
365 1524 618 1568 disiunctive
651 1524 692 1581 a)
726 1524 830 1568 bona
865 1524 958 1582 ipsa
997 1540 1016 1566 «
1042 1527 1080 1568 in
1117 1527 1303 1582 proprios
1348 1539 1444 1569 usus
1486 1540 1684 1571 conversa
1720 1534 1759 1571 et

133 1599 372 1651 usurpata»
402 1594 566 1652 imeyre
597 1597 720 1639 etiam
755 1596 890 1653 quoad
927 1608 1098 1652 parram
1136 1601 1290 1652 partem
1316 1597 1567 1649 restituerit,
1593 1598 1758 1642 tradens

131 1678 176 1708 ea
213 1678 412 1722 personae
445 1665 765 1721 ecclesiasticae,
800 1669 918 1710 cuius
950 1668 1044 1720 sint,
1068 1668 1250 1710 fortassis
1274 1681 1346 1724 per
1370 1669 1635 1712 intermedias
1668 1683 1757 1726 per-

131 1749 252 1780 sonas
293 1749 476 1791 securas,
507 1736 773 1794 praediclmn
807 1737 1164 1795 impedi'menlzmz‚
1195 1738 1351 1781 scilicet
1389 1752 1484 1781 «ne
1517 1740 1755 1783 eorumdem

131 1808 288 1850 fructus
320 1820 394 1850 seu
428 1808 586 1851 reditus
619 1807 671 1851 ab
705 1810 765 1863 iis,
800 1808 849 1852 ad
885 1822 987 1866 quos
1031 1811 1119 1851 iure
1164 1812 1380 1865 pertinent,
1417 1812 1756 1865 percipiantur»,

132 1878 354 1921 remoreris
387 1879 626 1933 efficaciter,
646 1884 844 1936 quantum
881 1881 919 1922 in
954 1893 997 1922 se
1031 1884 1103 1934 est,
1124 1893 1172 1922 ae
1203 1879 1333 1922 solum
1370 1879 1520 1922 deinde
1544 1880 1585 1937 1))
1611 1895 1634 1922 a
1655 1881 1759 1924 Sede

130 1948 372 2006 Apostoliea
407 1949 709 1993 absolutionem
743 1950 900 1994 directe
934 1951 998 1994 vel
1037 1964 1109 2007 per
1140 1950 1375 2007 delegatum
1410 1951 1546 1994 datam
1579 1952 1629 1994 de
1654 1953 1757 1995 13010

131 2019 422 2077 impetraverit
436 2035 449 2071 ‚·
467 2046 519 2051 —
540 2020 649 2078 quod
671 2020 709 2063 si
731 2037 752 2062 «
775 2023 867 2078 quis
890 2037 910 2062 ³>
934 2026 977 2064 31
999 2034 1122 2078 supra
1146 2020 1390 2078 delinquens
1422 2021 1605 2065 0111311013
1638 2022 1758 2065 ercle-

130 2090 221 2134 siae
261 2104 333 2134 seu
376 2090 590 2148 bonorum,
624 2104 730 2149 quae
780 2092 917 2135 dotem
965 2094 1219 2135 constituunt
1269 2092 1471 2140 beneficii,
1507 2105 1553 2135 ac
1588 2094 1758 2149 proinde

131 2162 253 2206 huius
283 2167 492 2219 patronus
524 2162 658 2221 sueri!
691 2163 739 2206 ad
777 2175 963 2206 normam
1000 2164 1100 2205 iuris
1133 2167 1225 2206 ante
1258 2162 1467 2215 Codicem,
1492 2163 1542 2206 de
1575 2176 1655 2220 quo
1690 2177 1756 2220 pa-

133 2238 249 2277 trono
283 2238 344 2277 est
376 2232 473 2290 Cap.
507 2232 572 2286 IV,
607 2236 666 2277 tit.
703 2232 829 2285 XXV,
863 2236 901 2276 13
938 2233 1056 2277 Parte
1090 2236 1244 2290 quinta,
1280 2233 1387 2277 Libri
1423 2233 1485 2288 lll,
1521 2234 1646 2276 etiam
1685 2249 1755 2278 seu

98 2292 103 2297 ⁴
134 2309 296 2360 praeter
319 2307 792 2348 excommunicationem
814 2304 907 2347 iure
926 2309 1181 2362 patronatus
1199 2318 1244 2347 eo
1264 2304 1352 2362 ipso
1373 2304 1566 2362 privatus
1590 2305 1758 2357 existat,

131 2377 236 2418 sicut
256 2384 393 2419 manet
417 2375 672 2419 declaratum
700 2378 738 2418 in
757 2374 1064 2420 Commentario
1082 2374 1234 2418 Textus
1257 2375 1306 2418 ad
1332 2388 1420 2419 caii.
1444 2375 1611 2433 1470&
1634 2376 1668 2430 l,
1690 2376 1754 2422 6⁰2

131 2445 383 2490 —elericus
415 2460 525 2503 vero,
549 2446 590 2503 a)
617 2445 691 2489 hoc
723 2445 922 2490 delictum
951 2447 1274 2503 unumquodque
1308 2445 1429 2489 liuius
1462 2448 1630 2489 canonis
1653 2460 1756 2488 eom-

133 2517 300 2560 mt'tlens
331 2519 454 2561 etiam
493 2520 582 2560 sine
628 2520 962 2574 praesumptione
997 2516 1039 2574 1))
1076 2516 1136 2559 rel
1170 2516 1210 2559 in
1246 2516 1383 2559 eodem
1418 2517 1469 2559 31)
1502 2516 1629 2559 altero
1663 2530 1753 2559 0313

131 2588 278 2631 effectu
329 2593 578 2645 perpetrato,
612 2593 815 2645 qnatenus
850 2590 886 2631 13
925 2591 1010 2644 ipso
1044 2593 1116 2631 est.
1151 2589 1284 2630 forsan
1320 2590 1374 2630 uti
1410 2588 1754 2634 administratore,

131 2658 407 2711 consentiens,
429 2659 471 2717 a)
490 2659 701 2716 privetur,
721 2672 769 2703 ae
794 2660 966 2716 proinde
999 2663 1230 2716 sequuntur
1264 2670 1418 2714 poenae
1453 2657 1643 2700 1010111130
1666 2671 1754 2699 503-

133 2732 299 2784 tentiae,
330 2735 569 2787 praeterea,
593 2733 688 2788 quia
713 2743 762 2773 ex
798 2743 886 2774 can.
915 2730 1025 2773 2209
1053 2741 1204 2785 poenas
1239 2728 1341 2772 latae
1365 2730 1589 2770 5031031130
1612 2741 1753 2782 snpra-

132 2800 264 2844 dictas
304 2811 573 2856 praesumens
606 2803 852 2853 incurreret,
886 2799 1093 2855 benefieiis
1127 2797 1387 2855 quibuslibet,
1424 2799 1585 2853 proprie
1621 2801 1752 2838 tamen

133 2871 254 2914 (lictis
278 2871 386 2928 (can.
412 2870 553 2928 1409),
575 2869 617 2928 b)
640 2869 696 2913 ad
718 2868 806 2913 alia
832 2869 1051 2927 quaelibet,
1072 2871 1264 2926 quamvis
1289 2870 1400 2924 prius
1424 2879 1620 2923 possessa,
1641 2864 1755 2907 inha-

134 2940 230 2985 bilis
248 2943 449 2985 sententia
469 2941 805 2986 condemnatoria
825 2940 1031 2998 efficiatur
1051 2942 1087 2981 vi
1109 2937 1230 2982 liuius
1248 2940 1415 2981 canonis
1433 2943 1470 2979 e!
1489 2937 1528 2992 0)
1543 2951 1566 2978 ιι
1585 2949 1753 2978 suorum
