1950 3313
141 171 208 205 172
645 166 730 200 Lm.
760 165 790 200 Ι.
820 185 831 190 -
858 165 1031 199 Normae
1051 163 1253 207 ¹qencrales

139 290 237 333 Fide
261 289 272 310 1
313 287 635 331 «decreverunt
670 282 950 327 mandandum
984 294 1073 325 esse
1114 281 1390 337 praefatorum
1425 280 1610 324 locorum
1644 278 1765 325 Ordi-

138 362 278 411 nariis,
301 361 391 402 sive
414 355 718 413 Superioribus
742 358 786 397 ut
809 352 1101 397 ecclesiasticis
1135 353 1348 409 utriusque
1381 351 1481 395 cieri
1514 350 1592 395 sibi
1626 365 1764 408 respe-

139 433 247 474 ctive
279 428 476 472 subiectis
508 427 774 479 denuncient,
799 423 898 467 113111
924 436 1091 479 prorsus
1116 422 1240 466 licere
1265 422 1412 465 intuitu
1442 421 1650 479 privilegii
1674 425 1765 466 sive

139 500 291 551 localis,
325 501 414 542 sive
448 496 687 554 personalis,
722 508 793 551 pro
829 493 973 537 Missae
997 493 1260 550 eleemosyna
1292 492 1382 550 plus
1417 495 1614 549 recipere,
1639 505 1762 550 quam

136 577 231 615 taxa
273 569 496 627 synodaiis,
540 567 601 611 vel
646 565 902 610 consuetudo
943 567 1160 620 regionum
1201 564 1434 607 firmaverit
1472 563 1540 619 (ad
1575 575 1763 606 normam

137 655 225 686 can.
262 641 359 691 918,
392 641 419 697 g
453 639 510 695 2),
544 637 645 681 alias
677 637 726 680 ad
764 637 1065 679 restitutionem
1110 637 1238 678 teneri
1274 634 1382 692 (can.
1417 634 1517 690 7⁶29,
1557 635 1639 690 1⁰);
1676 636 1765 691 qui-

138 715 248 755 nimo
283 710 562 767 priviiegium,
586 711 617 752 si
645 706 859 764 personale
882 708 945 755 sit,
971 708 1010 748 in
1037 709 1281 762 perpetuum
1316 707 1531 752 amittere;
1569 717 1644 748 nec
1667 716 1767 761 gau-

136 783 234 827 dere
271 781 401 826 iocati,
436 785 640 838 quatenus
673 778 722 821 ad
762 777 891 821 altare
935 776 1246 834 privilegiatum
1289 776 1462 820 Sacrum
1511 777 1677 828 faciant,
1722 779 1766 818 ut

137 854 392 897 deciaratum
427 856 487 895 est
520 864 590 907 per
623 851 807 893 Sacram.
829 847 978 904 Congr.
1005 861 1131 904 super
1154 847 1427 903 indulgentiis
1449 849 1662 904 sacrisque
1685 845 1766 890 Re-

138 925 275 981 liquiis
307 924 581 979 praepositam
610 937 646 963 )).

259 994 351 1037 147.
390 994 763 1048 Privilegiorum
787 992 1070 1036 necessaria
1095 991 1342 1046 probatio.
1379 988 1418 1031 [n
1443 987 1608 1031 Normis
1641 1000 1766 1044 pecu-

137 1065 308 1109 liaribus
332 1066 345 1087 2
379 1066 578 1119 scriptum
613 1067 694 1105 est:
737 1059 954 1112 «Gratiae,
988 1073 1091 1117 quas
1124 1062 1216 1117 quis
1253 1072 1324 1114 pro
1357 1072 1400 1102 se
1434 1071 1455 1101 3
1489 1059 1638 1102 Sancta
1661 1058 1768 1101 Sede

136 1141 328 1180 oretenus
360 1136 607 1191 assequitur,
644 1134 719 1189 ipsi
757 1133 908 1188 petenti
935 1134 973 1174 111
998 1132 1084 1174 foro
1107 1132 1401 1184 conscientiae,
1425 1130 1768 1186 suffragantur».

137 1207 255 1262 Quod
290 1220 338 1249 ex
374 1219 416 1248 se
450 1209 572 1261 patet.
608 1204 684 1247 Sed
722 1203 759 1246 id
797 1205 931 1259 ipsum
955 1215 1003 1246 ac
1027 1215 1074 1245 ea
1098 1214 1203 1259 quae
1228 1201 1380 1245 ibidem
1405 1205 1636 1258 sequuntur
1669 1213 1766 1243 con-

136 1279 354 1320 firmantur
379 1290 449 1333 per
473 1290 562 1318 etin.
598 1278 670 1317 79.
710 1273 910 1327 Quanwis
937 1272 1183 1332 priuileyia,
1209 1272 1313 1316 idest
1337 1274 1501 1315 tavores
1527 1274 1651 1314 etiam
1679 1284 1766 1327 per-

138 1353 258 1405 petuo
281 1349 463 1391 concessi
489 1351 654 1403 praeter
675 1350 745 1388 aut
768 1349 910 1388 contra
932 1346 1006 1396 ius,
1025 1349 1219 1386 oretenus
1237 1358 1260 1385 α
1281 1343 1437 1386 Sancta
1457 1341 1565 1385 Sede
1582 1341 1766 1395 obtenta,

136 1424 175 1463 et
207 1432 312 1475 quae
348 1422 563 1474 propterea
587 1417 859 1473 designantur
885 1415 1044 1458 verbis:
1075 1430 1095 1455 ((
1122 1416 1243 1457 vivae
1280 1416 1392 1457 vocis
1425 1412 1592 1456 oracula
1619 1428 1657 1466 i),
1676 1415 1768 1455 sive

106 1546 109 1548 Ι
138 1503 210 1546 per
227 1491 384 1543 se,sive
404 1502 476 1544 per
493 1488 618 1531 3113111
639 1488 807 1530 forsitan
829 1500 900 1542 ner
922 1486 960 1530 S.
987 1485 1031 1530 R.
1058 1485 1100 1529 E.
1126 1484 1403 1539 Cardinalem,
1429 1486 1502 1540 ipsi
1524 1483 1766 1526 immediate

136 1565 206 1604 aut
230 1560 405 1602 mediate
421 1559 581 1617 pelenti
606 1558 647 1600 in
670 1557 763 1615 foro
788 1557 1068 1600 eonscientiae
1090 1555 1392 1613 szcsjrayemm·‚
1416 1568 1488 1598 seu
1513 1568 1653 1598 coram
1681 1553 1764 1597 Deo

139 1630 302 1673 valeant
332 1642 379 1673 ac
405 1629 512 1672 licite
537 1631 574 1671 in
601 1630 761 1685 praxim
787 1628 1063 1681 deducantur,
1089 1640 1206 1670 nemo
1238 1631 1375 1668 (dinen
1406 1630 1557 1683 potest,
1581 1627 1768 1680 exceptis

136 1703 173 1745 S.
210 1700 254 1744 R.
290 1700 332 1743 E.
366 1699 654 1743 Cardinalibus
688 1703 855 1756 propter
877 1698 1146 1754 privilegium
1171 1696 1280 1740 aliud
1306 1696 1413 1754 (0311.
1436 1696 1533 1748 ⁶239,
1556 1698 1581 1750 ἓ
1607 1695 1642 1748 1,
1670 1694 1763 1751 170)

135 1784 215 1828 quo
255 1786 274 1811 «
297 1771 494 1827 gaudent:
533 1770 655 1813 tidem
691 1769 867 1813 faciendi
894 1771 931 1811 in
957 1770 1045 1812 foro
1068 1773 1254 1819 externo,
1274 1767 1325 1810 de
1349 1767 1516 1810 oraculo
1551 1766 1761 1823 pontificio

134 1846 330 1885 testantes
354 1857 391 1894 »,
425 1841 607 1883 em'usm's
631 1840 787 1898 absque
811 1840 1076 1883 distinctione
1097 1838 1317 1896 pricileyii
1340 1851 1434 1881 cum
1460 1837 1762 1894 significatione

136 1912 309 1955 iuridica
345 1926 461 1954 usum
484 1912 525 1968 a)
549 1910 749 1954 culversets
773 1924 1019 1968 quemquam
1042 1909 1187 1953 saitem
1223 1912 1261 1951 111
1298 1908 1407 1951 iilius
1439 1907 1630 1965 sequelas
1660 1907 1699 1963 b)
1721 1906 1765 1949 in

135 1982 229 2040 foro
258 1988 429 2025 esterno
464 1988 544 2026 tam
580 1982 762 2025 iudiciali
796 1994 919 2039 quam
955 1980 1259 2024 extraiudiciali
1298 1978 1526 2032 vindicare,
1552 1981 1606 2021 ita
1630 1983 1674 2021 ut
1699 1990 1768 2021 va-

136 2054 242 2097 lidus
274 2067 321 2097 ac
355 2053 488 2097 licitus
525 2053 885 2109 recognoscendus
917 2055 969 2095 sit
1002 2053 1211 2108 praetatus
1245 2065 1342 2094 usus
1372 2063 1467 2094 cum
1501 2049 1687 2093 iuridicis
1710 2049 1764 2091 et-

137 2124 322 2175 fectibus,
358 2124 440 2166 nisi
470 2124 742 2182 pri'm'leqium
777 2124 914 2177 ipsum
943 2126 1066 2166 etiam
1105 2123 1238 2180 quoad
1279 2124 1368 2165 eius
1412 2129 1611 2175 tenorem,
1646 2121 1767 2163 cuius

140 2196 322 2239 vindicat
346 2209 477 2249 usum,
502 2195 581 2237 sibi
604 2209 839 2237 eoncessum
872 2208 961 2236 esse
994 2193 1180 2250 leqitt'me
1211 2192 1375 2235 evineat
1398 2205 1470 2235 seu
1494 2192 1765 2244 demonstret,

142 2266 420 2309 «huiusmodi
451 2266 761 2322 privilegium...
799 2268 903 2308 iusto
939 2265 1235 2321 impedimento
1273 2268 1460 2307 cessante
1494 2261 1765 2316 ostendendo,

136 2350 183 2381 ac
232 2337 280 2379 ad
330 2337 551 2392 legendum
602 2336 858 2392 integraliter
906 2335 1164 2379 exhibendo:
1206 2348 1364 2378 necnon
1399 2334 1450 2377 de
1482 2332 1679 2386 articulis,
1715 2332 1768 2375 de

135 2407 286 2465 quibus
318 2409 600 2450 controversia
646 2408 781 2462 fuerit,
816 2409 1110 2462 transcriptum
1146 2405 1466 2463 (authenticum)
1498 2403 1764 2455 tradendo»,

136 2482 179 2521 ut
223 2481 387 2521 iubetur
431 2481 467 2520 in
512 2490 601 2534 cap.
634 2479 657 2520 7
699 2478 792 2520 «de
832 2477 1104 2534 privilegiis»
1144 2479 1181 2520 in
1219 2477 1261 2519 6Ο
1298 2474 1363 2533 (V,
1398 2476 1452 2529 7),
1487 2480 1557 2518 aut
1595 2487 1768 2530 «super

133 2551 353 2591 amissione
371 2561 418 2591 ac
438 2553 578 2591 tenore
599 2548 914 2604 privilegiorum
936 2553 1071 2601 testes,
1091 2561 1193 2604 quos
1211 2547 1428 2599 ducerent,
1448 2544 1715 2602 proponendo
1735 2560 1754 2585 ))

134 2621 239 2662 sicut.
270 2619 419 2675 iegitur
453 2621 489 2661 in
525 2632 614 2675 cap.
652 2619 702 2661 12
743 2619 837 2661 «de
872 2619 1146 2675 privilegiis»
1186 2617 1219 2660 X
1254 2616 1319 2675 (V,
1356 2617 1441 2674 33),
1467 2621 1538 2660 aut
1561 2615 1652 2659 aliis
1675 2628 1762 2671 pro·

137 2689 368 2732 bationibus
401 2689 606 2741 adductis,
639 2702 745 2746 quae
780 2702 852 2744 pro
877 2691 933 2731 rei
959 2694 1104 2732 natura
1130 2691 1284 2745 possint
1316 2688 1454 2731 afferri
1488 2687 1538 2730 ad
1575 2698 1763 2729 normam

135 2759 209 2802 Tit.
247 2759 277 2801 X
318 2759 413 2802 «de
450 2759 804 2815 probationibus»
846 2762 882 2801 111
920 2759 1003 2803 Lib.
1040 2758 1104 2803 lV.

249 2865 258 2885 1
287 2863 451 2898 Collect.
477 2863 514 2897 S.
545 2863 585 2897 C.
616 2863 661 2897 de
688 2863 731 2897 P.
762 2864 802 2897 F.
832 2876 870 2897 n.
893 2864 973 2898 507.
1006 2864 1048 2897 13
1067 2865 1169 2909 Aug.
1194 2865 1296 2899 1774.
1328 2884 1363 2889 —
1382 2864 1395 2885 2
1422 2863 1524 2897 Ordo
1546 2861 1766 2905 servandus

137 2910 224 2946 inm.
248 2911 444 2945 Romanae
460 2911 612 2945 Curiae.
631 2913 676 2945 29
697 2913 803 2955 Sept.
823 2911 927 2952 1908,
957 2911 1051 2945 Pars
1069 2911 1121 2953 ΙΙ,
1146 2923 1227 2956 cap.
1248 2910 1319 2951 ΙΙΙ,
1347 2922 1385 2944 n.
1407 2911 1457 2943 20.
1480 2931 1525 2935 -—
1544 2909 1619 2944 CO.
1641 2909 1669 2949 I,
1699 2909 1760 2942 62.
