1950 3313
129 142 200 176 250
508 139 591 172 [ΑΒ.
614 138 657 173 V.
676 157 688 164 -
707 138 816 171 PARS
837 137 909 171 III.
931 157 944 163 -
964 137 1020 171 De
1031 139 1171 181 poenis
1190 140 1232 171 in
1250 137 1391 171 delicta
1552 136 1644 172 Can.
1671 136 1766 171 2350

136 263 248 304 iuxta
292 260 402 303 decr.
438 259 564 301 feriae
601 256 649 300 lV
684 257 738 300 ⁶25
774 256 847 300 lut.
886 257 1011 311 1895,
1045 257 1096 300 de
1139 256 1308 300 abortus
1353 256 1574 300 illiceitate.
1608 255 1670 300 Ad
1704 269 1766 299 se·

134 331 311 375 cunilam
349 342 446 372 vero
480 328 588 386 quod
623 332 794 385 spectat.
829 327 937 371 Nihil
972 327 1150 383 obstare,
1175 329 1397 385 quominus
1431 326 1594 382 mulier,
1612 326 1664 370 de
1686 339 1766 384 qua

132 404 283 459 agitur,
317 412 537 444 caesareae
569 401 797 456 operationi
832 411 906 442 suo
940 403 1127 455 tempore
1164 399 1409 442 subiiciatur
1433 413 1472 439 )).

252 471 423 527 lnsuper
461 470 591 513 Titius
635 470 835 524 medicus,
874 474 915 513 ut
949 475 1122 512 matrem
1158 482 1178 512 a
1213 474 1325 513 certa
1371 473 1494 526 atque
1537 470 1767 512 imminenti

135 547 266 586 morte
298 541 480 585 salvaret
513 539 894 598 (animadvertebat
927 543 1036 584 enim
1073 539 1234 584 lethalis
1267 539 1399 584 morbi
1433 552 1601 583 causam
1645 539 1766 583 aliam

135 626 214 656 non
248 612 418 656 subesse
451 616 616 669 praeter
649 614 778 668 ipsam
815 614 1172 669 praegnationem,
1205 611 1283 655 hoc
1317 616 1389 665 est,
1411 612 1544 654 foetus
1578 613 1615 654 in
1651 616 1768 654 utero

137 682 431 740 praesentiam)
458 686 565 726 viam
592 683 698 727 hanc
724 683 974 739 procurandi
1011 684 1142 726 foetus
1174 684 1419 726 eiectionem
1453 686 1650 725 consueto
1684 684 1769 738 ipse

137 754 276 798 inibat.
311 754 504 798 Attamen
538 754 616 798 hoc
650 754 826 798 faciebat
857 753 1054 797 adhibitis
1090 753 1236 797 mediis
1268 762 1309 796 et
1342 752 1666 809 operationibus,
1698 765 1769 809 per

134 839 177 869 se
210 830 333 883 atque
367 825 606 869 immediate
650 838 728 868 non
773 824 941 883 quidem
975 825 1024 868 ad
1062 824 1099 867 id
1135 823 1400 867 tendentibus
1434 828 1476 867 ut
1509 826 1547 866 in
1584 828 1769 866 materno

134 898 225 940 sinu
260 897 412 940 foetum
449 896 700 951 occiderent,
734 895 805 939 sed
840 894 1101 938 solummodo
1126 900 1169 938 ut
1191 894 1342 938 exinde
1365 899 1622 947 amoverent,
1646 899 1770 951 atque

137 968 280 1023 foetus,
315 970 346 1011 si
384 969 471 1011 tieri
506 972 654 1024 posset,
693 969 812 1010 vivus
844 966 893 1010 ad
930 965 1063 1009 lucem
1098 965 1308 1015 ederetur,
1344 968 1487 1022 utique
1521 978 1614 1008 mox
1651 967 1770 1008 mori-

136 1043 265 1087 turus,
289 1052 382 1082 cum
408 1038 543 1082 adhuc
578 1041 827 1081 immaturus
860 1039 1028 1080 omnino
1060 1041 1332 1093 supponatur.
1366 1036 1556 1079 lamvero
1578 1034 1617 1090 S.
1642 1035 1770 1079 Sedes

135 1110 184 1153 ad
229 1108 572 1154 Cameracensem
623 1109 995 1166 Archiepiscopum
1048 1110 1282 1165 rescripsit:
1321 1112 1453 1151 «tuto
1500 1108 1640 1152 doceri
1689 1120 1768 1150 non

136 1194 253 1237 posse
303 1181 455 1225 licitam
506 1194 595 1224 esse
643 1193 952 1238 quamcumque
1000 1181 1282 1236 operationem
1327 1178 1485 1222 directe
1523 1180 1767 1222 occissivam

139 1253 298 1305 foetus,
348 1254 508 1295 etiamsi
559 1251 635 1295 hoc
685 1253 964 1295 necessarium
1015 1251 1120 1294 foret
1152 1249 1202 1293 ad
1238 1254 1412 1292 matrem
1462 1248 1769 1292 salvandam».

135 1323 290 1379 Quare,
316 1328 357 1366 ut
380 1325 657 1366 conscientiae
689 1335 789 1366 suae
813 1321 1062 1375 consuleret,
1081 1321 1255 1377 supplex
1281 1320 1411 1363 Titius
1435 1321 1562 1376 petiit,
1586 1335 1608 1360 c<
1631 1324 1767 1363 utrum

135 1396 369 1437 enuntiatas
401 1395 663 1449 operationes
696 1394 734 1435 in
770 1394 957 1448 repetitis
1005 1391 1126 1435 dictis
1175 1392 1498 1434 circumstantiis
1542 1393 1770 1433 instaurare

136 1470 222 1508 tuto
256 1467 394 1521 possit.
431 1490 483 1494 —
518 1463 567 1507 Et
592 1464 603 1486 ¹
639 1464 676 1507 S.
712 1463 755 1509 C.
789 1464 828 1507 S.
862 1461 997 1508 Officii
1039 1476 1144 1520 resp.
1179 1461 1396 1518 Negative,
1433 1463 1544 1505 iuxta
1587 1460 1666 1504 alia
1699 1460 1769 1504 de-

135 1541 290 1580 creta...
326 1536 467 1579 Ssmus
500 1535 746 1592 adprobavit
774 1551 811 1578 ».

255 1605 327 1649 His
372 1608 697 1663 praesuppositis
737 1608 796 1649 sic
839 1605 1113 1662 explicandus
1157 1609 1216 1648 est
1248 1603 1276 1662 ἓ
1311 1607 1346 1647 1.
1400 1602 1678 1646 Prot-urum&
1720 1616 1768 1645 ex

138 1680 362 1721 intentione
396 1691 468 1734 per
500 1690 544 1721 se
580 1677 641 1720 vel
679 1691 750 1734 per
783 1676 925 1730 alium,
960 1678 1121 1719 actione
1157 1675 1316 1730 morali,
1355 1688 1471 1732 ingr.
1508 1676 1642 1728 minis,
1661 1685 1772 1716 man·

136 1748 247 1803 dato,
279 1750 470 1791 suasione
522 1747 583 1791 vel
624 1750 785 1791 actione
836 1746 1005 1804 physica
1056 1746 1310 1800 immediata,
1347 1759 1385 1788 v,
1420 1758 1481 1802 gr.
1515 1743 1770 1801 propinando

138 1819 423 1875 pharmacum,
448 1818 685 1862 adhibendo
712 1818 847 1861 media
876 1818 937 1861 vel
964 1819 1226 1874 operationes
1259 1816 1631 1874 qualitercumque,
1651 1815 1769 1858 duni-

138 1890 259 1933 modo
293 1895 462 1933 causent
496 1889 688 1933 abortum
723 1891 889 1946 proprie
924 1889 1096 1943 dictum,
1118 1887 1300 1945 quolibet
1339 1893 1425 1944 post
1458 1888 1768 1944 conceptionem

139 1966 336 2018 tempore,
371 1961 480 2004 unde
513 1963 600 2004 sive
632 1963 852 2013 animatus,
888 1964 931 2003 nt
963 1973 1073 2003 nunc
1106 1960 1307 2013 creditur,
1339 1961 1428 2002 sive
1471 1958 1608 2002 adhuc
1642 1959 1770 2000 inani-

138 2037 271 2075 matus
304 2038 523 2075 censeatur
557 2032 702 2086 foetus,
736 2045 814 2074 non
854 2044 951 2074 vero
984 2033 1016 2074 si
1051 2035 1165 2074 certo
1198 2032 1250 2074 sit
1282 2032 1361 2073 iam
1397 2038 1584 2073 mortuus
1625 2028 1768 2072 saltem

137 2102 395 2155 naturaliter,
417 2116 509 2146 nam
543 2105 575 2146 si
610 2103 874 2146 occideretur
908 2104 1078 2158 praevie
1111 2103 1200 2144 eius
1223 2103 1370 2144 eiectio
1395 2102 1433 2143 in
1457 2099 1645 2144 abortum
1673 2101 1773 2143 reci-

138 2173 267 2227 deret,
291 2173 490 2231 additque
523 2186 653 2217 canon
688 2179 837 2224 matre,
855 2176 944 2216 sive
980 2172 1089 2216 licite
1121 2174 1211 2215 sive
1245 2171 1386 2214 illicite
1422 2170 1486 2214 illa
1521 2173 1771 2227 conceperit,

137 2258 218 2287 non
252 2249 438 2302 accepta,
472 2258 545 2301 per
577 2257 700 2301 quain
736 2243 965 2287 clausulam
1001 2247 1138 2286 manet
1171 2242 1338 2285 exclusa
1374 2241 1650 2299 quorumdam
1685 2255 1772 2284 sen·

136 2316 261 2358 tentia
296 2319 669 2358 commentatorum
705 2319 851 2357 const.³
882 2330 903 2355 «
929 2313 1095 2370 Aplcae.
1120 2313 1238 2356 Sedis
1260 2328 1299 2365 »,
1324 2315 1392 2370 qui
1418 2317 1590 2356 matrem
1625 2311 1767 2355 saltem

135 2399 185 2428 ex
212 2389 380 2442 peccato
416 2390 711 2442 praegnantem
747 2384 979 2441 excipiebat
1015 2397 1181 2440 semper
1203 2383 1254 2427 ob
1282 2385 1481 2427 rationem
1510 2383 1619 2426 illius
1654 2396 1771 2438 pecu-

135 2455 293 2510 liarem,
329 2458 427 2512 quin
464 2461 601 2499 tamen
639 2469 710 2512 per
748 2455 974 2498 clausulam
1013 2455 1238 2511 praefatam
1294 2453 1391 2497 vetit
1442 2453 1653 2510 legislator
1686 2466 1768 2495 ma-

134 2531 238 2569 trem
275 2528 430 2582 privari
467 2528 731 2582 exemptione
765 2538 786 2568 a
820 2537 994 2569 censura
1029 2524 1082 2568 ob
1116 2529 1270 2567 metum
1307 2537 1480 2581 gravem
1515 2524 1694 2567 aliamve
1720 2523 1771 2567 ob

134 2608 319 2649 causam,
354 2608 459 2652 quae
509 2598 637 2651 ipsam
688 2595 818 2638 solum
856 2609 934 2638 non
977 2595 1079 2637 alios
1115 2597 1151 2637 in
1187 2594 1352 2638 casibus
1403 2593 1680 2651 peculiaribus
1715 2595 1771 2636 fa-

138 2671 266 2710 veret.
300 2692 357 2696 ——
390 2665 688 2723 Detinquentes
733 2668 859 2722 igitur
903 2667 942 2708 in
987 2678 1083 2709 casu
1130 2667 1189 2708 sic
1232 2665 1430 2708 declarati
1465 2665 1704 2717 incurrunt,
1738 2666 1771 2707 si

135 2741 271 2780 tamen
309 2737 549 2780 verificetur
580 2736 762 2779 conditio
795 2749 994 2793 sequens:
1029 2735 1412 2793 effeetueiectionis
1437 2736 1568 2778 foetus
1585 2740 1771 2792 sequuta,

252 2889 263 2910 1
290 2889 336 2922 <24
362 2888 435 2923 Iul.
467 2888 568 2922 1895.
599 2888 761 2922 Collect.
793 2888 830 2922 S.
861 2887 901 2922 C.
932 2887 977 2922 de
1005 2887 1048 2921 P.
1079 2887 1120 2921 F.
1151 2899 1189 2921 n.
1221 2887 1326 2921 1906.
