1950 3313
141 138 186 173 78
207 161 212 174 ,
648 135 735 169 LIB.
763 134 795 169 Ι.
824 155 837 160 -
862 135 1036 169 Nor-mae
1055 134 1256 179 generales

141 254 330 299 vincialis
361 254 471 311 (can.
506 253 604 307 291,
637 255 662 307 ξ
696 252 753 310 Ξ).
779 279 832 284 -
856 253 1032 297 Demum
1066 253 1328 302 documenta,
1362 265 1470 311 quae
1506 254 1589 295 vim
1629 252 1767 309 legum

140 324 438 369 universalium
473 325 512 366 in
546 336 690 367 eorum
726 328 842 380 parte
875 324 1118 380 dispositiva
1151 328 1404 381 consequuta
1437 327 1530 366 suut
1574 336 1622 366 eo
1654 322 1763 380 quod

140 400 291 440 inserta
315 395 481 438 suerunt
504 396 542 437 in
561 392 685 451 Greg.
711 393 766 437 IX
788 393 1145 451 Compilationem‚
1170 394 1491 437 denominantur
1513 393 1764 437 Decretales.

139 468 254 512 Aliae
287 466 645 509 denominationes
667 464 806 522 legum
837 464 1212 509 ecclesiasticarum
1250 479 1287 508 v.
1310 478 1372 521 gr.
1393 464 1623 519 interdicta,
1647 476 1766 508 sanc-

139 541 282 592 tioneS,
318 536 525 591 mandata,
558 540 653 579 sunt
684 538 937 593 antiquatae.

802 686 845 690 --
871 676 950 700 cum
978 676 1046 711 quo
1070 665 1193 700 effectu
1605 663 1693 699 Can.
1746 660 1768 697 8

397 734 440 737 —
456 712 725 759 promulgandis
742 733 784 738 —

801 781 845 785 —
871 770 939 805 qiio
966 759 1078 801 modo,
1100 763 1133 795 et
1152 759 1202 793 vis
1221 759 1360 794 illarum
1387 758 1528 793 initium
1645 771 1660 789 »
1746 755 1767 791 9

725 873 774 903 ¹—
802 853 936 888 futuros
963 853 1015 889 vel
1043 853 1248 899 praeteritos
1645 865 1660 884 »
1725 851 1767 886 10

399 923 441 927 —
457 902 549 937 circa
562 905 726 939 actus—l

730 969 774 973 -
800 948 1027 993 quandonam
1054 948 1203 983 reddant
1230 958 1288 983 eos
1315 947 1488 982 invalidos
1645 959 1660 978 »
1725 945 1765 980 tl

831 1063 882 1108 Ι-
908 1053 1029 1077 earum
1057 1052 1151 1077 mere
1175 1040 1493 1077 ecclesiasticarum
1649 1054 1664 1072 »
1721 1038 1770 1075 112

400 1159 442 1163 —
470 1137 582 1183 quoad
603 1137 760 1172 subditos
779 1111 882 1255 -Ι-
910 1137 1023 1182 legum
1043 1136 1260 1181 generalium
1278 1140 1311 1171 et
1330 1135 1595 1182 particularium
1648 1148 1662 1167 »
1727 1132 1768 1169 13

838 1254 883 1258 —
911 1231 1110 1278 peregrinos
1135 1235 1169 1266 et
1194 1241 1300 1275 vagos
1648 1242 1662 1260 n
1726 1226 1769 1263 14

173 1302 347 1338 Titulusl.
981 1327 987 1332 .
1119 1325 1124 1330 .
1278 1324 1284 1330 .
1336 1324 1342 1330 .
1563 1323 1569 1328 .
1749 1320 1767 1330 υ

165 1350 360 1385 Οθιρσὼυδ
646 1374 652 1380 ἱ
719 1374 724 1380 ¹
903 1348 951 1379 1—
980 1338 1016 1361 in
1043 1325 1149 1361 dubio
1174 1329 1249 1360 tum
1277 1335 1363 1360 iuris
1388 1328 1462 1359 tum
1491 1323 1570 1359 facti
1648 1336 1662 1355 υ
1727 1321 1770 1357 10

181 1377 341 1433 ecclgsia-
400 1373 569 1419 —quoad
584 1374 832 1419 obligationem
850 1384 906 1437 —j
1051 1421 1056 1426 .
1218 1419 1224 1425 ἦ

211 1445 307 1480 sticis
339 1466 383 1470 -
911 1443 953 1447 -
980 1421 1023 1457 ob
1050 1424 1287 1465 ignorantiam
1313 1419 1365 1454 vel
1396 1428 1549 1454 errorem
1648 1430 1664 1449 »
1729 1416 1770 1451 16

400 1536 442 1539 —
463 1515 631 1597 intergre-
693 1537 736 1542 -
762 1515 965 1552 authentice
991 1525 1032 1550 ac-
1057 1526 1137 1550 cum
1163 1514 1300 1549 diversa
1326 1513 1356 1547 vi
1646 1525 1662 1543 n
1727 1509 1768 1545 17

493 1567 503 1596 Ῐ
632 1583 678 1587 .—

507 1573 550 1597 an
581 1574 610 1596 'S
695 1630 737 1635 —
764 1608 937 1691 dolctrina-
993 1629 1035 1633 -—
1063 1617 1305 1653 quaecumque
1333 1605 1412 1641 illae
1439 1605 1509 1640 sint
1647 1619 1662 1638 »
1728 1603 1771 1640 18

818 1661 883 1692 lter
987 1633 1036 1728 1—
1063 1702 1159 1737 iuxta
1184 1712 1307 1737 earum
1334 1700 1573 1736 diversitatem
1649 1713 1663 1731 n
1729 1698 1770 1735 19
1839 1739 1842 1744 ,
1879 1700 1887 1707 ”
1928 1698 1934 1705 “

399 1819 439 1825 -
468 1798 675 1844 supplendis
1647 1807 1662 1826 »
1724 1793 1769 1829 20

392 1861 442 1976 1-
468 1903 536 1938 quo
563 1892 599 1927 in
626 1903 707 1928 casu
735 1892 841 1928 etiam
868 1896 994 1936 urgent
1725 1887 1766 1923 21

543 2034 546 2037 ἢ
602 2035 607 2041 ·
864 2007 914 2043 1-
943 1996 1001 2031 pei·
1028 1985 1140 2030 legem
1168 1984 1393 2031 posteriorem
1646 1997 1661 2016 ›>
1722 1982 1768 2017 22

399 2055 441 2061 —
459 2039 630 2071 revocatis
649 2034 699 2070 vel
720 2045 789 2070 nou
811 2052 869 2101 -ὶ
1137 2080 1142 2085 ⁸
1278 2079 1283 2085 ·
1389 2079 1394 2084 .
1749 2078 1756 2087 Ι

876 2102 916 2106 -
945 2080 1057 2126 quoad
1086 2079 1284 2115 huiusmodi
1313 2079 1459 2114 dubium
1648 2092 1663 2109 »
1726 2076 1769 2112 23

406 2198 452 2203 —
478 2177 591 2222 quoad
620 2182 884 2222 praeceptorum
912 2175 996 2217 vim,
1024 2185 1113 2220 quae
1139 2173 1287 2218 singulis
1312 2174 1442 2209 dantur
1646 2187 1661 2204 ι)
1727 2169 1770 2206 24

257 2306 324 2350 63.
361 2307 612 2353 Canonum
656 2308 978 2353 coordinatio.
1012 2305 1214 2361 Supponit
1254 2302 1393 2348 Codex
1436 2305 1476 2346 in
1521 2303 1598 2347 hoc
1645 2304 1764 2345 titulo

136 2378 367 2422 doctrinam
403 2380 441 2420 in
477 2377 735 2434 philosophia
762 2381 801 2420 et
824 2376 949 2420 Sacra
973 2375 1195 2431 Theologia
1228 2374 1473 2418 tradendam
1507 2374 1557 2418 de
1590 2372 1764 2430 legibus,

135 2461 183 2492 ac
219 2462 290 2505 pro
313 2444 386 2491 suo
410 2461 534 2505 scopo
557 2460 604 2491 ea
628 2448 839 2502 disceruit,
859 2451 1058 2494 statuens,
1083 2458 1189 2503 quae
1221 2458 1244 2488 a
1274 2445 1522 2502 legislatoris
1556 2444 1767 2488 voluntate

138 2519 316 2576 pendent
345 2521 383 2562 in
417 2518 706 2576 praecidendis
739 2517 963 2561 Doctorum
998 2518 1306 2560 controversiis.
1342 2515 1400 2559 De
1433 2515 1768 2572 promulgatione
1813 2512 1815 2514 ’
1870 2572 1873 2579 .
1918 2525 1922 2528 ·

136 2592 276 2648 itaque
310 2589 448 2646 legum
481 2589 633 2632 dautur
665 2601 755 2632 caii.
782 2588 806 2631 8
829 2593 869 2631 et
894 2588 946 2639 93
982 2586 1190 2630 obiectum
1223 2599 1367 2630 earum
1400 2599 1447 2630 ac
1479 2588 1564 2628 vim
1597 2585 1766 2629 edicunt

137 2673 226 2704 caii.
264 2660 315 2703 10
350 2665 389 2704 et
424 2660 490 2715 11,
526 2662 695 2717 quinam
733 2659 913 2702 diversis
951 2657 1112 2714 legibus
1151 2657 1443 2701 ecclesiasticis
1475 2659 1693 2700 teneantur
1725 2656 1765 2697 in

137 2744 226 2776 can.
265 2731 395 2774 12-14
430 2731 643 2782 edocetur,
679 2730 730 2773 de
763 2729 889 2773 dubio
933 2741 981 2772 ac
1030 2730 1261 2784 ignorantia
1309 2727 1447 2785 legum
1480 2740 1570 2771 can.
1607 2727 1676 2781 15,
1710 2724 1766 2768 16

137 2807 329 2857 tractant,
362 2802 413 2845 de
447 2803 630 2858 ipsarum
673 2802 1015 2857 interpretatione
1049 2811 1218 2842 normae
1256 2803 1351 2842 sunt
1382 2810 1472 2842 can.
1508 2798 1649 2846 1749,
1683 2807 1765 2854 quo

140 2873 262 2916 modo
295 2873 524 2930 supplenda
575 2874 625 2915 sit
670 2871 773 2928 legis
815 2871 1050 2914 deficientia
1084 2869 1385 2913 determinatur
1418 2871 1455 2912 in
1490 2880 1580 2913 can.
1616 2867 1684 2922 ⁶20,
1716 2865 1770 2909 de
