1950 3313
147 171 212 205 156
652 168 737 201 Lm.
766 167 797 200 Ι.
826 186 839 191 -
865 166 1036 200 Normae
1056 167 1255 210 generales

143 288 377 332 huiusmodi
399 287 707 344 procedendum
734 301 771 326 )>.
796 285 874 329 Sed
895 284 972 328 hoc
996 288 1120 340 caput
1143 288 1376 328 correctum
1402 287 1462 327 est
1480 285 1518 326 in
1538 296 1628 327 can.
1656 283 1768 327 17025

142 360 317 413 dicente,
353 359 441 402 loco
475 358 556 401 litis
589 358 911 410 contestationis,
952 371 972 396 <c
996 368 1089 398 cum
1115 357 1254 398 citatio
1289 357 1471 412 legitime
1496 359 1660 411 peracta
1686 356 1769 397 fue-

142 432 193 472 rit.
225 434 294 472 aut
329 434 465 485 partes
497 433 642 484 sponte
668 430 705 470 in
732 426 930 470 iudicium
954 428 1142 469 venerint
1167 441 1204 470 )).

263 500 355 543 1⁶28.
391 501 463 546 De
486 500 729 545 nonnullis
752 500 1006 554 rescriptis
1041 499 1198 540 ratione
1228 498 1382 540 favoris
1417 499 1454 539 in
1490 496 1647 539 eisdem
1671 509 1767 539 con-

140 573 237 614 tenti
271 576 331 614 est
364 571 529 614 additus
571 575 802 626 postremus
845 568 950 611 tituli
984 582 1074 610 can.
1100 570 1175 612 62.
1212 567 1258 611 St
1290 567 1554 623 rescm'ptu‘m,
1590 579 1670 623 qua
1705 580 1766 610 re-

139 655 332 699 sponsum
366 643 580 697 scriptum,
615 642 689 683 etsi
723 639 803 682 alia
837 640 967 683 forma
1011 643 1241 692 exaratum,
1276 643 1315 681 et
1353 638 1461 696 quod
1507 637 1606 681 libet
1637 637 1766 680 comi—

138 718 234 756 ned!
268 726 346 755 non
371 711 601 769 simplicem
631 709 820 767 qratiam
854 710 988 752 forsan
1026 713 1189 766 praeter
1223 711 1285 752 ius
1317 713 1387 752 aut
1419 708 1649 752 secundum
1690 709 1766 762 ius,

137 783 209 827 sed
238 782 509 841 pricileqi'wn
543 781 676 824 idest:
712 783 749 823 in
777 785 1021 837 perpetuum
1056 792 1295 824 concessam
1333 781 1592 837 frequentius
1620 792 1641 822 a
1661 778 1766 822 Sede

137 854 386 911 Apostolica,
422 852 482 895 cel
514 851 887 910 dispensationem,
920 851 1078 895 scilicet
1110 853 1286 908 gratiam
1332 855 1475 894 contra
1522 852 1585 893 ius
1621 852 1766 906 vigens

142 942 160 966 <s
185 930 269 968 tum
305 925 421 968 Sedis
444 923 705 980 Apostolicae
729 927 814 965 tum
839 922 1013 966 aliorum
1039 920 1358 966 Ordinariorum
1385 937 1404 963 ))
1435 921 1543 979 (can.
1571 921 1639 975 36,
1663 923 1687 975 ξ
1709 921 1764 977 l),

135 1001 232 1039 tunc
266 995 363 1038 illud
399 1008 477 1037 non
513 994 644 1037 solum
680 996 838 1050 regitur
872 1007 943 1050 per
976 1006 1155 1037 canones
1188 993 1310 1036 huius
1343 992 1478 1047 Tituli,
1504 992 1575 1035 sed
1600 1005 1764 1034 sernen-

138 1073 206 1109 ίαν·
230 1067 401 1124 insuper
420 1065 689 1123 praescripta
712 1078 917 1107 cationum
943 1064 1014 1122 qui
1037 1070 1299 1122 sequuntur:
1332 1063 1532 1107 videlicet
1553 1080 1560 1107 :
1584 1062 1707 1105 Tituli
1735 1061 1765 1105 V

138 1138 200 1181 vel
240 1137 284 1180 vt
322 1140 432 1180 iuxta
469 1138 693 1193 praefatam
729 1140 946 1179 contentae
972 1138 1009 1178 in
1037 1138 1235 1192 rescripto
1270 1137 1428 1192 gratiae
1463 1135 1764 1178 diversitatem.

789 1349 1022 1386 TtTULUS
1057 1350 1104 1386 V.

761 1484 825 1526 De
858 1484 1133 1538 privilegiis.

989 1655 1038 1690 vel
1066 1655 1108 1689 ad
1138 1653 1361 1700 praefinitum
1388 1658 1525 1700 tempus
1551 1659 1611 1689 aut
1629 1658 1761 1706 certum

982 1713 1169 1737 numerum
1206 1712 1363 1742 casuum,
1405 1707 1636 1736 accensentur
1663 1711 1764 1744 privt—

983 1750 1081 1794 legiis
1110 1753 1243 1795 praeter
1270 1748 1335 1784 ius.

185 1655 268 1691 (ᾹΑΝ.
300 1655 355 1690 63.
393 1677 408 1680 -
444 1659 462 1701 ,ξ
495 1659 519 1689 l.
559 1655 742 1700 Privilegia
779 1655 912 1700 acquiri

135 1707 279 1748 possuntv
305 1715 373 1737 non
403 1703 513 1737 solum
543 1714 601 1748 per
627 1703 795 1738 directam
827 1714 907 1737 con-

133 1750 324 1785 cessionem
364 1750 591 1795 competentis
629 1750 846 1785 auctoritatis
876 1755 908 1785 et

136 1809 194 1842 per
231 1798 599 1835 communicationem,
630 1798 688 1833 sed
715 1797 819 1833 etiam
848 1809 908 1843 per

134 1845 323 1889 legitimam
351 1845 638 1880 consuetudinem
666 1850 725 1879 aut
741 1845 907 1891 praescri-

134 1893 295 1938 ptionem.

181 1943 199 1981 ξ
226 1939 259 1973 Q,
291 1939 460 1974 Possessio
487 1939 688 1974 centenaria
714 1939 765 1974 vel
784 1939 907 1974 imme-

134 1986 311 2021 morabilis
331 1986 465 2021 inducit
486 1987 802 2032 praesumptionem
825 1998 907 2021 con-

133 2035 217 2068 cessi
247 2034 427 2079 privilegii.

181 2079 264 2115 CAN.
287 2080 342 2114 tili.
365 2102 380 2105 -
400 2080 822 2116 Percommunicationem
840 2081 908 2126 pri-

135 2128 349 2172 vilegiorum,
368 2128 472 2162 etiam
494 2128 527 2162 in
551 2129 660 2163 forma
678 2139 787 2173 aeque
813 2128 907 2173 prin-

132 2175 249 2220 cipali,
274 2186 312 2209 ea
340 2179 476 2209 tantum
512 2176 691 2220 privilegia
730 2175 908 2221 impertita

132 2226 331 2262 censentur,
368 2233 456 2267 (luae
495 2223 636 2260 directe.
678 2228 841 2268 perpetuo
874 2228 907 2258 et

132 2270 208 2304 sine
233 2269 372 2314 speciali
394 2269 560 2305 relatione
578 2270 620 2304 ad
641 2275 772 2304 certum
793 2270 904 2305 locum

132 2321 191 2351 aut
217 2327 288 2351 rem
307 2321 366 2351 aut
387 2328 568 2361 personam
588 2328 752 2351 concessa
771 2317 908 2352 fuerant

134 2363 244 2409 primo
273 2363 519 2409 privilegiario‚
553 2364 671 2399 habita
709 2365 811 2398 etiam
854 2375 907 2399 ra-

132 2410 225 2445 tione
252 2411 453 2455 capacitatis
480 2411 639 2454 subiecti,
669 2411 721 2446 cui
753 2411 789 2445 fit
815 2422 906 2446 com-

134 2463 335 2492 municatio.

181 2504 263 2539 CAN.
295 2504 350 2539 155.
376 2526 391 2529 -
414 2505 500 2539 (jum
523 2505 702 2550 privilegia
720 2505 907 2550 acquirun-

132 2557 187 2586 tur
231 2563 289 2597 per
326 2552 680 2587 communicationem
720 2553 757 2587 in
799 2552 908 2587 forma

130 2599 331 2639 accessoria,
358 2604 541 2643 augentur,
568 2599 830 2634 imminuuntur
857 2599 907 2634 vel

131 2646 341 2681 amittuntur
361 2647 434 2691 ipso
463 2646 562 2687 facto,
597 2647 623 2680 si
647 2647 730 2681 forte
757 2657 908 2690 augean—

132 2697 198 2727 tur.
231 2693 487 2728 imminuantur
516 2693 564 2729 rel
593 2698 731 2729 cessent
757 2694 791 2727 in
815 2693 908 2738 prin-

131 2739 232 2785 cipali
257 2740 503 2785 privilegiari(=;
519 2752 618 2776 secus
637 2742 664 2774 si
680 2741 909 2786 acquirantur

131 2797 191 2831 per
217 2788 571 2823 communicationem
601 2788 634 2822 in
665 2789 775 2822 forma
801 2799 909 2832 aeque

132 2834 330 2879 principali.

179 2881 261 2915 (lm.
288 2880 343 2915 titt.
370 2902 384 2906 -
407 2884 425 2924 ,ξ
449 2882 476 2916 l.
500 2881 691 2916 l⁴¹arultates
711 2881 906 2916 habituales

130 2939 217 2972 quae
256 2929 494 2963 conceduntur
534 2930 582 2963 vel
624 2929 658 2963 iu
700 2933 903 2974 perpetuum

1029 1801 1048 1839 ξ
1074 1796 1107 1831 2.
1126 1796 1196 1831 Nisi
1218 1796 1253 1830 in
1273 1807 1394 1831 earum
1413 1796 1636 1831 concessione
1654 1795 1763 1830 electa

982 1844 1085 1879 fuerit
1113 1843 1285 1878 industria
1313 1854 1480 1889 personae
1505 1848 1565 1878 aut
1584 1843 1679 1878 aliud
1706 1853 1762 1877 ex-

983 1902 1098 1936 presse
1116 1896 1257 1926 cantum
1277 1891 1333 1934 sit,
1358 1890 1538 1925 facultates
1554 1889 1762 1931 habituales‚

982 1938 1148 1984 Episcopo
1174 1938 1295 1973 aliisve
1313 1938 1355 1973 de
1373 1937 1501 1983 quibus
1519 1938 1555 1972 in
1582 1948 1659 1972 can.
1686 1935 1761 1979 198,

981 1990 1000 2028 ξ
1032 1985 1040 2020 1
1073 1986 1117 2021 ab
1144 1985 1341 2031 Apostolica
1359 1984 1446 2020 Sede
1464 1996 1660 2022 concessae,
1690 1995 1759 2019 non

981 2038 1208 2073 evanescunt,
1240 2033 1392 2068 resoluto
1411 2033 1484 2067 iure
1504 2032 1683 2067 Ordinarii
1704 2032 1758 2067 cui

981 2091 1166 2115 concessae
1180 2085 1276 2120 sunt,
1294 2080 1429 2115 etiamsi
1452 2080 1524 2120 ipse
1542 2091 1600 2114 eas
1618 2079 1758 2125 exsequi

980 2128 1142 2174 coeperit,
1170 2128 1227 2162 sed
1256 2131 1439 2162 transeunt
1469 2127 1511 2161 ad
1551 2125 1760 2162 Ordinarios

981 2175 1038 2221 qui
1068 2175 1132 2220 ipsi
1162 2175 1195 2208 in
1225 2175 1396 2219 regimine
1434 2175 1645 2213 succedunt3
1676 2173 1757 2209 item

980 2233 1164 2257 concessae
1192 2221 1357 2268 Episcopo
1395 2227 1597 2267 competunt
1624 2232 1761 2266 quoque

984 2270 1118 2304 Vicat-io
1144 2269 1320 2304 Generali.

1028 2322 1047 2359 ᾗ
1063 2317 1095 2351 3.
1115 2315 1284 2351 Concessa
1307 2316 1451 2351 facultas
1469 2315 1656 2351 secumfert
1673 2315 1761 2349 alias

982 2375 1120 2409 quoque
1148 2368 1332 2409 potestates
1359 2374 1447 2408 quae
1473 2363 1515 2398 ad
1536 2363 1631 2397 illius
1658 2373 1760 2397 usum

981 2416 1064 2446 sunt
1102 2411 1337 2454 necessariae3
1379 2421 1485 2456 quare
1523 2410 1558 2444 in
1599 2409 1762 2444 facultate

980 2458 1206 2504 dispensandi
1248 2457 1440 2492 includitur
1478 2458 1582 2492 etiam
1612 2461 1762 2502 potestas

980 2505 1183 2541 absolvendi
1223 2516 1243 2540 a
1283 2505 1401 2550 poenis
1439 2503 1692 2544 ecclesiasticis,
1732 2504 1758 2537 si

981 2563 1069 2598 quae
1086 2552 1330 2595 forteobstent,
1351 2552 1409 2587 sed
1428 2552 1470 2586 ad
1485 2551 1643 2587 effectum
1664 2551 1759 2585 dum-

982 2605 1076 2635 taxat
1101 2600 1375 2644 dispensationis
1401 2598 1677 2644 consequendae.

1029 2647 1114 2682 CAN.
1143 2647 1202 2681 67.
1234 2646 1455 2691 Privilegium
1496 2657 1535 2681 ex
1576 2645 1685 2691 ipsius
1712 2649 1759 2680 te-

982 2705 1065 2728 nore
1091 2694 1350 2729 aestimandum
1377 2698 1439 2734 cst,
1470 2704 1534 2728 nec
1569 2693 1647 2727 licet
1672 2691 1758 2726 illud

981 2741 1165 2776 extendere
1191 2745 1251 2776 aut
1276 2741 1495 2785 restringere.

1030 2788 1114 2822 CAN.
1145 2788 1201 2823 ⁴38.
1232 2788 1268 2822 ln
1296 2788 1401 2823 dubio
1435 2787 1614 2833 privilegia
1653 2786 1758 2820 inter-

985 2835 1151 2879 pretanda
1190 2836 1343 2870 suntad
1382 2845 1543 2869 normam
1582 2844 1660 2868 can.
1692 2831 1756 2872 50;

983 2882 1040 2916 sed
1068 2893 1108 2916 ea
1133 2893 1270 2928 semper
1287 2882 1486 2917 adhibenda
1506 2879 1756 2926 interpretatio,

984 2934 1020 2963 ut
1048 2929 1226 2974 privilegio
1251 2929 1341 2964 aucti
1373 2929 1527 2974 aliquam
1565 2938 1604 2963 ex
1644 2925 1758 2960 indul—
