1950 3313
655 161 738 194 Ti'r.
769 160 835 193 IV.
864 180 876 185 -
904 159 960 194 De
988 162 1186 204 rescriptis
1671 149 1736 190 147

111 285 289 326 zioniere
331 280 554 338 apostolico
605 281 810 323 residente
859 283 896 322 in
948 279 1074 323 Roma
1089 280 1108 322 ἱ)
1144 305 1195 309 —
1238 279 1274 323 2.
1309 279 1393 323 (Ibe
1426 279 1447 322 ὸ
1481 279 1531 322 da
1566 282 1659 322 tarsi
1694 294 1738 322 se

113 353 303 396 l'attuale
342 351 525 395 Vescoro
558 364 703 406 scopre
737 350 813 394 clio
856 351 992 393 alcuni
1039 350 1290 403 matrimoni,
1325 364 1396 407 per
1429 364 1552 394 cause
1587 364 1736 406 urgen-

113 427 280 475 tissime,
317 425 460 466 turono
493 423 684 465 contratti
719 422 826 477 dopo
862 421 894 463 la
934 424 1259 477 partecipazione
1293 421 1400 463 dello
1428 421 1740 477 spedizioniere,

111 509 132 538 e
168 497 298 551 prima
332 493 408 536 che
458 493 490 535 la
536 493 657 535 (Juria
707 506 852 535 axesse
888 492 910 534 il
949 492 1078 534 Breve
1117 492 1332 548 originale.
1369 498 1526 536 mentre
1561 493 1595 535 le
1632 495 1734 549 parti

111 580 210 609 sono
246 568 282 607 in
319 564 451 608 buona
487 563 609 606 t'edez'
646 589 696 592 —
734 563 793 605 Ad
832 563 857 607 Ι.
894 563 1166 605 Allirmatire.
1204 563 1263 605 Ad
1301 564 1336 605 2.
1371 562 1487 618 Opus
1511 578 1599 606 esse
1625 577 1729 606 nova

112 637 463 692 dispensationum
499 636 839 691 exequutione».
876 633 987 677 Haec
1025 634 1207 677 secunda
1252 637 1462 689 responsio
1499 633 1659 678 valebat
1695 636 1732 676 in

114 719 249 764 praec.
283 708 384 749 iure.
419 718 511 747 nam
547 719 595 748 ex
631 705 782 749 Codice
815 705 865 748 ad
902 718 1088 748 normam
1124 718 1215 748 can.
1253 705 1332 748 204
1366 707 1395 763 ς’
1429 706 1464 753 2,
1501 710 1635 761 posset
1658 706 1736 749 Or-

111 778 648 832 dinariusurgentissimae
686 776 953 832 dispensandi
1002 788 1151 819 causae
1200 778 1438 819 satisfacere
1489 779 1525 818 in
1576 776 1740 820 casibus

111 847 424 904 comprehensis
455 847 532 890 sub
565 859 656 891 can.
696 847 818 898 1043,
859 847 980 889 1045.

238 920 329 962 119.
366 920 440 964 De
472 920 823 975 rescriptorum
862 919 1023 963 forma
1065 920 1347 974 requirente
1369 920 1573 965 alterius
1601 933 1741 965 exse-

113 993 411 1048 quutionem.
450 989 490 1031 ln
541 988 705 1031 Normis
754 987 1032 1044 peculiaribus
1076 994 1137 1031 est
1184 991 1384 1046 scriptum
1421 990 1458 1033 1:
1512 1007 1533 1029 <‹
1568 991 1607 1032 §i
1646 1004 1742 1034 vero

113 1063 397 1105 commissoria
432 1062 561 1103 torma
612 1062 811 1116 rescripta
860 1073 1055 1115 expressa
1108 1062 1202 1112 sint,
1244 1074 1346 1116 opus
1386 1060 1537 1104 liabent
1570 1075 1741 1106 exsecu-

114 1137 200 1176 tore
222 1148 259 1174 ›).
295 1131 375 1174 Sed
407 1130 560 1187 duplex
599 1132 671 1174 iste
714 1131 985 1186 distinguitur
1020 1130 1190 1183 ibidem,
1235 1137 1271 1174 et
1316 1132 1393 1175 sub
1425 1132 1587 1175 duobus
1621 1147 1738 1190 para-

113 1203 282 1260 graphis
315 1204 353 1245 in
389 1216 480 1244 can.
513 1204 587 1245 54.
623 1204 647 1255 ξ
682 1204 715 1243 1.
750 1201 795 1244 St
840 1201 879 1243 ιή
931 1201 1135 1259 rescripto
1169 1202 1353 1259 quolibet
1402 1217 1449 1246 ac
1499 1207 1739 1259 praesertim

113 1275 286 1316 Sanctae
319 1272 437 1316 Sedis
470 1271 759 1314 committatur
791 1284 987 1327 expresse
1031 1271 1108 1315 hoc
1152 1272 1280 1315 vei-bo
1323 1273 1384 1316 rel
1429 1274 1743 1331 aequivalenter

115 1357 271 1386 merum
305 1345 475 1399 gratiae.
510 1356 617 1400 quae
650 1342 702 1386 ab
737 1345 823 1399 ipsa
856 1343 1005 1386 Sancta
1039 1343 1145 1386 Sede
1180 1358 1222 1386 re
1260 1357 1356 1387 iera
1392 1359 1463 1401 per
1498 1349 1743 1402 rescriptum

114 1416 386 1471 impertiatur,
421 1413 702 1457 exsecutionis
737 1412 1034 1467 minister-ieme„
1077 1420 1281 1471 quatenus
1314 1416 1495 1460 excludit
1540 1430 1661 1461 verae
1686 1421 1744 1461 iu-

115 1485 364 1529 risdictionis
407 1485 622 1541 delegatae
671 1486 932 1533 exercitium,
984 1485 1074 1528 talis
1112 1486 1322 1529 exsecutio
1362 1487 1558 1545 rescripti
1595 1492 1744 1532 ostensi

113 1556 316 1613 denegari
350 1558 526 1612 positive
559 1561 626 1599 aut
664 1570 734 1612 per
768 1558 1031 1599 omissionem
1068 1557 1176 1600 licite
1212 1572 1291 1601 uon
1321 1564 1458 1616 potest
1483 1572 1504 1603 a
1529 1560 1746 1616 designato

115 1631 403 1684 exsequutore,
439 1640 511 1670 seu
550 1640 669 1670 «nec
720 1627 813 1670 licet
862 1624 1086 1671 Ordinario
1136 1632 1446 1672 exsecutionem
1496 1630 1742 1682 detrectare,

116 1699 191 1740 nisi
225 1698 326 1740 t'orte
361 1697 508 1740 hoium
552 1698 799 1741 alterutrum
846 1704 1080 1741 occurrat»
1121 1699 1217 1756 (loc.
1252 1703 1353 1758 etr),
1394 1702 1545 1758 quibus
1579 1706 1744 1747 tertium

115 1768 230 1811 addit
261 1780 392 1811 canon
428 1767 490 1811 liis
527 1768 664 1812 verbis
699 1769 782 1811 nisi
816 1770 856 1826 a)
891 1775 965 1812 aut
991 1770 1216 1827 manifeste
1240 1777 1402 1828 pateat,
1443 1778 1581 1829 postea
1621 1787 1744 1832 quam

115 1843 334 1882 exsecutor
371 1841 640 1882 «summarie
673 1852 721 1883 ac
754 1839 976 1896 diligenter
1007 1841 1059 1884 de
1092 1844 1276 1884 omnium
1322 1846 1605 1899 expositorum
1643 1847 1749 1891 veri-

117 1912 198 1951 tate
230 1914 451 1964 cognoscat
476 1925 516 1961 )),
541 1910 792 1967 rescriptum
826 1911 925 1954 illud
951 1911 1162 1968 singulare
1189 1912 1288 1955 citio
1317 1913 1599 1971 subreptionis
1624 1930 1747 1973 prop-

117 1984 178 2022 ter
214 1981 298 2021 reri
335 1982 593 2023 reticentiam
630 1983 863 2024 necessario
896 1982 1130 2038 exponendi
1155 1983 1206 2025 ad
1235 1985 1443 2028 vitandam
1481 1986 1746 2031 rescribentis

115 2049 420 2106 deceptionem,
454 2056 528 2093 aa!
551 2050 808 2108 obreptionis
841 2066 912 2095 seu
948 2052 1134 2096 salsitatis
1169 2056 1205 2096 iu
1241 2057 1472 2110 expositiva
1505 2062 1631 2113 parte,
1667 2072 1744 2101 non

115 2119 247 2163 solum
285 2120 427 2164 illicite
460 2121 688 2173 obtentum,
721 2122 792 2165 sed
829 2122 991 2165 nultum
1024 2138 1112 2166 esse
1149 2125 1198 2167 ad
1240 2138 1429 2169 normam
1468 2140 1559 2171 can.
1599 2130 1745 2185 42-46,

118 2188 160 2246 b)
195 2194 268 2232 an!
294 2190 336 2232 in
360 2191 565 2249 rescripto
589 2192 735 2235 eodem
770 2198 1042 2249 apponantur
1065 2194 1338 2250 conditiones,
1375 2210 1452 2239 nou
1483 2198 1743 2243 solummodo

122 2261 406 2305 «essentiales
440 2275 512 2318 pro
545 2263 787 2306 eorumdem
827 2263 1080 2307 validitate»
1120 2265 1229 2322 (cau.
1265 2266 1352 2324 39),
1385 2268 1455 2311 sed
1492 2268 1596 2313 aliae
1630 2284 1746 2327 prae-

116 2334 294 2387 scriptae
328 2334 365 2375 iu
400 2333 629 2377 eorundem
663 2337 941 2378 concessionis
974 2335 1208 2391 liceitatem7
1242 2351 1346 2394 quas
1372 2342 1540 2395 praevie
1575 2342 1746 2398 implen-

118 2401 191 2444 das
223 2404 459 2446 eoeseentorz'
482 2410 639 2447 constet
675 2409 763 2461 post
796 2405 1037 2461 diligentem
1063 2409 1422 2464 investigationem
1460 2424 1539 2453 non
1564 2425 1652 2455 esse
1676 2413 1748 2455 im-

114 2470 268 2528 pleam,
291 2478 329 2516 et
362 2486 538 2531 quarum
575 2475 889 2532 implementum
924 2490 1004 2520 nou
1039 2480 1242 2534 pertineat.
1275 2480 1324 2523 ad
1360 2494 1467 2525 eum.
1495 2481 1605 2526 Haec
1629 2497 1748 2527 exce-

120 2544 201 2598 ptio
235 2546 522 2588 tantummodo
567 2546 759 2590 redderet
808 2547 960 2591 licitam
1006 2548 1245 2593 dilationem
1290 2555 1568 2595 exsecutionis
1618 2568 1746 2611 usque

114 2603 168 2656 'ad
203 2612 366 2657 illarum
402 2616 685 2660 conditionum
722 2620 980 2674 positionem,
1015 2622 1118 2663 sicut
1153 2621 1295 2664 dilatio
1330 2625 1582 2679 praecipitur
1617 2627 1653 2667 in
1683 2639 1745 2668 se-

119 2686 261 2741 quenti
295 2688 564 2742 exceptione:
598 2693 638 2743 c)
663 2694 737 2730 aut
760 2689 833 2745 qui
854 2690 1106 2747 21·eser2ptmn
1132 2691 1385 2748 impetrcwit,
1423 2696 1477 2736 uti
1513 2700 1650 2737 orator
1677 2695 1745 2739 be-

121 2755 336 2798 neficiatus
372 2769 444 2812 per
478 2756 592 2806 illud,
636 2757 753 2814 adeo,
800 2759 955 2803 inclinio
992 2762 1263 2816 eJ·-s·e(‘tct0}·1'.s·‚
1308 2763 1488 2819 qualibet
1527 2765 1578 2807 de
1622 2778 1743 2808 causa

240 2908 248 2928 ¹
278 2907 384 2940 Pars.
415 2908 548 2942 altera.
577 2909 668 2954 Cap.
698 2910 757 2944 ΙΙΙ
784 2919 911 2945 num.S
938 2912 977 2944 3⁰
1016 2913 1055 2945 4⁰
1095 2914 1140 2947 29
1168 2914 1273 2958 Sept.
1318 2916 1418 2949 1908.
1458 2916 1532 2951 CO.
1560 2917 1589 2957 I,
1615 2918 1672 2951 63.
