1950 3313
76 167 170 203 Can.
197 167 292 202 2314
452 167 535 200 'si-r.
566 167 636 201 XI.
667 190 678 196 -
706 171 761 205 De
787 174 936 207 delictis
962 178 1097 209 contr«
1124 177 1236 220 fidem
1265 181 1330 212 etc.
1633 182 1697 214 ‘201

79 288 116 328 in
151 288 236 329 toro
271 288 431 329 interno
456 285 545 343 (seu
579 291 890 347 eonscientiae),
909 292 1133 345 absolutus,
1154 300 1309 338 remoto
1342 297 1550 345 scandalo,
1572 302 1699 354 potest

78 359 133 400 uti
166 356 291 400 talem
325 369 368 400 se
402 355 555 399 babere
598 360 720 401 etiam
756 362 792 401 in
828 361 988 405 actibus
1029 365 1103 406 fori
1137 368 1318 413 externi:
1363 367 1449 416 sed,
1486 370 1559 410 nisi
1604 382 1698 411 con-

74 430 205 472 cessio
238 426 508 471 absolutionis
542 427 739 483 probetur
771 436 839 473 aut
863 432 1006 475 saltem
1035 434 1215 490 legitime
1240 443 1526 491 praesumatur
1551 441 1587 481 in
1613 441 1699 481 t'oro

76 503 260 552 externo,
285 510 461 541 censura
498 502 629 553 potest
661 512 682 542 a
706 500 998 556 Superioribus
1032 505 1104 546 t'ori
1138 508 1311 559 externi,
1335 507 1484 563 quibus
1520 522 1611 550 reus
1637 523 1699 564 pa-

77 582 168 612 rere
202 568 338 623 debet,
375 570 528 624 urgeri,
563 568 695 612 donec
729 569 934 614 absolutio
971 576 1006 615 in
1042 575 1185 617 eodem
1221 577 1305 617 soi-o
1341 576 1475 620 habita
1518 580 1634 621 tuerit
1660 598 1698 622 ».

75 638 219 682 Merito
244 641 370 695 igitur
392 639 443 682 de
468 638 545 682 hac
568 640 707 683 subdit
728 654 872 695 (fanon,
893 656 1013 699 quem
1035 652 1384 690 commentamur:
1413 648 1457 689 Si
1477 654 1610 691 lamen
1635 649 1699 691 ‹le-

75 708 221 753 lictum
239 709 496 767 apostasiae,
513 708 700 752 haeresis
723 710 783 753 vel
801 711 1041 755 schismatis
1059 714 1310 758 declaratum
1332 731 1468 772 supra.
1488 718 1542 760 ml
1560 719 1697 774 s'ornm

75 784 293 823 eoeternum
312 779 564 836 explicatum
593 783 630 823 in
655 779 963 825 Commentario
987 783 1139 827 Textus
1162 786 1210 828 ad
1238 800 1325 830 ran.
1356 788 1447 839 tuo,
1477 788 1699 831 (ΙΙ-1111111111

74 850 155 894 loci
176 853 301 895 etiam
325 865 422 908 prae
446 851 670 908 Superior-e
696 855 840 896 maiori
867 853 1076 910 religionis
1099 856 1301 899 clericalis
1325 864 1539 914 exemptae
1563 860 1695 916 quoad

75 921 196 965 buius
228 920 415 965 subditos
449 921 558 979 (can.
588 923 683 975 198,
708 922 735 980 ξ
760 922 817 979 2),
852 927 1000 981 quovis
1035 926 1155 968 modo
1188 925 1404 969 deductum
1447 929 1594 984 fuerit,
1636 929 1695 971 sel

73 992 323 1036 iudicialiter
369 992 432 1036 vel
475 993 861 1050 extraiudicialiter,
898 995 1229 1051 denunciatione,
1263 1002 1331 1040 aut
1370 998 1493 1040 eliam
1526 1013 1601 1055 per
1636 1014 1697 1043 ro-

74 1063 310 1106 lnntariam
344 1062 647 1122 consessionem.
681 1067 1162 1121 extrasacramentalem,
1197 1070 1248 1111 ita
1285 1073 1325 1111 ut
1358 1068 1408 1111 de
1446 1082 1491 1111 ea
1530 1076 1698 1120 constet,

74 1134 183 1177 idem
220 1132 480 1178 Ordinarius
516 1134 608 1189 loci,
642 1135 713 1179 sed
747 1149 841 1179 cum
875 1139 1060 1193 sequenti
1097 1137 1361 1181 limitatione:
1398 1154 1474 1181 non
1513 1154 1602 1182 cero
1638 1140 1697 1182 Π-

73 1205 215 1248 carim
244 1205 461 1262 yeneralis
494 1205 586 1248 sine
609 1205 809 1250 nzandalo
833 1207 1024 1264 speciali,
1056 1209 1164 1265 quod
1191 1214 1325 1252 tamen
1351 1211 1385 1252 ei
1412 1210 1582 1266 proinde
1611 1211 1697 1263 dari

73 1281 218 1332 potest,
242 1276 284 1333 a)
308 1276 636 1334 resipiscentem,
659 1290 730 1320 seu
762 1293 782 1318 c(
805 1291 826 1321 a
861 1282 1119 1322 contumacia
1157 1280 1416 1323 recedentem
1441 1296 1481 1333 »,
1507 1286 1546 1323 ut
1577 1294 1698 1336 supra

73 1347 329 1391 declaratum
364 1353 437 1404 est,
464 1347 507 1405 b)
527 1349 704 1406 praevia
739 1348 986 1393 absolutioni
1020 1349 1286 1393 abiuratione
1307 1364 1378 1394 seu
1414 1355 1700 1395 retractatione

74 1432 146 1475 pro
178 1418 422 1462 diversitate
457 1419 641 1463 baeresis
673 1425 743 1463 aut
776 1422 962 1464 criminis
1005 1423 1272 1477 praescripta,
1305 1421 1448 1464 saltem
1492 1425 1698 1465 connnuni

73 1492 186 1534 iuxta
237 1489 363 1534 libros
412 1491 640 1547 liturgicos,
675 1491 859 1534 iuridice
893 1497 1083 1550 peraeta,
1115 1494 1219 1535 sicut
1270 1494 1369 1536 int'ra
1420 1492 1693 1549 explicabitur

72 1561 113 1617 c)
146 1559 329 1619 aliisque
360 1561 542 1604 servatis
575 1561 626 1605 de
658 1562 752 1604 iure
784 1562 1017 1614 servandis,
1039 1565 1149 1606 iuxta
1186 1563 1371 1607 rubricas
1393 1563 1443 1607 de
1466 1563 1541 1606 bac
1568 1577 1703 1606 recon-

73 1632 312 1687 eiliatione,·
332 1637 456 1690 atque
491 1635 679 1690 imposita
715 1638 801 1677 tum
843 1636 1092 1691 poenitentia
1135 1634 1318 1687 salutari,
1352 1639 1435 1677 tum
1476 1648 1701 1690 «congrua

72 1703 350 1747 satisfactione
394 1717 467 1760 pro
510 1705 673 1748 damnis
715 1709 755 1748 et
785 1705 981 1749 scandalo
1004 1721 1044 1758 1),
1077 1710 1200 1762 atque
1233 1706 1326 1748 dato
1362 1706 1566 1759 mandatO,
1600 1708 1631 1748 si
1666 1708 1700 1748 ei

73 1774 188 1818 locus
229 1777 280 1818 sit
319 1777 357 1818 in
402 1788 513 1830 casu,
548 1790 625 1819 sna
658 1776 916 1820 auctoritate
946 1776 1185 1828 ordinaria,
1217 1780 1313 1834 quin
1363 1790 1465 1833 opus
1511 1790 1609 1833 ergo
1652 1779 1700 1819 sit

72 1845 248 1889 alicuius
297 1848 557 1890 interventus
609 1847 726 1890 Sedis
759 1847 1025 1904 Apostolicae
1060 1847 1235 1891 buiusve
1284 1847 1498 1901 facultatis,
1532 1847 1573 1889 in
1607 1846 1700 1904 foro

73 1916 284 1960 celeriore
316 1916 529 1961 absolvere
560 1923 697 1975 polest
734 1934 756 1959 «
779 1918 831 1962 ab
853 1921 1283 1962 excommunicatione
1307 1919 1356 1961 de
1378 1930 1457 1975 qua
1483 1921 1519 1960 in
1543 1917 1589 1975 §⁰
1617 1918 1631 1960 1
1660 1934 1699 1971 1),

72 2000 179 2045 quae
207 1987 456 2032 «absolutio
490 1993 714 2046 utrumque
747 1990 880 2033 forum
916 1990 1039 2033 afficit
1064 2006 1083 2030 1)
1109 1989 1215 2045 (can.
1242 1989 1388 2045 2251),
1412 1989 1519 2032 unde
1544 1991 1580 2031 in
1604 2000 1699 2032 casu

72 2060 195 2102 etiam
229 2059 339 2116 quod
373 2059 578 2103 absolutio
611 2060 798 2104 eiusdem
824 2063 908 2103 «in
944 2061 1030 2103 soro
1063 2062 1338 2103 conscientiae
1363 2075 1381 2100 ›>
1406 2073 1484 2102 non
1522 2072 1701 2115 praeces-

71 2132 183 2173 serit.
211 2142 263 2160 —·
292 2129 381 2174 Hac
415 2130 466 2174 de
500 2143 626 2174 causa
658 2136 891 2188 opportune
923 2131 1111 2175 additur:
1146 2130 1207 2173 sica
1243 2144 1334 2173 vero
1368 2129 1580 2173 absolutus
1619 2146 1637 2170 (ι
1662 2132 1699 2172 in

73 2201 160 2244 foro
194 2203 402 2245 exteriore
425 2217 466 2255 1),
487 2207 627 2259 potest
659 2196 812 2245 deiude
845 2201 956 2260 (nam
994 2204 1106 2259 prius
1144 2204 1327 2259 «nequit
1362 2200 1518 2245 absolxi
1554 2214 1573 2243 a
1609 2214 1699 2256 pet·-

72 2273 235 2324 catis»,
269 2285 359 2316 can.
397 2272 525 2326 2250,
559 2275 584 2326 ἐ
618 2272 661 2330 2)
695 2286 720 2315 a
750 2278 920 2330 peceato
959 2289 980 2314 «
1003 2275 1244 2328 apostasiae,
1278 2272 1458 2315 haeresis
1499 2270 1559 2314 vel
1594 2270 1701 2313 sebi-

71 2344 275 2398 smatis»,
320 2348 461 2399 utpote
500 2357 579 2387 non
626 2348 840 2388 reservato
889 2346 964 2387 nisi
1016 2346 1171 2387 ratione
1219 2356 1431 2389 censurae,
1476 2341 1633 2384 absolvi
1675 2356 1698 2382 a

73 2412 254 2470 quolibet
287 2413 563 2472 confessario,
598 2415 726 2459 idest:
760 2415 976 2459 sacerdote
1010 2415 1291 2458 iurisdictione
1325 2427 1420 2469 erga
1455 2426 1546 2455 eum
1585 2424 1698 2468 prae-

73 2483 158 2527 dito
181 2484 230 2527 ad
257 2497 443 2528 normam
468 2499 559 2530 can.
579 2486 678 2540 871,
698 2485 795 2540 87⁶2,
817 2485 1022 2540 874-876,
1042 2485 1084 2527 in
1103 2484 1197 2541 foro
1217 2483 1507 2533 conscientiae,
1529 2495 1695 2537 nempe:

7 2601 9 2603 ¹
77 2569 97 2594 «
121 2555 456 2599 sacramentali»
485 2561 654 2614 propter
686 2555 957 2600 absolutionis
992 2553 1485 2600 materiam—Demitur
1522 2552 1696 2607 explieat

72 2637 227 2668 canon:
261 2625 484 2670 Abiuratio
518 2641 612 2671 vero
652 2629 912 2684 «praevia»
951 2627 1000 2670 de
1033 2639 1112 2684 qua
1155 2639 1278 2681 supra
1314 2624 1488 2666 liabetur
1522 2622 1698 2664 saridim>

69 2701 245 2753 peraeta
279 2702 446 2754 propter
493 2697 601 2742 hanc
649 2711 816 2755 quoque
856 2697 957 2753 legis
990 2696 1325 2744 declarationem,
1360 2708 1447 2735 enm
1483 2694 1526 2748 fil
1559 2706 1694 2733 coram

72 2769 109 2819 a)
141 2766 232 2824 ipso
269 2765 503 2812 Ordinario
538 2768 620 2812 loci
651 2769 702 2812 de
737 2780 817 2825 quo
850 2780 988 2824 supra⁷
1014 2769 1135 2810 etiam
1168 2786 1182 2804 (ι
1210 2778 1347 2809 coram
1387 2763 1546 2805 Yicario
1579 2774 1698 2815 gonc-

72 2837 146 2880 rali
170 2838 241 2882 sed
266 2852 359 2882 cum
397 2839 591 2883 mandato
624 2838 793 2896 speciali
819 2854 838 2879 ›>
867 2839 916 2881 ad
944 2839 1165 2894 praefatam
1191 2836 1502 2880 absolutionem.
1527 2831 1586 2873 vel
1608 2831 1697 2873 eius

71 2907 377 2952 alteriusutrius
424 2909 616 2968 delegato
650 2909 698 2953 ad
734 2909 861 2952 solam
909 2907 1187 2964 recipiendam
1233 2905 1547 2953 abiurationem,
1583 2900 1622 2956 b)
1656 2906 1693 2942 et
