1950 3313
170 191 238 225 134
678 190 763 223 Lm.
792 189 822 223 I.
853 209 865 214 -
892 190 1055 223 Nor-mae
1076 189 1276 234 yenerales

171 311 362 365 petentia.
399 335 450 338 —
485 308 580 365 Cap.
615 307 684 350 IX.
718 308 805 350 Art.
840 306 885 350 ΙΙ.
921 306 1098 350 Dataria.
1132 326 1146 345 «
1170 307 1213 349 3⁰
1239 306 1378 350 Bullae
1401 306 1633 351 collationis
1655 309 1788 363 prima

169 382 412 437 perscriptio
446 378 645 436 (minuta)
680 378 768 421 fieri
802 377 971 421 debebit
1003 376 1055 420 ab
1088 390 1169 420 uno
1201 378 1405 432 adiutore,
1429 382 1468 421 et
1501 377 1589 421 loco
1622 379 1699 420 erit
1725 390 1791 420 ve-

167 452 279 505 teris,
315 452 369 493 uti
406 454 568 504 vocant,
601 447 951 506 supplicationis:
983 460 1113 504 eaque
1143 450 1180 490 in
1205 450 1306 492 actis
1338 447 1575 492 servabitur
1607 448 1657 492 ad
1693 460 1790 492 cau-

167 523 320 564 tionem
355 525 394 564 et
427 522 766 576 recognitionem,
802 521 833 562 si
869 532 948 576 qua
989 520 1093 562 forte
1136 519 1326 562 inciderit
1371 521 1640 576 impugnatio.
1679 518 1788 562 Nihil
1841 564 1850 579 ⁶

168 594 410 634 immutatur
443 593 480 633 in
517 592 680 633 invecto
724 603 799 633 usu
844 589 1090 646 providendi
1125 602 1437 647 nonnumquam
1473 589 1685 633 beneficiis
1718 602 1792 646 pei·

168 662 379 705 decretum
414 661 619 719 simplicis
652 660 913 718 siqnatarae,
953 659 1029 703 hoc
1064 665 1122 703 est
1158 660 1281 703 nullis
1312 660 1440 704 Bullis
1473 660 1691 717 expeditis.

286 733 329 775 4Ο
363 731 656 777 Subscribetur
678 731 804 774 Bullis
837 744 858 773 3
891 730 1011 775 Card.
1036 730 1217 785 Datario,
1237 744 1369 788 eoque
1393 732 1603 788 impedito.
1624 744 1644 775 a
1668 730 1790 775 Card.

167 817 189 848 a
225 803 398 861 publicis
432 805 607 860 negotiis
638 816 710 846 seu
735 817 758 844 a
788 802 959 845 seeretis
983 802 1144 854 Status,
1169 808 1310 845 contra
1337 805 1466 859 posita
1489 801 1792 859 subscriptione

167 875 277 918 illius
323 874 521 918 officialis.
555 876 624 931 qni
660 876 818 929 primus
857 873 1005 934 ordine
1047 875 1244 929 temporis
1284 877 1372 929 post
1406 872 1618 916 Datarium
1652 875 1716 924 sit,
1751 878 1790 916 et

168 948 206 988 in
241 946 374 989 officio
408 945 574 988 adsit».

287 1017 383 1060 105.
417 1018 843 1072 Subintelligenda
877 1017 1091 1061 conditio
1124 1019 1175 1060 ut
1208 1017 1466 1072 plurimum
1495 1016 1790 1061 essentialis.

167 1087 226 1131 Ex
261 1100 349 1144 cap.
386 1087 408 1129 ἱ)
443 1086 679 1129 huiusmodi
723 1085 844 1129 Tituli
890 1085 1166 1129 Decretalium
1211 1090 1269 1128 est
1313 1086 1556 1141 desumptus
1588 1099 1679 1128 ean.
1715 1087 1789 1128 40.

167 1158 215 1201 ln
249 1158 436 1201 omnibus
469 1160 625 1214 gratiae
658 1170 705 1200 ac
730 1159 908 1200 iustitiae
931 1156 1152 1214 rescriptis
1176 1155 1395 1200 cuiuslibet
1419 1158 1676 1199 auctoritatis
1699 1155 1789 1198 sub-

167 1228 442 1285 intelliyenda
477 1233 537 1271 est
570 1233 655 1271 tum
696 1241 745 1271 ex
782 1230 838 1270 rei
873 1233 1032 1275 natura,
1055 1232 1140 1270 tum
1166 1241 1214 1271 ex
1242 1227 1488 1283 legislatoris
1521 1227 1790 1270 ecclesiastici

169 1300 393 1354 voluntate,
419 1299 498 1342 etsi
520 1313 599 1342 non
625 1312 823 1356 eoepressa
852 1297 989 1342 verbis
1013 1312 1087 1342 nec
1111 1298 1325 1355 implicite,
1349 1297 1555 1341 conditio:
1583 1297 1628 1341 Si·
1648 1311 1793 1355 preces

167 1370 344 1412 veritate
372 1370 565 1413 nitamur
596 1374 681 1412 turn
717 1371 827 1412 circa
863 1371 1017 1412 motiva
1050 1382 1121 1412 seu
1156 1381 1301 1412 causas
1324 1368 1375 1412 ob
1399 1381 1502 1426 quas
1535 1367 1628 1411 illae
1663 1369 1790 1424 porri-

168 1446 334 1498 guntur,
370 1446 454 1483 tum
499 1442 608 1484 circa
653 1441 758 1483 facta
802 1439 983 1497 alioquin
1030 1439 1325 1496 exprimenda;
1369 1438 1486 1481 salvo
1523 1438 1792 1497 praescripto

168 1526 257 1555 can.
291 1514 365 1562 45,
399 1512 563 1569 quando
599 1513 810 1554 reticenti-a
846 1511 1082 1554 huiusmodi
1126 1513 1312 1553 veritatis
1357 1509 1557 1553 validitati
1602 1511 1790 1565 rescripti

168 1596 246 1625 nou
281 1582 426 1637 obstat,
460 1588 497 1626 et
533 1596 622 1625 ean.
658 1585 790 1632 1054,
811 1582 976 1639 quando
1011 1581 1328 1624 matrimonialis
1361 1581 1613 1637 dispensatio
1635 1593 1714 1623 non
1741 1582 1793 1622 ir-

170 1656 316 1697 ritatur
355 1669 373 1694 (c
398 1655 472 1696 etsi
506 1656 626 1697 unica
660 1666 784 1710 causa
818 1652 952 1696 tinalis
987 1655 1024 1695 in
1061 1651 1254 1709 precibus
1276 1654 1461 1708 exposita
1488 1651 1586 1695 falsa
1612 1652 1789 1694 fuerit».

170 1725 306 1768 Prima
338 1728 526 1781 exceptio
561 1727 640 1767 iam
679 1724 842 1781 vigebat
876 1723 929 1767 ob
958 1737 1046 1780 cap.
1084 1724 1136 1766 22
1171 1723 1221 1767 de
1262 1722 1509 1780 praebendis
1542 1727 1578 1766 ct
1614 1722 1792 1778 dignita-

169 1794 279 1839 tibus
313 1798 350 1837 in
386 1797 428 1837 60
464 1795 546 1852 (ΙΙΙ,
582 1795 640 1852 4),
674 1795 858 1839 secunda
904 1808 1002 1838 vero
1045 1796 1117 1838 suit
1161 1794 1374 1850 ampliatio
1417 1794 1601 1837 eiusdem
1646 1795 1792 1849 capitis

168 1865 217 1909 ad
254 1865 339 1909 l'alsi
374 1879 536 1924 quoque
570 1868 878 1923 expressionem
912 1865 1047 1923 quoad
1073 1865 1401 1921 dispensationes
1423 1877 1443 1908 a
1470 1863 1699 1907 minoribus
1723 1865 1794 1905 im-

168 1936 415 1992 pedimentis
450 1938 554 1980 facta
590 1951 661 1993 per
695 1937 807 1979 Pium
846 1937 916 1979 Pl’.
944 1936 974 1979 Χ
1012 1939 1050 1978 in
1085 1935 1249 1978 Norinis
1285 1935 1562 1992 peculiaribus
1588 1935 1614 1977 ¹.

290 2007 384 2051 106.
420 2009 526 2059 Quo
558 2012 781 2064 tempore
814 2011 877 2054 sit
900 2010 984 2053 illa
1007 2009 1222 2053 conditio
1245 2008 1543 2052 necessaria.
1567 2005 1628 2048 Ad
1653 2004 1794 2047 distin-

170 2080 346 2121 ctionem
383 2081 674 2134 rescriptorum
703 2082 739 2121 in
765 2092 855 2122 can.
881 2079 934 2122 38
958 2078 1211 2122 declaratam
1237 2082 1469 2134 respectum
1496 2076 1632 2130 habet,
1656 2075 1789 2132 quoad

169 2148 497 2192 subintellectam
533 2163 580 2192 ex
615 2162 705 2193 cau.
739 2150 792 2192 40
829 2153 865 2192 in
913 2151 1123 2205 rescriptis
1165 2148 1395 2192 clausulam
1428 2161 1519 2190 ean.
1552 2150 1619 2189 41.
1657 2172 1709 2176 ——
1743 2144 1790 2188 Iri

169 2219 387 2276 rescriptis
421 2222 588 2276 proprie
621 2220 741 2263 dictis
774 2226 810 2263 et
845 2220 1001 2277 absque
1033 2220 1111 2263 alia
1145 2220 1408 2263 distinctione
1442 2231 1614 2276 quorum
1650 2215 1793 2259 nullus

170 2295 230 2331 est
263 2295 465 2336 exeeulor,
502 2293 596 2347 quia
638 2310 652 2328 «
681 2292 871 2334 ellectum
907 2290 1057 2334 liabent
1082 2303 1103 2333 a
1127 2294 1338 2333 momento
1362 2302 1441 2346 quo
1465 2289 1584 2332 datae
1611 2292 1704 2331 sunt
1730 2286 1791 2329 lit-

169 2364 281 2402 terae
303 2376 343 2413 )),
374 2373 516 2416 preces
550 2356 726 2403 rerilale
760 2361 954 2403 nitantur
986 2360 1038 2404 ob
1071 2374 1160 2404 can.
1195 2360 1248 2403 40
1283 2365 1446 2418 oportet
1491 2365 1673 2416 {empore
1715 2371 1792 2415 quo
1860 2376 1865 2378 ·
1925 2359 1931 2381 ⁵

170 2429 405 2473 huiusmodi
438 2431 685 2488 rescriptum
723 2432 1047 2489 unumquodque
1081 2430 1224 2474 (latum
1259 2436 1334 2481 est,
1377 2443 1449 2486 per
1493 2429 1599 2472 idem
1640 2441 1791 2484 cogno-

169 2501 342 2555 scendo3
378 2501 417 2543 1η
453 2502 601 2543 ceteris
634 2502 685 2544 ob
717 2503 893 2545 similem
931 2505 1130 2545 rationem
1166 2515 1214 2545 ex
1250 2514 1338 2544 can.
1375 2501 1442 2555 38,
1480 2506 1662 2557 tempore
1699 2508 1814 2541 ese*

170 2571 365 2623 emtionis,
398 2572 562 2629 quando
602 2588 621 2613 «
645 2573 834 2615 ellectum
861 2572 984 2616 habet
1003 2590 1040 2621 »‚
1067 2575 1244 2616 existere
1267 2585 1369 2628 opus
1402 2576 1461 2614 est
1498 2572 1682 2614 veritatis
1706 2570 1791 2612 fun-

170 2642 423 2685 damentum.
469 2643 534 2685 Sic
578 2642 735 2685 lacilior
783 2646 913 2685 evasit
963 2646 1150 2686 intricata
1195 2642 1412 2699 disciplina
1445 2641 1496 2685 ob
1531 2642 1644 2684 varia
1690 2641 1790 2682 iuris

173 2712 449 2756 Decretalium
485 2716 634 2768 capita.

292 2783 383 2825 107.
421 2786 549 2829 Vitia
581 2787 929 2842 rescriptorum
966 2790 1166 2828 vocantur
1189 2797 1211 2827 a
1235 2783 1481 2828 Doctoribus
1512 2787 1549 2826 et
1575 2784 1612 2824 in
1638 2781 1788 2825 Codice

287 2936 298 2956 ¹
327 2934 429 2969 Ordo
456 2936 717 2970 servandus...
749 2936 839 2981 Cap.
869 2936 955 2980 VII,
979 2937 1064 2970 Art.
1090 2936 1162 2980 ΙΙΙ,
1192 2948 1230 2970 n.
1259 2937 1332 2970 210.
1362 2935 1438 2970 CO.
1468 2935 1498 2979 I,
1528 2935 1589 2968 91.
