1950 3313
187 150 254 184 162
649 148 733 182 Lm.
759 148 805 182 V.
835 169 847 174 -
874 149 984 184 PARS
1009 149 1062 184 ΙΙ.
1090 169 1102 176 -
1129 150 1186 185 De
1206 153 1344 195 poenis
1599 150 1693 188 Gan.
1719 153 1815 188 2279

187 267 229 325 b)
264 267 437 310 eundem
469 280 490 310 3
524 280 852 323 quosuspeusus
875 273 935 311 est
957 267 1148 311 ordinem
1180 267 1373 327 conferre
1405 275 1444 312 et
1476 269 1516 326 c)
1550 271 1811 328 superiorem

187 338 372 395 recipere
408 351 443 381 v.
476 351 536 393 gr.
572 340 611 380 in
645 338 840 394 exemplo
874 338 1054 382 adducto
1089 338 1439 396 presbyteratum,
1473 345 1596 398 atque
1631 341 1707 385 boc
1744 356 1812 386 ve-

186 411 302 451 titum
336 407 412 450 sub
444 406 485 463 c)
519 420 597 450 non
632 421 818 463 servans,
854 409 892 451 id
926 413 1009 461 est:
1045 409 1088 466 d)
1113 415 1404 467 receptumque
1427 410 1612 454 ordinem
1631 417 1727 469 post
1749 426 1816 455 su-

184 478 444 536 spensionem
478 492 683 521 eoeercere.
719 478 836 523 Unde
870 479 1028 524 habens
1060 480 1199 537 plures
1242 481 1408 524 ordines
1447 486 1647 538 receptos,
1680 485 1713 525 si
1745 497 1813 526 su-

184 549 409 605 spendatur
441 548 493 592 ab
526 550 732 605 interiore,
769 555 901 606 potest
933 551 1122 595 altiorem
1157 565 1366 595 exercere.

302 620 365 661 6.0
399 620 431 662 Α
466 626 578 677 certo
602 626 641 663 et
663 620 835 677 definito
869 622 1031 672 ordine,
1055 622 1264 680 quomodo
1287 623 1456 666 fuerunt
1478 622 1687 667 declarata
1711 623 1814 668 haec

188 689 313 734 verba
346 689 423 734 sub
456 703 492 733 n.
530 690 587 745 50,
622 690 874 749 conferendo
905 695 1162 749 «suspensio
1211 697 1365 736 vetat»
1392 694 1653 738 solummodo
1677 695 1814 753 ipsum

185 761 321 804 taliter
353 761 614 817 designatum
651 762 840 805 ordinem
875 761 1081 821 conferre,
1115 766 1190 807 etsi
1224 777 1272 807 ex
1309 764 1543 821 privilegio,
1568 778 1661 808 nam
1696 766 1813 810 addi-

186 837 274 875 tur:
309 845 391 874 non
427 846 519 875 vero
546 832 735 889 prohibet
760 832 1007 890 inferiorem
1031 833 1247 890 designato
1286 849 1306 875 ((
1329 835 1516 879 conferre
1539 851 1560 876 »
1598 851 1669 879 nec
1699 851 1817 895 supe-

187 916 355 945 morem.

304 972 364 1015 7.⁰
399 974 431 1016 A
466 979 577 1016 certo
611 979 650 1016 et
683 973 855 1031 definito
891 979 931 1017 ut
965 987 1088 1031 supra
1126 974 1361 1018 ministerio
1397 979 1562 1032 proprie
1595 977 1719 1031 dicto,
1738 980 1813 1022 etsi

185 1057 263 1087 uon
297 1046 347 1087 sit
382 1049 494 1088 certo
528 1050 598 1088 aut
630 1045 757 1088 solius
791 1047 1003 1101 potestatis
1037 1046 1205 1098 ordinis,
1240 1059 1302 1088 esr.
1324 1060 1404 1103 mn,
1432 1047 1697 1103 p‘raedicantli
1723 1062 1814 1092 ver-

186 1114 281 1158 bum
308 1114 394 1168 Dei,
419 1114 624 1158 aetdiendi
647 1116 944 1173 consessiones,
963 1115 1027 1158 vel
1065 1131 1085 1157 ((
1107 1118 1322 1173 suspensio
1346 1116 1397 1160 ab
1420 1132 1442 1157 »
1480 1116 1618 1175 officio
1657 1134 1676 1159 «
1700 1123 1815 1162 certo

184 1190 223 1229 et
257 1186 488 1242 delinito»,
524 1200 598 1230 1166
632 1188 759 1230 refert
792 1191 930 1230 utrum
975 1189 1026 1230 sit
1070 1187 1133 1230 vel
1178 1200 1257 1231 uon
1293 1187 1371 1231 tale
1404 1191 1546 1231 stricto
1579 1202 1716 1243 seusu,
1749 1204 1811 1235 ese.

181 1270 262 1313 973,
296 1270 386 1298 cum
431 1270 534 1299 ewra
578 1256 833 1309 animarum,
868 1261 910 1300 ut
952 1256 1076 1300 habet
1119 1262 1205 1300 tum
1249 1257 1468 1314 parochus,
1503 1263 1587 1302 tum
1636 1261 1815 1303 vicarius

184 1326 358 1384 quilibet
407 1326 673 1383 paroecialis3
724 1327 922 1371 alterutra
971 1330 1228 1384 «suspensio
1275 1333 1428 1371 vetat»
1473 1343 1632 1371 omnem
1675 1335 1814 1372 actum

185 1397 367 1440 eiusdem
397 1398 598 1454 designati
633 1410 680 1442 ac
715 1397 915 1442 declarati
939 1398 1171 1441 ministerii
1192 1398 1256 1441 vel
1279 1398 1425 1455 offic-ii,
1449 1413 1496 1442 eo
1519 1400 1629 1457 quod
1656 1402 1815 1444 ratione

185 1468 424 1512 alterutrius
454 1469 504 1512 ad
540 1468 738 1512 clericum
774 1473 891 1512 actus
923 1471 1132 1512 exercitus
1165 1471 1381 1526 pertineat.

303 1541 366 1582 &fl
399 1538 457 1582 Ab
490 1540 638 1583 ordine
672 1542 854 1583 taxative
886 1539 1136 1596 pontificali,
1165 1556 1184 1581 <‹
1213 1545 1365 1583 vetat»
1404 1554 1564 1583 omnem
1587 1547 1815 1599 (ιι-111111110-

186 1611 351 1653 testatis
382 1610 547 1654 ordinis
580 1609 858 1668 episcopalis;
891 1624 991 1667 ergo
1024 1613 1094 1668 qui
1131 1616 1262 1666 potest
1287 1614 1378 1667 poni
1404 1611 1456 1655 ab
1480 1611 1683 1668 Episcopo
1716 1615 1814 1655 titu-

186 1682 273 1735 lari,
307 1681 450 1725 saltem
486 1695 533 1724 ex
571 1681 733 1725 licentia
769 1678 981 1726 Orclinarii
1018 1681 1109 1735 loci,
1144 1695 1219 1725 nec
1263 1682 1402 1736 refert,
1438 1687 1574 1725 utrum
1610 1696 1660 1726 ex
1694 1696 1813 1727 cano-

185 1765 285 1796 numv
305 1755 573 1809 praescripto,
596 1753 659 1796 vel
680 1752 747 1796 ille
771 1757 887 1796 actus
907 1758 1211 1809 praesupponat
1232 1753 1558 1797 iurisdictionem
1582 1766 1811 1810 possessam

184 1823 235 1867 ab
267 1823 485 1880 Episcopo,
513 1823 577 1867 vel
611 1828 791 1881 nequeat
825 1823 934 1867 licite
958 1824 1046 1867 fieri
1071 1823 1227 1881 absque
1251 1824 1487 1867 conditione
1510 1824 1661 1882 aliqua,
1690 1839 1726 1867 v.
1750 1838 1813 1881 gr.

184 1895 388 1938 ordinatio
421 1894 473 1938 ab
506 1894 832 1951 Archiepiscopo
865 1896 953 1938 sine
988 1908 1060 1938 usu
1097 1894 1220 1951 pallii.
1252 1894 1282 1937 E
1306 1899 1449 1938 contra
1473 1895 1575 1938 haec
1598 1899 1815 1952 suspensio

185 1978 263 2008 non
300 1965 490 2022 prohibet
521 1965 737 2009 sollemnia
772 1964 1003 2020 Missarum,
1035 1968 1229 2022 quamvis
1261 1965 1363 2009 haec
1398 1966 1496 2009 liant
1530 1969 1568 2009 in
1605 1967 1816 2023 pontifica-

187 2036 305 2091 libus,
342 2038 423 2079 imo
455 2049 548 2080 cum
586 2050 660 2080 usu
684 2036 796 2092 pallii
826 2041 865 2079 et
889 2038 927 2078 in
952 2036 1100 2080 (11611113
1122 2035 1480 2091 sollemnioribus;
1515 2037 1707 2081 similiter
1729 2050 1805 2081 nec

190 2111 298 2150 vetat
331 2108 494 2150 deferre
527 2107 712 2150 SSmum
747 2108 1062 2150 Sacramentum
1103 2109 1140 2149 in
1182 2109 1444 2163 processione
1477 2107 1558 2151 diei
1592 2108 1682 2151 festi
1716 2106 1812 2152 Cor-

187 2180 296 2233 poris
328 2176 493 2222 Christi.

303 2248 433 2292 Aliter
466 2249 689 2292 dicendum
724 2254 785 2292 est
817 2250 865 2291 9⁰
899 2249 950 2292 de
991 2251 1260 2305 suspensione
1298 2248 1331 2291 α’
1353 2248 1668 2306 pontificalibus
1700 2254 1812 2292 taxa-

184 2321 283 2373 tive,
317 2321 413 2376 quia
436 2318 538 2362 11366
562 2318 720 2362 inhibet
742 2318 990 2361 eoeercitium
1013 2318 1271 2374 singulorum
1300 2324 1469 2361 actuum
1488 2318 1810 2377 pontificalium,

186 2389 313 2432 idest:
348 2391 417 2446 qui
451 2393 544 2432 sunt
578 2388 880 2445 Episcoporum
915 2391 1070 2445 proprii
1105 2388 1160 2431 ad
1194 2402 1384 2432 normam
1417 2393 1554 2432 tamen
1589 2403 1678 2434 con.
1702 2390 1812 2445 337,

185 2462 210 2513 ἓ
241 2462 293 2511 2,·
326 2473 496 2516 nempe:
537 2472 719 2503 «sacras
751 2460 994 2515 functiones,
1028 2472 1135 2518 quae
1167 2473 1216 2503 ex
1253 2459 1413 2516 legibus
1447 2459 1650 2515 liturgicis
1674 2463 1811 2518 requi-

187 2535 279 2574 runt
314 2532 489 2587 insignia
525 2530 791 2586 pontificalia,
825 2530 929 2574 idest
963 2530 1155 2574 baculum
1189 2535 1228 2573 et
1262 2532 1492 2585 mitram»,
1525 2533 1631 2574 sicut
1659 2530 1713 2574 ibi
1738 2531 1811 2574 fuit

185 2601 456 2644 declaratum.
501 2601 734 2644 Notandum
785 2601 858 2644 hos
906 2605 1022 2644 actus
1064 2603 1137 2643 etsi
1171 2613 1191 2643 a
1227 2614 1306 2643 non
1340 2600 1555 2658 Episcopo,
1595 2615 1630 2644 v.
1664 2615 1724 2657 gr.
1759 2600 1812 2645 ab

186 2671 345 2716 Abbate
379 2671 530 2715 nullius
565 2677 770 2728 ponantur
803 2685 897 2715 cum
933 2671 1012 2714 illis
1046 2670 1275 2727 insignibus
1297 2670 1374 2714 sub
1397 2671 1543 2715 eadem
1567 2671 1721 2715 cadunt
1742 2685 1810 2714 su-

185 2745 418 2799 spensione.

306 2813 402 2857 109.
437 2814 786 2870 Suspensionis
818 2827 849 2858 a
881 2814 1125 2859 beneficio
1159 2813 1383 2859 effectus.
1424 2837 1476 2843 —
1510 2812 1624 2856 Sicut
1658 2814 1697 2854 in
1731 2810 1809 2855 De-

186 2883 409 2927 cretalibus
442 2886 594 2927 mentio
628 2884 672 2926 fit
704 2883 754 2926 de
789 2883 1051 2940 praecedenti
1085 2885 1368 2939 suspensione,
1405 2896 1443 2925 v.
1472 2895 1532 2939 gr.
1567 2884 1605 2925 in
1639 2894 1728 2939 cap.
1756 2881 1809 2924 13
