1950 3313
653 169 692 192 ix
720 170 797 194 Hoc
824 161 1153 195 COMMENTARH'M
1670 166 1714 199 49

81 279 152 323 sed
189 278 240 322 ob
275 279 475 322 formulae
514 282 814 322 connexionem
860 294 953 323 cum
998 280 1148 324 Codice
1193 281 1450 337 indignatur,
1486 282 1588 326 lianc
1623 297 1711 327 esse

80 350 302 393 formulam
326 350 377 394 de
401 362 479 407 qua
505 349 687 407 loquitur
709 363 798 393 can.
830 351 937 393 ltoo
964 354 1001 394 in
1026 351 1100 394 Tit.
1138 368 1156 391 «
1179 351 1234 395 De
1269 351 1379 395 Fidei
1418 354 1705 408 professione»

82 420 214 463 XXlV
251 421 335 466 Lib.
370 420 435 463 ΙΙΙ.
469 419 548 464 Sed
583 432 673 463 can.
706 420 813 463 2:314
836 422 1037 475 decernit,
1061 423 1167 479 quod
1209 438 1228 462 <r
1251 425 1419 479 praevia
1454 422 1711 467 abiuratione

81 492 256 536 iuridice
297 495 475 548 peracta,
505 490 703 534 delictum
753 494 998 547 apostasiae.
1035 492 1216 535 haeresis·
1269 493 1329 535 vei
1377 493 1623 547 senis-umus,
1662 495 1709 537 ad

82 563 214 606 forum
251 567 509 605 externum»
558 562 667 618 quod
700 564 857 617 attinet,
896 560 1183 607 «Ordinarius
1221 563 1437 606 absolvere
1473 569 1626 620 potost;
1662 579 1710 608 ex

83 647 173 678 can.
210 634 232 676 ³2
273 646 459 676 «omnes
511 632 726 689 liturgicae
776 633 886 689 leges
939 637 1019 676 vim
1069 648 1183 676 suam
1237 637 1425 689 retinent,
1461 638 1533 678 nisi
1569 649 1710 678 carum

83 704 219 762 aliqua
266 706 303 746 in
347 704 499 747 Codice
534 717 729 760 expresse
764 707 997 760 corrigatur
1021 721 1057 748 »ς
1094 719 1139 747 ac
1184 705 1349 747 demum
1404 708 1512 748 iuxta
1563 720 1651 748 (zai).
1689 707 1706 748 1

89 773 266 818 «Codex
313 787 434 818 unam
472 776 636 831 respicit
674 774 855 817 Latinam
890 774 1174 818 Ecclesiam».
1202 775 1258 817 Ex
1296 775 1356 817 liis
1392 777 1577 830 infertur,
1603 776 1709 833 ‹piod

81 845 279 902 Symbola
314 847 536 901 praecipua
570 850 608 888 et
643 845 844 888 formulae
890 848 1153 902 professionis
1198 846 1291 888 fidei
1344 859 1390 889 ac
1427 846 1714 899 iurisiuramli)

82 928 188 973 quae
224 919 260 959 in
296 915 506 959 Ecclesiae
543 929 616 959 usu
655 918 806 972 vigent,
841 921 933 959 sunt
968 922 1211 972 sequentes:
1241 917 1251 938 ¹

206 987 386 1030 Primum
408 989 591 1030 omnium
613 992 671 1030 est
692 987 934 1044 Symbolum
956 987 1246 1043 Apostolorum
1266 989 1322 1030 sic
1342 987 1513 1030 dictum.
1531 1001 1544 1027 x
1559 987 1592 1030 cl
1619 990 1710 1043 quia

83 1057 136 1101 ab
169 1057 376 1114 Apostolis
409 1058 632 1100 conflatum
663 1057 773 1100 velut
799 1057 892 1100 fidei
940 1056 1066 1100 breve
1090 1057 1381 1113 compendium
1408 1070 1452 1099 ac
1491 1057 1606 1099 facilc
1643 1070 1712 1111 pro

84 1129 277 1172 omnibus
302 1127 506 1182 fidelibus,
533 1133 573 1171 ut
597 1127 845 1186 quibusdam
884 1130 957 1170 fuit
981 1133 1212 1183 acceptum.
1237 1127 1343 1184 quod
1373 1140 1479 1170 nunc
1517 1129 1714 1176 reiicitur,

89 1200 152 1243 vel
188 1199 334 1243 saltem
368 1201 422 1242 uti
458 1201 674 1243 continens
708 1198 1002 1255 Apostolorum
1041 1198 1132 1241 fidei
1168 1198 1398 1241 doctrinam
1436 1197 1717 1240 fundamenta-

86 1270 183 1324 lem,
201 1275 324 1328 atque
349 1272 540 1313 usitatam
565 1283 585 1313 a
617 1272 891 1313 remotissima
927 1269 1139 1312 Ecclesiae
1173 1271 1432 1325 antiquitate,
1457 1268 1715 1324 tidelitcrrpic

86 1346 295 1385 servatam
322 1344 359 1384 in
386 1341 569 1385 Ecclesia
599 1340 683 1389 Dei,
711 1342 951 1397 praesertim
975 1340 1082 1396 apud
1110 1339 1347 1383 itomanam.
1376 1338 1444 1382 Est
1471 1338 1567 1381 illud
1593 1341 1714 1381 etiam

88 1425 198 1456 nunc
222 1425 443 1456 commune
478 1414 585 1455 inter
615 1412 770 1455 fideles.

207 1483 249 1525 “2⁰
283 1483 526 1540 Symbolum
561 1483 671 1540 quod
706 1483 786 1526 dici
822 1487 951 1539 potest
975 1482 1128 1525 Niceno
1161 1480 1643 1537 Costantinopolitanum,
1678 1484 1714 1521 et

86 1554 197 1611 quod
236 1557 272 1597 in
308 1553 428 1598 Missa
474 1556 586 1598 iuxta
633 1553 819 1597 rubricas
865 1556 1072 1596 recitatur.
1107 1552 1271 1595 Constat
1315 1551 1510 1607 symbolo
1544 1551 1714 1606 Aposto-

87 1624 235 1673 lorum,
272 1627 497 1668 interiectis
520 1624 867 1681 explicationibus
901 1629 983 1667 tum
1018 1624 1140 1668 (lonc.
1176 1622 1316 1666 Niceni
1353 1622 1364 1665 l
1398 1627 1539 1665 contra
1572 1624 1713 1665 Arium

84 1696 139 1739 de
188 1695 274 1738 Filii
310 1695 380 1739 Dei
422 1695 849 1739 consubstantialitate
894 1700 1017 1751 atque
1061 1694 1291 1747 divinitate,
1328 1698 1411 1735 tum
1436 1692 1559 1736 (jone.
1593 1693 1715 1734 (jons-

87 1766 420 1822 tantinopolitani
457 1766 468 1808 l
504 1771 645 1809 contra
691 1765 976 1809 Macedonium
1001 1765 1052 1807 de
1076 1766 1251 1820 Spiritus
1284 1763 1322 1806 S.
1348 1763 1565 1805 ‹tirinitato
1589 1767 1712 1819 atque

84 1837 333 1880 -simultanea
358 1850 451 1880 cum
478 1836 578 1879 Filio
597 1850 643 1880 ac
666 1837 781 1880 Patre
801 1837 1054 1879 adoratione.
1084 1834 1189 1878 Huic
1213 1834 1410 1891 Symbolo
1431 1836 1631 1876 intextum
1649 1838 1706 1876 est

89 1911 304 1964 posterius,
344 1907 517 1951 vei-bum
547 1923 567 1949 ((
592 1907 774 1965 Filioque
799 1923 818 1948 ))
847 1920 902 1950 sc.
928 1919 949 1949 a
973 1906 1096 1949 (lonc.
1121 1905 1315 1948 Toletano
1342 1904 1351 1946 Ι
1379 1907 1415 1946 in
1442 1903 1638 1959 Hispania
1675 1903 1713 1959 (a

88 1978 207 2035 405),
243 1984 279 2021 et
327 1984 464 2035 postea
506 1981 542 2021 in
584 1977 766 2021 Ecclesia
812 1977 995 2021 Romana
1039 1976 1265 2019 admissum
1310 1988 1331 2018 a
1377 1974 1596 2018 Benedicto
1642 1973 1712 2018 PP.

89 2047 176 2092 Vlll
211 2050 259 2092 ad
298 2062 442 2105 preces
475 2052 513 2092 S.
549 2048 740 2097 Henrici;
775 2054 812 2091 et
849 2050 885 2090 in
920 2047 1097 2104 synodis
1131 2047 1409 2089 oecumenicis
1444 2044 1570 2101 Lugd.
1608 2044 1651 2086 ll.
1677 2050 1712 2087 et

88 2118 323 2163 Florentina
357 2133 377 2163 a
415 2119 549 2163 latinis
582 2119 702 2162 simul
739 2124 777 2161 et
811 2121 974 2175 graecis
1008 2118 1232 2161 admissum
1269 2121 1341 2159 est.

209 2190 252 2233 3⁰
277 2190 521 2248 Symbolum
547 2190 887 2238 Atlianasianum,
913 2188 1022 2246 quod
1050 2191 1161 2231 iuxta
1182 2187 1421 2230 hodiernam
1443 2188 1628 2229 criticam
1654 2186 1718 2228 de-

88 2268 264 2318 negatur
298 2265 446 2306 Sancto
470 2264 588 2305 cuius
613 2263 777 2304 nomine
803 2260 1057 2316 designatur,
1078 2261 1175 2315 quin
1202 2264 1336 2301 tamen
1356 2257 1407 2300 de
1435 2270 1531 2299 vero
1551 2261 1717 2298 auctore

85 2337 261 2376 constet.
296 2331 414 2385 Quod
462 2338 596 2375 tamen
644 2331 743 2374 niliil
792 2332 931 2385 refert,
968 2330 1088 2373 liuius
1131 2333 1239 2372 enim
1278 2327 1460 2384 symboli
1496 2328 1719 2369 auctoritas

92 2407 285 2459 provenit
319 2416 369 2446 ex
405 2405 600 2446 universa
635 2402 845 2446 Ecclesiae
880 2403 1178 2457 acceptatione.
1198 2401 1293 2457 quia
1320 2412 1390 2454 per
1426 2397 1590 2440 modum
1627 2396 1719 2437 ‹loc-

88 2475 225 2516 ›trinae
260 2473 589 2517 fundamentales
623 2473 718 2516 fidei
758 2475 953 2516 veritates
987 2473 1182 2515 continet.

84 2547 87 2549 ’
212 2545 254 2586 4⁰
289 2544 531 2600 Symbolum
567 2544 604 2588 S.
632 2543 775 2587 Leonis
811 2542 879 2597 ΙΧ,
903 2542 1011 2599 quod
1047 2547 1203 2585 constat
1229 2538 1574 2596 explicationibus
1598 2549 1713 2592 >im-

91 2614 185 2659 bolo
219 2613 848 2670 Niceno-Constantinopolitano
894 2615 1130 2658 interiectis,
1166 2616 1203 2654 et
1237 2610 1445 2653 adduntur
1481 2608 1571 2650 fidei
1612 2608 1716 2647 terr

188 2734 194 2753 ¹
225 2731 312 2765 vid.
342 2731 578 2776 Denzinger.
606 2730 906 2764 Euchiridion...
938 2741 1044 2763 num.
1067 2728 1100 2762 ti.
1127 2728 1183 2765 305,
1206 2728 1262 2760 311».
1285 2727 1365 2759 2543.
1388 2724 1580 2756 furfurio,
1614 2724 1716 2755 ltvb'tt-

92 2791 195 2830 1085,
225 2789 441 2833 1459-1473,
472 2789 577 2823 Edit.
609 2789 768 2823 decima.
810 2809 842 2814 ——
869 2789 882 2810 '2
908 2788 953 2821 In
983 2790 1098 2821 Cone.
1136 2786 1242 2819 Pleu,
1276 2782 1550 2817 Baltimorensi
1580 2781 1630 2815 ΙΙ,
1652 2788 1719 2813 aut

84 2850 194 2894 apud
224 2847 430 2894 Cappelloz
461 2849 516 2882 De
545 2848 664 2883 Curia
690 2849 877 2889 Romana,
905 2858 991 2891 pag.
1021 2846 1066 2879 Stj

264 2988 358 3016 BLAT
384 3001 402 3008 -
429 2986 550 3014 Comm.
580 2986 663 3013 Tea-t.
689 2986 763 3013 Cod.
793 2985 862 3012 [ur.
890 2987 970 3011 Cau.
1625 2977 1635 3001 t
