1950 3313
147 134 217 169 306
519 132 603 165 Llss.
626 132 670 165 V.
693 151 704 156 —
727 132 835 166 PARS
852 132 924 166 III.
947 152 959 157 -
977 132 1035 167 De
1047 135 1184 176 poenis
1204 135 1246 167 in
1263 134 1403 168 delicta
1563 132 1655 168 Cau.
1681 132 1778 167 2390

148 254 317 310 provisi,
351 256 390 294 et
420 264 468 294 ex
507 255 778 307 utrorumque
824 254 937 306 parte
987 253 1024 293 in
1073 250 1319 294 dimissione
1359 250 1617 308 diynitatum
1649 253 1772 294 etiam

146 322 468 379 Episcopalium,
501 319 729 378 officiorum
764 323 906 364 stricto
939 334 1059 364 sensu
1095 322 1144 365 ad
1180 334 1367 365 normam
1402 333 1490 364 can.
1528 321 1623 375 145,
1648 327 1687 365 et
1709 320 1771 364 be-

146 392 389 448 neficiorum
423 389 816 441 ecclesiastieorum,
862 403 968 448 quae
1012 391 1061 434 ad
1106 403 1294 434 normam
1332 403 1422 435 can.
1466 391 1578 434 1409
1623 391 1773 434 intelli-

145 463 279 519 genda
315 466 420 505 sunt.
1416 472 1418 474 ·

266 532 363 575 234.
399 534 534 578 Ordo
568 546 809 578 canonum
836 534 872 574 in
900 531 976 576 hoc
999 531 1132 575 Titulo
1156 532 1248 576 talis
1271 538 1352 576 est:
1377 536 1492 576 actus
1516 532 1565 575 ad
1590 532 1771 576 officium

146 603 474 647 ecclesiasticum
500 603 793 660 quodcumque
819 616 866 646 ex
894 603 1116 659 praedictis
1149 603 1447 647 conferendum
1482 603 1692 646 ordinatos
1716 617 1775 647 re-

145 676 325 731 spiciunt
356 668 535 717 canones
569 673 834 727 2390-2393,
870 676 1182 730 occupationem
1209 673 1466 731 illegitimam
1493 676 1769 731 praefatorum

146 746 376 788 officiorum
427 746 602 800 puniunt
649 756 739 788 can.
774 744 1033 800 2394-2396,
1068 745 1343 803 quarumdam
1388 745 1687 802 obligationum
1733 748 1771 788 in

130 817 406 872 ,susceptione
439 815 686 871 dignitatum
723 817 933 858 munimen
968 819 1176 872 praestant
1208 828 1298 860 can.
1323 815 1450 872 2397,
1476 816 1601 871 2398,
1627 821 1770 860 contra

146 886 404 943 illegitimam
452 888 542 929 sive
589 886 865 929 desertionem
917 888 1099 930 muneris
1146 888 1236 930 sive
1285 889 1605 943 resignationem
1649 887 1772 931 officii

145 970 234 1001 can.
270 957 396 1012 2399,
432 957 544 1000 2400
580 957 647 1000 lati
683 961 790 1010 sunt,
826 961 866 1000 et
897 970 918 1000 e
950 960 1158 1001 contrario
1191 970 1280 1001 can.
1317 957 1421 1001 2404
1468 963 1610 1002 contra
1644 958 1774 1015 illegi-

144 1030 286 1071 timam
331 1028 624 1084 detentionem,
664 1032 788 1085 atque
828 1030 1023 1085 postremi
1063 1028 1144 1071 duo
1181 1041 1270 1072 can.
1307 1028 1432 1083 2402,
1474 1029 1585 1072 2403
1624 1033 1774 1086 urgent

145 1098 452 1142 observantiam
487 1101 656 1142 canonis
699 1099 749 1142 de
792 1098 999 1143 Abbatiali
1040 1098 1327 1143 benedictione
1364 1100 1616 1156 recipienda,
1649 1105 1773 1157 atque

144 1169 314 1212 alterius
347 1171 458 1213 circa
502 1169 596 1213 tidei
644 1170 938 1226 professionem
984 1169 1269 1225 emittendam,
1302 1183 1409 1227 quae
1445 1173 1481 1213 in
1516 1173 1773 1214 assecutione

144 1240 376 1283 officiorum
409 1253 429 1283 a
465 1239 555 1297 lege
587 1243 785 1284 canonica
819 1245 879 1284 est
913 1242 1179 1297 praescripta.

265 1311 362 1353 235.
414 1313 597 1357 Contra
650 1313 961 1358 electionum'
995 1313 1273 1358 libertatem
1326 1314 1664 1369 impedientes.
1718 1339 1771 1344 —-

148 1381 252 1425 Caii.
284 1384 423 1426 2390.
457 1382 485 1440 ἓ
521 1383 556 1424 1.
591 1381 846 1425 Libertatem
878 1382 1125 1426 electionum
1158 1382 1553 1435 ecclesiasticarum,
1577 1397 1656 1426 non
1692 1386 1771 1426 iam

145 1452 379 1497 libertatem
412 1455 538 1496 unius
573 1453 634 1496 vel
669 1453 839 1497 alterius
872 1453 1079 1507 electoris,
1112 1453 1338 1497 dummodo
1373 1456 1411 1497 in
1446 1454 1556 1497 illam
1595 1467 1674 1497 non
1711 1468 1773 1497 re-

145 1524 303 1567 dundet
326 1524 563 1580 efficaciter,
583 1524 726 1581 quovis
749 1524 881 1575 modo,
906 1525 1087 1570 scilicet:
1125 1525 1388 1581 impediendo
1420 1538 1471 1569 ne
1504 1526 1604 1568 liant
1630 1525 1692 1568 vel
1722 1539 1772 1568 ne

145 1594 295 1652 aliquis
327 1595 626 1639 determinatus
658 1595 847 1651 eligatur,
887 1595 949 1638 vel
976 1601 1018 1639 ut
1041 1596 1187 1639 electio
1220 1596 1291 1639 fiat
1323 1596 1374 1639 de
1407 1596 1544 1652 aliquo
1571 1596 1771 1652 singulari

148 1665 212 1708 vel
237 1668 343 1709 inter
366 1665 526 1723 aliquos
558 1666 820 1722 designatos,
853 1678 901 1710 ac
935 1667 1173 1710 intendatur
1198 1680 1322 1709 unum
1352 1666 1414 1709 vel
1449 1667 1575 1720 aliud,
1603 1669 1654 1717 vi,
1678 1679 1770 1723 gra-

149 1736 268 1780 vibus
303 1739 437 1791 minis,
471 1736 581 1791 dolo,
614 1741 692 1781 etc.
725 1736 882 1780 directe
917 1742 1060 1781 contra
1095 1739 1204 1794 ipsos
1241 1737 1440 1781 electores
1475 1737 1537 1780 vel
1574 1737 1773 1781 indirecte

147 1821 219 1864 per
261 1808 412 1851 damna
449 1811 486 1851 in
522 1820 717 1865 personas
759 1810 1001 1852 coniunctas
1048 1808 1109 1852 vel
1156 1822 1220 1852 res
1263 1810 1460 1864 ipsorum,
1494 1811 1772 1866 exprimitque

145 1890 299 1922 canon:
335 1878 376 1935 a)
407 1892 486 1936 per
517 1892 560 1921 se
594 1879 777 1922 fortassis
821 1884 863 1922 ut
906 1884 1186 1936 exequutores
1221 1878 1262 1936 b)
1296 1878 1359 1921 vel
1388 1892 1465 1937 per
1497 1879 1606 1923 alios
1643 1879 1769 1937 impe-

145 1949 319 2005 dientes,
354 1954 393 1993 et
425 1949 466 1993 hi
502 1952 648 2006 primo,
682 1948 744 1992 vel
776 1952 959 1993 secundo
984 1949 1024 2006 a)
1049 1949 1248 1993 electores
1280 1949 1544 1993 distributive
1572 1956 1771 2007 sumptos,

146 2020 440 2073 autelectum,
476 2020 517 2077 b)
548 2025 723 2078 peraeta
757 2020 960 2063 eciiioiiiea
993 2019 1205 2075 electione,
1230 2022 1326 2078 quia
1360 2025 1455 2064 tunc
1489 2020 1656 2064 libertas
1690 2021 1770 2064 ele-

146 2091 293 2133 ctionis
327 2095 466 2146 utpote
500 2091 632 2133 sactae
666 2090 857 2146 impediri
892 2090 1070 2145 amplius
1103 2093 1259 2147 nequit,
1283 2090 1352 2133 sed
1387 2089 1426 2147 c)
1457 2096 1633 2147 propter
1664 2105 1772 2147 eam,

146 2161 255 2218 quod
291 2163 492 2203 motivum
528 2160 782 2217 deprehendi
820 2165 951 2216 potest
984 2174 1032 2203 ex
1071 2159 1208 2204 verbis
1240 2166 1310 2204 aut
1347 2163 1668 2205 circumstantiis
1701 2162 1771 2205 de-

146 2230 230 2274 licti
268 2233 478 2288 sequentis
531 2231 593 2274 rel
642 2244 691 2274 ex
744 2233 929 2287 personis
971 2230 1196 2274 electorum
1240 2236 1382 2274 contra
1426 2244 1528 2288 quas
1573 2236 1770 2288 patratur,

146 2301 190 2358 d)
216 2315 377 2359 quoquo
402 2300 520 2344 modo
544 2307 837 2345 nocumentum
877 2301 939 2344 vel
973 2314 1103 2357 grave
1126 2301 1434 2345 incommodum
1461 2308 1655 2346 causante
1675 2317 1772 2360 yra-

145 2377 303 2428 varices,
337 2372 376 2415 hi
409 2372 560 2429 singuli
594 2372 883 2429 delinquentes
903 2385 981 2429 pro
1015 2370 1134 2415 modo
1168 2371 1316 2430 eulpae
1344 2372 1608 2429 pum'aittm';
1641 2387 1769 2430 poena

146 2448 206 2486 est
239 2443 557 2486 indeterminata
589 2443 659 2486 sed
695 2445 905 2485 enuntiata
940 2444 1217 2498 praeceptivis
1252 2441 1402 2486 verbis.

265 2513 488 2571 Hucusque
523 2516 560 2556 in
595 2527 747 2570 genere
778 2515 921 2556 statuit
954 2526 1082 2556 canon
1118 2513 1168 2556 de
1203 2516 1388 2569 personis
1419 2514 1770 2572 delinquentibus,

146 2585 216 2628 sed
268 2585 393 2628 laicos
443 2587 609 2641 respicit
652 2587 676 2638 ᾖ
719 2584 756 2627 2.
795 2583 915 2637 Quod
946 2584 984 2626 si
1016 2583 1211 2626 electioni
1244 2597 1269 2626 a
1302 2583 1475 2642 colleqio
1510 2585 1686 2629 habente
1718 2586 1767 2629 ad

148 2656 259 2700 illam
293 2658 369 2711 ius,
403 2655 444 2713 a)
478 2655 725 2699 clericorum
759 2654 821 2697 i‘el
856 2654 896 2711 b)
930 2653 1243 2711 reliyiosorum,
1278 2668 1355 2697 non
1402 2655 1598 2699 laicorum
1638 2670 1673 2697 v.
1708 2670 1768 2712 gr.

148 2729 187 2770 in
222 2725 642 2779 confraternitatibus,
677 2724 958 2783 perayendcze,
991 2723 1032 2781 a)
1072 2723 1174 2767 laici
1214 2727 1287 2768 etsi
1338 2739 1536 2781 personae
1585 2729 1771 2783 privatae

149 2797 191 2854 b)
226 2797 288 2840 vel
330 2796 565 2840 saecularis
603 2801 790 2854 potestas
824 2798 847 2838 i.
884 2809 916 2838 e.
953 2808 1042 2838 eam
1078 2800 1319 2838 exercentes
1356 2795 1397 2852 a)
1430 2810 1518 2838 sese.
1550 2796 1772 2855 illeyitime

154 2881 190 2909 v.
225 2881 285 2924 gr.
319 2872 460 2911 contra
495 2880 642 2911 canon.
682 2867 761 2909 166
799 2865 860 2909 vel
895 2866 1014 2908 aliter
1056 2865 1258 2908 adversus
1302 2865 1413 2922 leges
1455 2866 1771 2921 ecclesiasticas,
