1950 3313
639 160 722 193 Trr.
753 160 798 194 V.
828 181 839 185 -
867 159 923 194 Dc
945 161 1167 204 privileyiis
1657 157 1724 192 159

97 283 163 326 tud
202 281 373 325 verbnm
415 296 434 320 ‹(
460 280 522 323 tex
550 296 569 319 »
607 281 831 323 secumfert
868 282 1035 335 insuper
1073 278 1366 335 obligationem
1405 292 1476 334 pro
1511 278 1616 329 aliis,
1654 280 1722 335 qui

95 353 344 411 quandoque
385 363 488 393 onus
528 363 788 406 consequens
824 349 1042 406 privilegio
1076 362 1273 391 concesso
1305 351 1521 399 sustinent„
1555 353 1591 391 et
1627 353 1724 392 tunc
1770 361 1773 364 ·

93 422 360 479 prirz'leyimn
409 424 580 463 vocatur
624 433 856 465 onerosum.
906 419 1156 477 quandoque
1202 419 1322 462 iidem
1361 432 1437 460 non
1474 418 1722 475 privilegiati

95 493 227 536 sotum
252 492 488 547 obligantur
512 490 665 532 nuttam
694 490 920 533 molestiam
950 503 1022 532 ncc
1049 490 1389 545 impedimentum
1421 491 1570 531 int'crre
1596 491 1723 531 utenti

98 563 327 621 privilegio,
362 567 399 604 et
435 561 540 604 istud
579 563 614 603 in
651 574 746 604 casu
784 562 935 604 dicitur
964 574 1075 603 incre
1108 559 1355 617 favorabile.

220 634 311 676 130-
349 635 600 679 Canonum
626 635 934 678 coordinatio
966 634 1024 673 sic
1068 637 1189 688 patet.
1242 630 1296 673 De
1344 633 1615 688 acquisitione
1651 633 1727 686 pri-

98 705 344 761 vilegiorum
381 708 463 746 tres
495 708 587 746 sunt
623 716 813 746 canones.
849 703 945 745 (Ian.
983 703 1035 744 63
1072 707 1256 745 recenset
1284 701 1373 744 iilos
1406 716 1548 743 omnes
1583 701 1725 743 modos

95 775 337 832 acquirendi
374 775 622 831 privilegia3
660 777 695 816 in
732 777 868 831 specie
894 774 1040 817 modus
1075 788 1146 829 per
1179 775 1595 815 communicationem
1631 786 1724 815 cum

94 849 183 890 eius
215 845 395 902 sequetis
429 846 718 889 consideratur
743 847 779 887 in
815 858 904 888 (ran.
941 845 1007 889 tit.
1046 846 1112 887 65.
1147 844 1356 898 Quasdam
1394 843 1606 886 t'acuttates
1628 856 1723 885 con-

95 918 249 961 siderat
283 930 373 961 can.
395 918 462 966 66,
497 930 604 974 quae
639 916 871 973 privilegiis
906 922 1068 972 praeter
1103 918 1163 958 ius
1196 919 1480 958 accensentur.
1506 914 1562 957 De
1597 917 1722 970 privi-

96 989 297 1045 legiorum
335 991 678 1044 interpretatione
714 992 888 1031 tractant
925 1000 1014 1030 can.
1052 987 1118 1035 67,
1155 987 1237 1032 682
1272 987 1323 1028 de
1370 999 1441 1028 usu
1482 999 1623 1028 eorum
1659 985 1724 1027 atii

96 1061 178 1103 duo
210 1072 299 1102 can.
336 1060 404 1109 69,
439 1059 508 1103 70.
528 1057 691 1111 Quibus
718 1058 851 1101 modis
874 1063 1032 1101 cessent
1061 1057 1276 1113 privilegia
1303 1061 1515 1112 exponunt
1540 1068 1629 1099 can.
1654 1056 1726 1097 'ii-

96 1131 165 1184 78,
199 1143 245 1174 ac
278 1130 330 1173 de
365 1129 607 1186 probatione
644 1129 957 1185 privilegiorum
995 1133 1115 1171 cavet
1151 1132 1383 1183 postremus
1417 1127 1520 1169 tituti
1545 1140 1634 1169 can.
1660 1127 1726 1168 79.

220 1202 313 1245 131.
350 1203 573 1253 Quatuor
611 1203 742 1246 modi
783 1202 1046 1257 privilegia
1075 1201 1374 1256 acquirendi.
1410 1197 1552 1252 incipit
1589 1197 1729 1240 titutus

96 1273 147 1317 ab
180 1275 340 1329 origine
374 1271 691 1328 privilegiorum¹
728 1275 768 1313 et
800 1271 1029 1314 secundum
1058 1270 1311 1326 praecedens
1336 1271 1397 1312 ius
1422 1273 1605 1312 recenset
1629 1282 1726 1325 qua-

96 1343 343 1400 druplicem,
377 1342 540 1386 dicente
575 1356 665 1384 can.
701 1343 776 1393 0⁴3,
808 1342 836 1399 ξ
869 1345 903 1384 l.
943 1339 1172 1397 Pririleqia
1208 1345 1371 1396 praeter
1415 1342 1476 1382 ius
1509 1344 1547 1382 et
1586 1343 1726 1382 contra

97 1417 159 1458 ius
177 1413 386 1472 quaelibet
412 1412 579 1471 acquiri
598 1418 790 1470 possum,
810 1425 829 1455 a
857 1414 1043 1468 personis
1068 1412 1249 1468 physicis
1275 1410 1336 1454 vel
1365 1410 1602 1456 moralibus,
1622 1423 1727 1467 quae

96 1485 146 1528 ad
183 1487 269 1528 iura
294 1483 446 1528 tatibus
465 1496 661 1527 concessa
696 1486 776 1526 sint
800 1482 972 1538 habites,
1008 1496 1086 1525 non
1121 1482 1252 1525 solum
1292 1487 1330 1525 ut
1367 1486 1474 1538 patet
1503 1480 1543 1537 a)
1564 1494 1641 1538 per
1663 1479 1724 1522 di-

96 1561 252 1598 rectam
289 1554 497 1610 privilegii
532 1553 718 1598 subiecto
753 1554 1055 1597 concessionem
1078 1552 1259 1610 quotibet
1278 1552 1355 1595 sub
1375 1557 1515 1595 tenore
1534 1566 1581 1595 ac
1599 1553 1730 1594 sorma

98 1626 335 1669 documenti
371 1625 642 1682 competentis
675 1625 724 1668 ad
750 1625 825 1668 hoc
851 1624 1137 1668 (ietelori'latis,
1175 1638 1211 1664 v.
1238 1638 1297 1679 gr.
1332 1623 1449 1667 Sedis
1472 1622 1731 1679 Apostolicae

101 1698 307 1752 privative
330 1695 464 1753 quoad
494 1695 712 1752 privilegia
738 1700 880 1739 contra
906 1698 969 1737 ius
992 1708 1227 1743 commune,
1247 1692 1564 1738 Ordinariorum
1595 1693 1728 1750 quoad

102 1766 319 1823 privilegia
364 1771 505 1809 contra
554 1768 615 1809 ius
658 1765 709 1809 ab
757 1767 912 1809 eisdem
958 1766 1170 1809 conditum
1211 1770 1278 1809 aut
1312 1765 1552 1821 dependens
1585 1766 1622 1806 in
1656 1763 1730 1807 bac

102 1842 229 1894 parte,
265 1837 527 1880 diversorum
563 1836 844 1880 Concitiorum
880 1837 1014 1893 quoad
1052 1836 1268 1892 privilegia
1303 1840 1444 1879 contra
1471 1835 1582 1892 leges
1603 1834 1733 1879 eccie-

100 1910 285 1951 siasticas
317 1907 368 1951 ab
403 1910 500 1964 ipsis
534 1908 734 1961 conditas,
768 1907 936 1951 demum
972 1907 1022 1950 ab
1052 1907 1114 1949 liis
1152 1907 1344 1950 omnibus
1376 1909 1486 1949 circa
1513 1906 1729 1962 privilegia

102 1984 265 2035 praeter
297 1981 359 2022 ius
394 1981 430 2021 in
459 1992 500 2022 re
542 1979 716 2035 singuiis
757 1977 941 2021 subiecta
975 1980 1063 2021 sine
1098 1980 1198 2021 iuris
1229 1979 1462 2021 communis
1494 1978 1731 2025 offensione,

102 2049 143 2107 b)
157 2064 238 2108 per
261 2050 679 2093 commmirationem
705 2055 908 2107 quatenus
933 2049 1198 2105 privilegium
1223 2049 1499 2106 quorumdam
1529 2048 1590 2091 vet
1613 2050 1732 2090 unius

102 2123 313 2178 proprium
349 2121 440 2170 aliis
465 2121 722 2173 conceditur,
759 2123 810 2163 ita
846 2126 888 2163 ut
924 2119 1021 2163 iilud
1057 2134 1150 2163 cum
1187 2122 1330 2176 primis
1355 2118 1732 2175 prixitegianistia-

102 2192 223 2236 beant
257 2205 493 2243 commune,
527 2194 616 2235 sive
649 2193 972 2235 communicatio
1007 2190 1242 2234 huiusmodi
1267 2195 1472 2234 statuatur
1495 2203 1637 2232 norma
1662 2204 1730 2245 ge-

102 2263 229 2307 nerati
265 2277 338 2320 pro
373 2262 567 2306 omnibus
605 2262 850 2319 privilegiis,
885 2275 991 2319 quae
1027 2264 1063 2304 in
1091 2266 1298 2318 posterum
1334 2275 1499 2319 quoque
1535 2273 1732 2317 personae

102 2334 403 2377 determinatae
438 2333 708 2387 obtinuerint,
737 2348 771 2376 v.
798 2347 858 2390 gr.
887 2335 924 2375 in
961 2335 1338 2377 communicatione
1372 2344 1565 2376 concessa
1599 2334 1735 2387 singu-

104 2403 152 2446 iis
184 2401 414 2448 Ordinibus
449 2404 798 2459 mendicantibus,
840 2404 949 2448 unde
983 2403 1236 2460 amplissima
1262 2405 1583 2447 communicatio
1608 2404 1731 2457 privi-

104 2474 305 2531 legiorum
342 2478 448 2519 inter
481 2490 551 2520 eos
586 2481 645 2519 est
679 2481 782 2527 orta,
816 2478 905 2519 sive
938 2477 1260 2519 communicatio
1286 2474 1494 2531 praedicta
1519 2473 1638 2516 detur
1662 2486 1733 2528 pro

105 2545 319 2602 hucusque
353 2549 559 2590 concessis
593 2547 709 2590 atteri
751 2559 951 2603 personae
987 2545 1229 2603 privilegiis,
1263 2550 1386 2602 atque
1414 2544 1657 2587 atterutrum
1683 2556 1731 2585 ex

105 2618 495 2660 communicationis
538 2622 682 2662 tenore
729 2617 1065 2673 perspiciendum
1111 2618 1199 2659 erit.
1241 2615 1327 2658 Non
1361 2615 1491 2658 sotum
1526 2628 1623 2669 ergo
1658 2612 1735 2654 ittis

105 2687 284 2730 diversis
321 2687 658 2731 concessionibus
695 2690 885 2732 oriuntur
927 2686 1160 2744 privilegia,
1195 2685 1268 2727 sed
1309 2686 1435 2728 etiam
1476 2686 1737 2741 pi·‹1›scquitur

105 2770 235 2801 canon
271 2758 309 2813 c)
339 2771 416 2814 per
439 2757 676 2815 leqilimam
700 2758 805 2802 idest
827 2776 834 2801 :
872 2760 983 2801 iuxta
1017 2770 1157 2800 sacros
1179 2769 1358 2799 canones
1381 2754 1734 2803 consuetudinem,

104 2841 175 2871 seu
212 2830 370 2884 praxim
407 2830 755 2872 secumserentem
797 2828 1076 2872 subiectivnm
1113 2829 1174 2869 ius
1208 2831 1349 2869 contra
1386 2825 1448 2868 vet
1485 2830 1647 2881 praeter
1681 2824 1733 2866 te-

104 2912 177 2955 ges
212 2901 399 2954 vigentes
444 2898 758 2954 ecclesiasticas,
808 2904 881 2941 au!
916 2898 959 2954 d)
991 2897 1366 2955 praescriptionem
1408 2908 1572 2953 quoque
1607 2894 1737 2950 legiti-
