1950 3313
161 144 231 177 260
531 142 615 176 [AB.
636 142 682 176 V.
703 162 715 167 -
738 142 846 177 PARS
863 143 936 178 ΙΙΙ.
959 164 969 170 -
991 145 1045 179 De
1056 148 1196 190 poenis
1214 149 1256 181 in
1275 147 1416 182 delicta
1466 147 1560 184 Can.
1586 149 1793 185 2354-2355

278 262 381 315 Quia
416 275 465 305 ex
500 274 590 305 can.
627 262 708 305 1⁶20
742 265 766 317 g
802 263 816 305 1
857 277 882 305 ((
906 263 1044 307 clerici
1082 267 1119 308 in
1153 265 1345 310 omnibus
1377 269 1554 312 causis..
1589 268 1697 317 apud
1733 271 1789 313 iu-

158 334 291 376 dicem
326 332 652 377 ecclesiasticum
688 336 903 377 conveniri
938 334 1103 392 debent,
1126 351 1149 376 »
1186 339 1326 380 statuit
1359 343 1662 395 consequenter
1688 341 1712 394 g
1743 341 1786 383 2.

161 403 345 447 Clericus
377 417 472 447 vero
512 419 532 445 «
557 417 629 461 per
663 407 840 461 primam
873 405 1018 449 saltem
1055 411 1264 450 tonsuram
1290 423 1310 449 ))
1340 407 1567 465 (can.108,
1591 399 1784 467 §1),sed

155 475 488 532 interpretandus
521 475 571 519 de
605 475 790 533 quolibet
827 478 915 519 viro
949 482 1019 520 aut
1054 477 1240 534 muliere,
1276 481 1341 522 cui
1380 484 1589 536 competat
1631 480 1683 524 ob
1725 481 1785 524 di-

157 559 295 588 versos
329 558 508 590 canones
542 545 809 603 privilegium
845 549 935 602 fori,
969 548 1041 606 qui
1073 548 1248 606 aliquod
1289 548 1487 592 delictum
1530 551 1785 595 commiserit

150 615 201 659 de
233 616 381 674 quibus
413 617 506 660 data
541 618 614 660 fuit
648 617 875 662 declaratio
909 619 952 662 in
985 619 1013 678 ξ
1046 623 1068 662 1
1101 620 1178 663 sub
1211 621 1390 664 diversis
1433 623 1521 664 eius
1564 621 1722 679 litteris,
1758 637 1782 665 a

152 687 359 731 tribunali
405 687 688 732 ecclesiastico
732 690 989 748 proindeque
1035 691 1285 734 iudicialiter
1325 691 1536 749 puniatur
1573 695 1698 736 etiam
1743 696 1779 737 in

154 759 298 803 «locis
334 759 654 815 particularibus
689 760 756 804 ubi
791 761 910 804 aliter
942 761 1097 818 (quoad
1132 763 1208 805 fori
1246 762 1533 821 privilegium)
1567 766 1779 820 provisum

149 831 270 873 fuerit
293 846 313 871 »
353 829 461 888 (can.
501 831 580 874 120
613 831 641 889 g
676 831 731 888 1).
767 830 943 889 Etenim,
975 845 1053 889 pro
1085 831 1253 875 diverso
1287 839 1433 876 reatus
1467 839 1547 877 tam
1584 834 1636 878 ob
1678 848 1778 892 qua-

148 903 303 945 litatem
348 901 486 945 delicti
532 915 656 960 quam
697 902 749 946 ob
792 905 1063 960 quantitatem
1110 904 1445 948 «dimetiendi»
1495 905 1603 963 (can.
1645 905 1777 964 2196)

136 972 367 1029 yravitate,
403 973 636 1029 puniendus
678 978 738 1017 est
783 976 821 1016 vi
865 973 987 1017 buius
1020 978 1189 1018 canonis
1230 975 1451 1019 «clericus
1474 992 1494 1017 ))
1541 978 1676 1020 minus
1713 977 1775 1021 vel

142 1045 291 1100 inagis,
327 1045 583 1102 proindeque
616 1044 869 1088 disiunctive
902 1044 943 1102 a)
974 1045 1249 1103 poenitentiis
1282 1047 1331 1090 ad
1368 1059 1554 1091 normam
1580 1049 1725 1104 capitis
1746 1048 1777 1091 ΙΙ

137 1114 218 1158 sub
251 1114 386 1158 Titulo
422 1114 470 1170 X,
505 1113 547 1171 b)
582 1115 770 1158 censuris
805 1115 931 1159 idest:
977 1115 1117 1172 aliqua
1160 1128 1317 1169 earum,
1351 1115 1391 1174 c)
1427 1116 1672 1175 privatione
1713 1117 1775 1176 of-

136 1185 227 1241 ficii
258 1200 307 1228 ae
338 1184 539 1242 beneficii,
580 1191 700 1242 prout
743 1186 988 1230 alterutrum
1031 1187 1251 1244 possideat,
1292 1187 1335 1245 d)
1379 1187 1606 1245 diqnitatis
1649 1190 1773 1232 etiam

138 1259 311 1300 minoris
344 1270 422 1300 non
458 1257 665 1311 exclusae,
700 1263 752 1312 et,
786 1257 824 1300 si
855 1271 923 1300 res
944 1257 1061 1315 ferat
1083 1257 1135 1302 ob
1159 1257 1297 1302 delicti
1322 1261 1570 1315 gravitatem
1591 1259 1773 1303 fortassis

133 1341 185 1370 ex
221 1330 543 1372 circumstantiis
577 1329 625 1371 ad
663 1341 849 1372 normam
884 1335 991 1372 cau.⁵
1017 1329 1129 1372 2218
1163 1329 1190 1387 ξ
1219 1330 1252 1383 l,
1277 1329 1405 1372 etiam
1428 1329 1472 1387 d)
1496 1329 1770 1387 depositione,

133 1411 242 1456 quae
275 1399 527 1443 nominanda
561 1404 664 1454 erat,
697 1413 745 1443 eo
778 1399 888 1457 quod
929 1415 949 1440 ((
973 1400 1103 1456 infligi
1138 1403 1295 1458 nequit,
1321 1403 1394 1444 nisi
1431 1403 1469 1443 in
1494 1400 1658 1445 casibus
1682 1403 1770 1445 iure

133 1472 379 1527 expressis»
409 1470 517 1528 (can.
540 1470 666 1525 2303,
689 1472 718 1529 ξ
741 1471 798 1528 3).
827 1469 954 1515 Valde
978 1470 1170 1515 notabilis
1194 1476 1254 1515 est
1279 1471 1412 1515 finalis
1436 1471 1646 1516 clausula:
1670 1486 1769 1515 reus

135 1555 228 1585 cero
262 1540 481 1584 homicidii
513 1541 751 1600 culpabilis,
774 1542 901 1586 idest:
936 1555 1030 1586 cum
1055 1542 1273 1586 sufficienti
1300 1542 1598 1586 deliberatione
1624 1557 1767 1600 perpe—

132 1615 226 1656 trati
262 1613 419 1656 directe
457 1612 518 1656 vel
555 1613 770 1668 indirecte,
805 1616 930 1671 atque
963 1612 1056 1656 talis
1088 1613 1391 1657 existimandus
1425 1618 1485 1657 est
1528 1616 1652 1657 etiam
1696 1616 1765 1671 qui

137 1698 157 1724 «
182 1685 220 1726 in
255 1683 453 1727 delictum
488 1686 699 1727 concurrit
737 1685 786 1727 ad
834 1697 1021 1727 normam
1066 1697 1155 1728 can.
1193 1684 1321 1739 2209,
1353 1684 1410 1743 §g
1446 1686 1462 1727 1
1503 1689 1543 1728 et
1576 1684 1599 1727 3
1624 1700 1664 1738 n,
1687 1684 1765 1728 ¹bic

129 1754 400 1812 cleyradetur,
433 1768 540 1813 quae
575 1768 704 1810 poena
728 1761 789 1799 est
812 1757 1059 1812 gravissima
1085 1757 1191 1798 inter
1217 1772 1239 1796 «
1264 1755 1493 1812 peculiares
1516 1755 1763 1800 clericorum

129 1839 282 1882 poenas
319 1828 590 1872 vindicativas
614 1842 653 1878 ³),
687 1831 730 1870 ut
766 1831 876 1883 patet
908 1840 958 1870 ex
992 1840 1082 1883 cap.
1119 1826 1148 1869 ll
1183 1826 1304 1869 Tituli
1340 1826 1407 1870 lx.

250 1897 344 1940 197.
380 1899 454 1944 De
485 1899 673 1944 iniuriis
706 1899 994 1944 verbalibus
1030 1899 1068 1940 in
1105 1911 1278 1941 numero
1304 1911 1438 1954 praec.
1463 1898 1644 1941 definitis
1666 1897 1760 1941 sub-

127 1967 239 2011 ditur
272 1982 347 2011 can
395 1970 535 2011 2355.
571 1968 617 2012 Si
649 1968 743 2026 quis
779 1969 908 2011 laicus
944 1970 1006 2011 vel
1041 1968 1220 2012 clericus
1253 1982 1335 2011 non
1368 1982 1428 2023 re,
1463 1968 1589 2012 idest:
1633 1970 1758 2012 actio-

127 2038 248 2082 nibus
295 2039 493 2082 damnum
539 2039 812 2083 inferentibus
854 2042 1032 2095 corpori,
1077 2039 1255 2083 libertati
1300 2039 1362 2082 vel
1410 2038 1525 2082 bonis
1569 2040 1759 2082 fortunae

126 2111 427 2166 proximorum,
461 2110 534 2153 sed
566 2109 699 2153 verbis
731 2109 795 2153 vel
826 2110 999 2167 scriptis
1033 2109 1094 2152 vel
1128 2109 1218 2152 ulia
1252 2109 1399 2167 quovis
1431 2109 1600 2152 ratione
1631 2123 1670 2154 v,
1695 2124 1756 2166 gr.

127 2183 298 2237 picturis
331 2183 459 2224 risum
494 2181 784 2236 excitantibus,
819 2181 1020 2238 gestibus,
1052 2186 1129 2226 etc.
1163 2181 1204 2238 a)
1237 2181 1443 2224 iniuriam
1471 2194 1565 2224 cum
1589 2180 1758 2224 honoris

124 2251 252 2295 debiti
286 2252 466 2295 laesione
500 2252 694 2310 cuiquam
728 2251 893 2308 clerico,
933 2252 994 2295 vel
1031 2252 1149 2307 laico,
1190 2254 1431 2308 praesertim
1472 2254 1510 2294 in
1555 2251 1756 2308 dignitate

123 2325 345 2366 constituto
377 2322 647 2379 irroquvcrit,
685 2322 856 2379 proinde
888 2336 937 2365 ex
974 2324 1199 2365 intentione
1233 2327 1356 2380 atque
1389 2336 1484 2366 cum
1509 2323 1673 2375 effectu,
1693 2322 1756 2365 vet

122 2392 166 2446 b)
200 2394 393 2450 praefatis
428 2394 560 2437 modis
603 2393 707 2445 eius,
749 2393 930 2437 scilicet:
975 2395 1219 2449 cuiusquam
1257 2398 1299 2435 ut
1331 2406 1469 2449 supra,
1509 2392 1656 2436 bonum
1687 2394 1752 2451 fu-

119 2477 229 2506 mum
263 2477 335 2507 seu
369 2477 633 2508 communem
668 2466 1017 2507 existimationem
1051 2463 1195 2507 saltem
1231 2476 1461 2520 possessam
1486 2463 1660 2507 laeserit
1683 2465 1751 2508 de-

121 2533 323 2578 trahendo
357 2539 427 2578 aut
459 2534 768 2588 calumniando,
803 2548 885 2578 non
918 2533 1053 2578 solum
1083 2539 1219 2592 potest
1252 2533 1293 2591 a)
1328 2533 1384 2577 ad
1425 2548 1615 2578 normam
1657 2549 1750 2580 can.

119 2606 247 2660 1618,
281 2610 486 2663 quatenus
524 2605 691 2649 «iudex
729 2605 955 2662 procedere
991 2610 1122 2661 potest
1160 2605 1377 2648 dumtaxat
1418 2605 1469 2649 ad
1514 2608 1748 2649 instantiam

119 2678 268 2731 partis,
303 2676 375 2719 sed
409 2676 660 2734 quaudoque
692 2678 817 2719 etiam
851 2689 899 2719 ex
945 2676 1080 2719 officio
1104 2691 1143 2730 >›,
1177 2677 1297 2719 1938
1335 2691 1356 2717 «
1381 2681 1424 2719 ut
1462 2680 1568 2720 actio
1609 2679 1748 2720 crimi-

118 2745 223 2789 nalis
258 2748 539 2790 instituatur»
579 2747 745 2790 diverso
780 2747 915 2799 modo,
950 2746 1041 2803 coqi
1075 2760 1147 2799 per
1179 2749 1425 2790 sententiam
1449 2752 1573 2804 atque
1611 2748 1746 2790 forsan

117 2829 212 2859 cum
246 2830 419 2861 censura
454 2817 510 2861 ad
542 2816 723 2860 debitam
757 2831 808 2860 ex
843 2816 1018 2861 naturali
1054 2819 1142 2860 iure
1173 2829 1220 2861 ac
1262 2817 1441 2861 humano
1483 2816 1744 2875 satisfactio-

119 2900 211 2929 nem
245 2887 413 2931 honoris
446 2893 485 2932 et
516 2889 649 2931 famae
679 2886 983 2945 praestandam
1015 2887 1252 2945 duinnuque
1282 2901 1330 2931 ex
1367 2890 1515 2932 iniuria
1549 2892 1588 2931 et
1630 2888 1744 2931 diffa-
