1950 3313
135 138 204 171 316
506 137 590 170 Lus.
612 136 655 169 V.
675 156 687 161 —
708 136 818 170 PARS
839 136 908 170 ΙΙΙ.
931 156 943 161 -
963 136 1018 171 De
1030 140 1169 181 poenis
1188 140 1231 172 in
1248 139 1389 173 delicta
1440 139 1532 175 Can.
1559 139 1765 176 2404-2406

137 257 344 301 fidelitatis
377 258 518 300 curiae
551 256 845 309 dioecesanae,
880 255 1117 300 observatio
1150 262 1340 301 taxarum
1376 272 1424 301 ex
1462 263 1576 315 parte
1613 260 1766 303 officia-

137 329 235 371 lium
271 332 311 370 et
345 326 619 383 parochorum
656 330 828 382 urgetur
862 328 899 369 in
935 339 1024 370 can.
1067 327 1193 383 2408,
1240 327 1449 372 Vicarium
1495 329 1767 386 capitularem

137 401 304 455 respicit
337 410 426 441 can.
463 397 591 452 2409,
625 397 707 439 duo
740 401 960 454 sequentes
993 410 1084 442 can.
1120 398 1251 454 2410,
1275 399 1382 442 2411
1412 400 1657 456 Superiores
1680 401 1771 444 reli-

137 471 273 526 giosos
306 468 441 511 officio
473 467 690 511 abutentes
735 469 923 524 puniunt,
968 472 1091 526 alque
1135 473 1218 513 tres
1244 473 1457 527 *postremi
1502 483 1591 515 can.
1636 471 1768 515 2412-

139 539 249 583 2414
285 539 500 582 Antistitas
535 537 838 594 religiosarum.

258 610 356 654 250.
390 611 587 656 Abusus
621 611 670 654 in
703 622 888 666 genere
921 613 1170 657 coercitio.
1207 637 1258 642 —
1298 610 1397 655 Can.
1436 614 1575 655 2404.
1609 612 1771 656 Abusus

137 681 360 740 potestatis
394 679 703 723 ecclesiastieae
735 680 967 737 explicatus
1001 683 1039 724 in
1064 681 1186 725 Tituli
1213 684 1494 740 inscriptione,
1518 685 1772 741 quicumque

140 754 222 807 flat,
254 751 457 810 prudenti
490 750 670 808 leyitimi
703 750 947 808 Superioris
980 751 1173 807 arbitrio,
1208 766 1278 796 seu
1305 753 1623 797 indeterminata
1643 766 1773 810 poena

141 824 289 881 (canon
326 823 452 878 2217,
485 822 513 881 ξ
552 822 584 876 l,
621 821 696 879 10),
729 835 807 879 pro
838 822 1053 879 gravilate
1085 823 1233 881 eulpae
1262 823 1485 881 puniatur,
1508 825 1559 868 ad
1584 837 1771 868 normam

141 897 266 952 igilur
299 907 389 939 can.
425 892 603 951 3223&
637 894 675 947 3,
711 893 757 935 10
801 893 857 948 2⁰,
907 893 1023 955 salvo
1070 895 1336 952 praescripto
1384 909 1589 938 canonum
1639 909 1675 938 v.
1711 909 1773 952 gr.

139 966 481 1023 subsequentium
516 964 587 1022 qui
621 970 779 1007 certain
809 978 987 1022 poenam
1022 965 1127 1008 latae
1165 965 1226 1009 vel
1262 966 1456 1010 ferendae
1479 968 1706 1010 sententiae
1729 966 1774 1009 in

141 1036 307 1094 aliquos
341 1035 494 1079 abusus
526 1041 733 1078 statuunt.

261 1107 357 1150 251.
393 1109 668 1153 Laedentes
703 1106 898 1152 Curiam
931 1109 1063 1164 quod
1097 1109 1202 1153 eius
1234 1109 1542 1154 documenta.
1581 1133 1634 1138 ——
1672 1106 1774 1152 Can.

141 1181 281 1223 2405.
316 1177 359 1235 a)
406 1176 596 1221 Viearius
633 1175 910 1234 Capitularis‚
944 1176 1073 1220 aliive
1105 1191 1245 1220 omnes
1280 1177 1321 1235 b)
1356 1183 1441 1220 tani
1484 1178 1535 1221 de
1579 1177 1775 1236 Capitulo

143 1248 370 1294 cathedrali
404 1248 648 1305 designante
682 1247 812 1303 illum,
847 1254 885 1301 c)
917 1262 1042 1306 quam
1075 1249 1270 1292 extranei
1303 1248 1490 1306 Capitulo
1525 1249 1677 1300 eidem,
1700 1249 1777 1293 cle-

146 1323 217 1364 rici
251 1325 321 1364 aut
356 1320 462 1374 laici,
496 1319 568 1377 qui
605 1318 896 1362 documentum
928 1318 1138 1377 quodlibet
1181 1319 1236 1362 ad
1282 1319 1457 1363 Curiam
1498 1319 1777 1378 episcopalem

144 1391 323 1435 scilicet:
359 1390 409 1434 ad
444 1390 610 1433 diversa
644 1390 779 1433 officia
812 1388 959 1434 Curiae
995 1392 1133 1447 ipsius,
1158 1392 1247 1434 sive
1273 1392 1310 1433 in
1337 1390 1521 1434 Archivo
1544 1393 1666 1434 situm
1686 1393 1776 1434 sive

145 1467 263 1506 extra
297 1465 444 1519 ipsum,
483 1475 520 1506 v.
554 1474 614 1517 gr.
650 1461 700 1504 ad
737 1459 1005 1514 Vicat-iatum,
1039 1461 1089 1504 ad
1124 1461 1320 1505 Tribunal
1355 1461 1664 1517 dioecesanum,
1697 1467 1775 1505 etc.

141 1534 360 1593 pertinens
393 1532 478 1576 sive
508 1545 585 1590 per
616 1546 660 1575 se
691 1531 777 1575 sive
806 1545 884 1590 per
916 1531 1062 1588 alium,
1097 1537 1221 1590 atque
1256 1535 1294 1575 in
1330 1532 1407 1576 hoc
1450 1533 1632 1576 secundo
1677 1546 1774 1576 casu

147 1605 350 1663 delinquit
382 1608 570 1662 uterque,
604 1603 681 1647 hoc
714 1607 797 1648 est:
832 1605 955 1646 etiam
990 1616 1214 1661 exequens,
1248 1603 1289 1661 a)
1323 1602 1629 1657 subtraoeerint,
1653 1603 1778 1647 veluti

147 1675 321 1720 furando
355 1675 460 1719 clam
499 1674 559 1718 vel
597 1674 795 1731 rapiendo
828 1678 983 1731 aperte,
1019 1673 1062 1731 b)
1101 1673 1164 1717 cel
1206 1673 1498 1717 destruxerint
1540 1679 1700 1718 tantum
1741 1688 1778 1719 v.

149 1762 209 1804 gr.
260 1746 523 1800 laceratione,
568 1744 869 1799 combustione,
913 1748 951 1798 c)
993 1744 1057 1787 vel
1098 1744 1342 1796 celaverint,
1384 1747 1458 1788 etsi
1503 1758 1523 1788 e
1567 1745 1656 1789 loco
1700 1758 1779 1788 non

149 1818 468 1874 asportaverint,
502 1815 545 1873 d)
580 1815 643 1858 rel
674 1815 1017 1859 substantialiter
1049 1815 1379 1870 immutaverint,
1413 1829 1512 1872 ergo
1545 1829 1625 1859 non
1669 1829 1780 1860 com-

152 1888 422 1946 prehenditur
454 1886 723 1931 accidentalis
754 1887 993 1930 documenti
1029 1888 1214 1942 mutatio,
1253 1886 1314 1929 vel
1351 1887 1576 1930 materialis
1609 1899 1682 1944 per
1716 1900 1782 1929 no-

154 1973 246 2003 vam
281 1960 643 2015 transcriptionem
677 1957 958 2002 authenticam
984 1957 1072 2001 loco
1098 1960 1251 2001 veteris
1274 1958 1545 2014 exemplaris,
1582 1957 1781 2014 praedicti

151 2030 441 2087 delinquentes
473 2029 698 2072 incurrunt
730 2028 821 2086 ipso
853 2028 968 2086 facto
1001 2028 1045 2071 in
1069 2028 1540 2072 eoeeommunieationem
1565 2027 1663 2071 Sedi
1679 2028 1784 2085 Apo-

153 2100 326 2144 stolieae
357 2099 609 2157 simpliciter
640 2104 915 2152 reservatam,
949 2099 1019 2143 sed
1056 2103 1270 2156 praeterea
1305 2099 1368 2142 lex
1393 2099 1507 2142 addit
1531 2098 1784 2142 facultativis

158 2172 318 2216 verbis:
352 2176 392 2213 et
424 2170 473 2214 ab
512 2169 745 2214 Ordinario
779 2170 908 2213 etiam
937 2170 1187 2228 privatione¹
1212 2169 1463 2213 disjunctive
1496 2169 1634 2227 officii,
1667 2169 1782 2212 bene-

155 2243 252 2300 ficii,
283 2241 413 2300 plecti
442 2246 653 2299 poterunt.

275 2313 372 2356 252.
406 2313 658 2358 Adversus
692 2313 901 2358 curiales
933 2313 1291 2368 delinquentes.
1325 2336 1377 2340 —
1417 2310 1621 2365 Quamvis
1653 2312 1692 2353 in
1717 2323 1783 2353 ca-

157 2398 262 2428 none
288 2383 561 2440 praecedente
584 2385 741 2426 sanctio
767 2382 963 2438 percellat
985 2395 1129 2425 omnes
1152 2383 1221 2439 qui
1246 2381 1544 2425 documentum
1572 2380 1786 2439 quodlibet

156 2455 304 2499 Curiae
337 2452 583 2510 episcopalis
615 2466 664 2496 ex
705 2452 856 2496 delicto
894 2452 1032 2509 aliquo
1068 2451 1122 2495 ibi
1161 2464 1357 2508 expresso
1395 2451 1655 2506 violaverint,
1688 2449 1783 2494 sub-

158 2526 269 2569 ditur
301 2537 432 2568 canon
467 2525 641 2581 puniens
674 2535 871 2580 personas
903 2521 1138 2579 specialiter
1170 2521 1357 2565 addictas
1390 2535 1533 2565 eorum
1568 2533 1785 2565 conserva-

158 2598 270 2652 tioni,
309 2594 524 2638 videlicet:

282 2665 381 2710 Can.
414 2667 554 2708 2406.
589 2667 613 2718 ἓ
638 2665 674 2707 1.
704 2663 961 2721 Quicumque
978 2663 1123 2721 officio,
1142 2676 1182 2707 v.
1202 2676 1261 2719 gr.
1282 2663 1569 2717 cancellarius,
1589 2664 1785 2716 notarius,

160 2738 209 2781 ad
245 2749 432 2780 normam
467 2748 557 2779 can.
593 2735 690 2784 372,
723 2735 751 2793 ἓ
785 2736 821 2790 1,
857 2734 955 2788 374,
991 2733 1197 2791 parochus
1234 2737 1282 2777 ad
1329 2746 1516 2777 normam
1561 2746 1650 2777 can.
1686 2732 1784 2787 470,

161 2807 188 2865 ξ
223 2808 260 2861 1,
294 2812 459 2850 tenetur
491 2811 600 2860 aeta,
634 2807 658 2848 i.
679 2819 712 2849 e.
748 2805 984 2848 authentica
1016 2806 1169 2860 scripta
1203 2817 1346 2847 eorum
1381 2816 1487 2861 quae
1526 2817 1597 2860 per
1619 2802 1785 2847 Curiam

162 2880 277 2933 liunt,
313 2877 354 2934 b)
389 2876 451 2920 vel
483 2875 744 2931 documenta,
776 2875 954 2919 scilicet:
990 2887 1097 2932 quae
1130 2875 1279 2918 docent
1313 2878 1491 2918 mentem
1525 2874 1576 2917 de
1609 2873 1787 2917 diversis
