1950 3313
636 429 871 492 LIBER
916 430 1258 498 QUINTUS

518 563 609 613 DE
647 564 959 613 Demens
998 565 1084 614 ET
1126 566 1370 617 POENIS

711 860 901 911 PARS
940 864 1176 912 PRIMA

650 971 768 1032 De
841 972 1241 1034 Delictis

802 1202 1035 1269 TITULUS
1067 1233 1094 1270 I.

467 1320 532 1364 De
563 1321 735 1363 natura
767 1319 925 1363 delicti
957 1321 1149 1376 eiusque
1183 1321 1420 1364 divisione.

179 1443 265 1481 CAN.
283 1443 427 1479 2195-
441 1448 461 1487 ξ
481 1444 509 1478 l.
528 1443 675 1480 Nomine
692 1443 823 1485 delicti,
841 1443 914 1479 iure

127 1492 377 1536 ecclesiastico,
406 1491 616 1537 intelligitur
633 1495 775 1527 externa
793 1495 826 1526 et
845 1502 914 1526 mo-

131 1540 251 1576 raliter
277 1539 497 1586 imputabilis
516 1539 600 1584 legis
620 1539 761 1574 violatio
778 1538 831 1574 cui
852 1538 911 1574 ad-

131 1587 206 1623 dita
231 1587 275 1622 sit
302 1587 438 1623 sanctio
465 1587 635 1622 canonica
661 1586 784 1622 saltem
816 1586 911 1622 inde-

131 1634 336 1671 terminata.

178 1682 248 1729 §2-
267 1681 337 1717 Nisi
353 1693 394 1717 ex
411 1681 588 1717 adiunctis
606 1681 703 1716 aliud
728 1685 910 1727 appareat,

129 1740 221 1776 quae
245 1730 413 1765 dicuntur
438 1729 481 1765 de
510 1729 660 1770 delictis,
688 1728 914 1775 applicantur

130 1777 237 1813 etiam
264 1777 512 1812 violationibus
548 1776 719 1823 praecepti
752 1776 806 1812 cui
836 1787 913 1822 poe-

134 1824 226 1859 nalis
252 1825 387 1859 sanctio
412 1825 548 1859 adnexa
574 1824 631 1858 sit.

182 1868 267 1906 CAN.
297 1869 401 1905 2196.
432 1891 450 1898 ·-
478 1870 640 1914 Qualitas
665 1870 781 1906 delicti
809 1871 912 1906 desu-

134 1917 264 1953 menda
293 1922 345 1954 est
370 1928 411 1953 ex
436 1918 569 1954 obiecto
595 1918 705 1964 legis;
734 1918 914 1964 quantitas

133 1975 214 2000 vero
239 1965 455 2001 dimetienda
483 1976 551 2001 non
579 1968 693 2001 solum
717 1976 758 2001 ex
775 1965 914 2002 diversa

130 2012 303 2057 gravitate
343 2012 428 2058 legis
468 2013 592 2054 laesae,
629 2013 688 2049 sed
727 2013 833 2048 etiam
872 2024 913 2049 ex

134 2059 267 2095 maiore
314 2060 493 2096 minoreve
539 2060 813 2107 imputabilitate
854 2065 914 2097 aut

130 2106 265 2142 damno
292 2107 399 2143 illato.

182 2152 266 2190 Clu.
285 2153 391 2189 2197.
412 2175 436 2181 -
456 2154 627 2191 Delictum
653 2160 724 2191 est:
802 2198 805 2199 ⁷

235 2201 277 2238 10.
306 2201 490 2238 Publicum.
523 2203 551 2237 si
587 2203 654 2238 iam
694 2203 912 2248 divulgatum

130 2252 184 2284 est
208 2253 269 2284 aut
296 2249 424 2285 talibus
442 2250 587 2295 contigit
614 2261 674 2286 seu
701 2255 860 2287 versatur
878 2251 912 2285 in

128 2296 308 2331 adiunctis
334 2303 371 2332 ut
398 2298 589 2342 prudenter
623 2297 768 2334 iudicari
809 2298 914 2345 possit

130 2348 165 2379 et
190 2343 315 2379 debeat
343 2345 442 2380 facile
468 2345 688 2390 divulgatum
718 2345 779 2388 iri;

228 2390 276 2426 20.
306 2390 486 2427 Nocorium
504 2391 700 2428 notorieeate
720 2393 816 2435 iuris,
840 2397 914 2439 post

129 2438 345 2474 sententiam
374 2439 499 2475 iudicis
523 2440 755 2487 competentis
774 2441 913 2486 quaein

132 2495 205 2521 rem
233 2486 423 2522 iudicatam
450 2488 631 2523 transierit
656 2493 717 2524 aut
744 2493 819 2534 post
837 2499 917 2524 eon-

989 1444 1172 1479 fessionem
1205 1444 1441 1490 delinquentis
1480 1444 1512 1478 in
1554 1444 1680 1479 iudicio
1709 1445 1753 1480 fa-

987 1497 1076 1526 ctam
1104 1492 1145 1526 ad
1175 1503 1331 1526 normam
1359 1502 1435 1526 ean.
1460 1491 1566 1533 175⁰;

1079 1538 1127 1573 30.
1157 1537 1335 1574 Notorium
1373 1539 1566 1573 Ἰηοωνὶείιιιε
1603 1539 1697 1585 s'acti,
1728 1539 1753 1573 si

988 1585 1122 1632 publice
1149 1592 1269 1621 notum
1297 1587 1340 1620 sit
1366 1591 1398 1621 et
1426 1587 1459 1620 in
1488 1586 1615 1621 talibus
1632 1587 1755 1621 adiun-

986 1634 1049 1668 ctis
1064 1634 1298 1674 commissum,
1317 1637 1352 1668 ut
1369 1634 1463 1668 nulla
1476 1634 1756 1678 tergiversatione

985 1681 1087 1716 celari
1117 1681 1282 1727 nulloque
1309 1681 1393 1715 iuris
1420 1680 1583 1726 suffragio
1601 1682 1753 1716 excusari

988 1729 1115 1775 possit;

1080 1775 1127 1810 40.
1158 1773 1337 1815 Occultum,
1358 1775 1446 1820 quod
1474 1786 1544 1810 non
1571 1780 1621 1810 est
1650 1775 1755 1820 publi-

986 1834 1083 1864 cum;
1101 1823 1262 1858 occultum
1281 1822 1513 1865 materialiter,
1531 1823 1557 1856 si
1580 1823 1680 1857 lateat
1698 1823 1757 1857 de-

988 1871 1106 1906 lictum
1136 1871 1273 1916 ipsum;
1303 1870 1463 1904 occultum
1501 1870 1698 1915 formaliter,
1729 1869 1755 1904 si

987 1918 1143 1954 eiusdem
1173 1917 1438 1962 imputabilitas.

1033 1965 1118 2001 CAN.
1148 1964 1252 2000 2198.
1285 1985 1300 1989 -
1331 1963 1499 2000 Delictum
1539 1963 1627 2009 quod
1658 1963 1758 1998 unice

988 2013 1092 2048 laedit
1119 2011 1288 2048 Ecclesiae
1307 2011 1429 2055 legem.
1453 2016 1576 2046 natura
1594 2022 1669 2054 sua,
1687 2010 1757 2046 sola

986 2060 1219 2096 ecclesiastica
1243 2060 1430 2095 aim-toritas
1459 2059 1685 2104 persequitur,
1711 2068 1760 2093 re-

987 2107 1114 2154 quisito
1142 2107 1397 2148 interdum,ubi
1426 2106 1545 2141 eadem
1572 2105 1758 2141 auctoritas

989 2155 1220 2191 necessarium
1248 2154 1299 2190 vel
1326 2159 1559 2199 opportunum
1588 2153 1758 2188 iudicave-

987 2204 1043 2247 rit,
1064 2201 1195 2238 auxilio
1215 2202 1344 2237 brachii
1366 2201 1572 2241 saecularis;
1594 2200 1756 2235 delictum

988 2250 1077 2296 quod
1094 2250 1195 2285 unice
1211 2249 1315 2285 laedit
1330 2249 1437 2293 legem
1453 2248 1624 2283 societatis
1636 2246 1758 2286 civilis,

989 2299 1061 2333 iure
1081 2297 1227 2343 proprio,
1248 2297 1342 2331 salvo
1362 2296 1570 2342 praescripto
1588 2306 1666 2329 can.
1684 2292 1757 2333 120,

990 2345 1089 2391 punit
1114 2344 1227 2379 civilis
1251 2344 1451 2378 auctoritas.
1475 2343 1551 2377 licet
1577 2342 1679 2377 etiam
1702 2340 1758 2376 Ec-

987 2393 1092 2427 clesia
1130 2392 1172 2425 sit
1213 2392 1246 2425 in
1288 2390 1372 2425 illud
1399 2394 1600 2435 competens
1627 2388 1760 2423 ratione

990 2440 1117 2486 peccati
1134 2451 1140 2479 ;
1170 2438 1334 2473 delictum
1354 2437 1443 2483 quod
1461 2437 1563 2472 laedit
1583 2436 1760 2480 utriusque

988 2487 1161 2522 societatis
1189 2486 1309 2530 legem,
1335 2485 1378 2520 ab
1418 2489 1563 2529 utraque
1598 2487 1761 2529 potestate·

991 2534 1105 2581 puniri
1139 2538 1259 2579 petest.

254 2632 290 2677 1.
326 2635 456 2680 Libri
490 2639 540 2681 et
576 2637 740 2682 Partis
776 2637 1029 2692 inscriptio
1054 2635 1126 2676 suit
1153 2632 1272 2675 valde
1294 2633 1594 2675 convenienter
1618 2629 1759 2673 ultimo

129 2701 296 2747 Codicis
328 2703 449 2749 Libro
484 2711 709 2752 reservata.
744 2705 932 2759 Quatuor
964 2717 1142 2761 namque
1176 2703 1242 2746 aiii
1276 2715 1416 2746 sacros
1448 2704 1659 2756 continent
1691 2713 1756 2743 ca—

133 2786 274 2828 nones,
308 2777 378 2833 qui
413 2776 641 2820 normalem
673 2791 745 2821 seu
781 2782 938 2820 rectum
973 2775 1120 2831 agendi
1149 2774 1314 2816 modum
1351 2775 1388 2815 in
1426 2772 1605 2815 Ecclesia
1643 2783 1755 2826 prae·

131 2844 320 2889 scribunt
355 2859 426 2903 pro
460 2847 703 2891 diversitate
738 2859 1005 2904 personarum
1040 2858 1121 2903 qua
1155 2844 1310 2898 talium,
1348 2843 1579 2885 mediorum
1609 2842 1657 2884 ad
1685 2840 1758 2883 Ec-

130 2914 284 2960 clesiae
319 2917 449 2974 ipsius
483 2918 605 2962 linem
640 2931 661 2962 a
695 2918 870 2974 singulis
892 2930 1057 2974 quoque
1081 2914 1399 2972 assequendum,
1424 2918 1462 2955 et
1490 2924 1753 2968 processuum

216 3005 314 3035 BLAT
336 3022 355 3029 -
380 3006 504 3038 Comm.
533 3008 618 3036 Text.
645 3007 721 3038 Cod.
747 3008 820 3036 Iur.
847 3007 927 3035 Can.

1659 3001 1673 3028 1
