1950 3313
91 153 162 177 VIII
698 147 910 173 BENEVOLO
936 146 1110 172 LECTORI

234 263 597 309 Intentionem
647 263 886 307 nostram
924 258 1357 306 circumscribere
1409 256 1564 304 valde
1602 271 1719 303 con-

92 348 311 393 veniens
351 346 467 401 erit,
497 345 648 390 cuius
686 342 884 389 limites
925 343 1054 389 satis
1081 340 1285 404 amplos
1325 356 1431 388 non
1458 344 1720 387 transmu-

92 435 205 476 tare
257 433 504 474 sanctum
561 425 712 473 nobis
763 427 878 472 erit.
933 424 1195 471 Volumus
1246 438 1479 486 namque
1529 421 1721 469 callere

93 512 339 574 perfecte,
370 514 633 573 quantum
672 524 739 556 ex
766 508 867 555 Dei
906 507 1171 554 adiutorio
1199 505 1350 553 nobis
1390 505 1577 552 datum
1604 506 1719 561 erit,

93 608 461 658 quaecumque
511 594 566 638 in
608 591 802 639 Codice
852 591 1181 654 praescripta
1238 604 1351 635 esse
1400 590 1457 634 in
1496 587 1722 633 veritate

94 677 198 724 dici
236 677 447 740 poterit.
490 675 878 723 Verumtamen
918 674 1195 720 occasione
1235 671 1376 727 data,
1405 670 1550 732 leges
1591 668 1721 716 alias

95 759 481 807 ecclesiasticas
521 758 803 804 memorari
844 758 944 803 erit
994 754 1141 812 utile,
1183 756 1294 801 sive
1332 753 1610 815 liturgiam
1649 767 1722 798 sa-

95 859 240 890 cram
278 843 567 905 respiciant
605 840 752 899 illae,
773 839 864 886 sed
902 854 1058 902 parce
1097 837 1151 884 id
1189 835 1573 900 praestandum
1606 835 1720 891 erit,

95 928 206 973 sive
262 924 611 989 particulares
663 925 785 979 sint,
827 938 962 985 quae
1016 937 1121 968 una
1171 920 1256 967 vel
1308 918 1477 966 altera
1514 919 1721 964 rat-ione

97 1008 381 1072 specialem
420 1006 695 1070 postulent
733 1007 1077 1052 mentionem.

238 1090 326 1138 Ad
365 1107 539 1139 sacros
578 1096 759 1138 tamen
799 1105 1028 1138 canones
1069 1087 1209 1152 quod
1248 1090 1459 1146 attinet,
1489 1094 1725 1134 mentem

96 1173 423 1238 locupletare
463 1174 782 1231 curabimus,
830 1189 936 1220 non
976 1179 1088 1219 tam
1128 1171 1426 1218 eruditione
1467 1173 1726 1233 quaestio-

98 1274 243 1316 num,
286 1274 420 1321 quae
464 1257 606 1321 apud
657 1257 921 1304 Auctores
972 1257 1333 1311 inveniantur,
1375 1253 1459 1300 vel
1511 1253 1726 1299 utilium

98 1356 308 1404 quoque
347 1340 711 1388 doctrinarum
751 1339 817 1386 ab
845 1338 1045 1386 eisdem
1083 1337 1420 1390 traditarum,
1451 1336 1541 1382 sed
1568 1337 1726 1382 certis

96 1429 209 1471 tam
248 1423 447 1486 regulis
475 1429 635 1486 quam
663 1423 935 1479 doctrinis,
960 1437 1095 1485 qua-e
1123 1424 1361 1467 nostram
1389 1418 1726 1482 disciplinam

97 1506 295 1553 claram
334 1505 579 1553 reddunt.
621 1505 907 1568 Multiplex
947 1521 1068 1551 cum
1109 1506 1174 1550 sit
1223 1505 1358 1550 ratio
1399 1505 1473 1549 sic
1513 1500 1724 1563 agendi,

98 1594 314 1636 tantum
354 1590 454 1636 hac
493 1590 732 1636 contenti
773 1591 984 1645 erimus,
1027 1586 1257 1633 scilicet:
1301 1589 1361 1632 ut
1399 1586 1584 1632 vitatis
1623 1584 1728 1646 opi-

99 1672 363 1729 nionibus„
406 1688 541 1735 quae
580 1671 647 1718 ad
686 1671 861 1733 legem
900 1668 1243 1717 statuendam
1283 1683 1390 1715 non
1430 1665 1727 1722 conferunt,

100 1759 223 1819 quia
263 1757 318 1802 in
357 1757 470 1802 iure
510 1761 641 1801 tuuc
679 1753 874 1816 agendi
925 1752 1144 1799 libertas
1185 1756 1264 1798 est
1315 1767 1346 1798 a
1385 1750 1580 1798 Codice
1618 1765 1730 1813 per-

100 1841 276 1895 missa,
300 1840 595 1901 praefatam
618 1841 901 1899 sequentes
930 1838 1088 1892 viam,
1119 1833 1478 1882 obtinebimus
1507 1832 1731 1880 solidam
1771 1827 1778 1835 ’

101 1921 416 1975 doctrinam,
458 1923 608 1967 cuius
660 1919 974 1966 fulcimento
1019 1920 1121 1965 erit
1177 1916 1332 1984 facile
1371 1915 1523 1962 nobis
1561 1917 1617 1961 in
1655 1914 1732 1961 fu-

101 2008 299 2061 turum,
323 2003 387 2051 de
416 2005 728 2066 opinionum
754 2002 968 2049 illarum
996 2001 1345 2048 fundamento
1371 2002 1579 2046 rectum
1605 1997 1731 2044 dare

102 2086 376 2143 iudicium,
407 2102 469 2133 ac
509 2088 736 2133 sciemus
777 2084 1004 2148 quando,
1033 2085 1376 2147 potiusquam
1415 2082 1495 2128 uti
1534 2082 1731 2144 opinio-

104 2185 212 2216 nes.
255 2171 359 2216 sint
401 2169 550 2216 velut
589 2168 919 2215 devia-tiones
958 2164 1305 2229 respuendae.

247 2250 434 2308 Quoad
472 2251 632 2299 libros
671 2251 981 2307 Doctorum,
1013 2250 1103 2311 qui
1130 2250 1367 2295 nostram
1394 2244 1730 2309 disciplinam

104 2338 160 2382 in
199 2339 439 2381 aetatum
478 2334 703 2381 decursu
763 2334 1105 2387 exornarunt,
1147 2345 1255 2376 una
1294 2327 1624 2376 solummodo
1664 2327 1733 2374 al-

105 2422 287 2464 terave
328 2415 682 2463 consideratio
722 2417 863 2461 circa
902 2413 1115 2460 illorum
1144 2427 1300 2458 usum
1338 2411 1622 2474 praecipue
1661 2396 1732 2455 fass

107 2499 296 2546 cienda
333 2498 560 2546 videtur.
590 2497 677 2544 Ad
717 2497 1104 2544 ecclesiasticas
1132 2494 1275 2555 leges
1317 2491 1619 2540 condendas
1646 2490 1731 2537 vel

107 2583 173 2630 ad
225 2582 568 2643 obligatorias
619 2580 1087 2643 interpretationes
1138 2576 1356 2633 dandaS,
1397 2577 1604 2621 certum
1655 2576 1735 2620 est

108 2665 366 2713 Doctores
404 2663 553 2710 nulla
590 2665 855 2726 potestate
895 2660 1164 2724 praeditos
1204 2674 1331 2705 esse.
1372 2657 1517 2704 Hinc
1561 2658 1732 2718 magis

109 2764 268 2811 quani
309 2750 363 2794 in
403 2746 520 2794 aliis
548 2745 842 2808 disciplinis
881 2759 1068 2790 verum
1110 2743 1224 2799 erit,
1254 2740 1523 2788 doctrina-s
1551 2753 1733 2786 eorum

109 2833 163 2877 in
204 2830 304 2877 hoc
343 2830 799 2892 interpretationis
839 2841 1058 2873 munere
1098 2828 1312 2871 tantum
1350 2821 1542 2879 valere,
1573 2836 1734 2884 quan-
