1950 3313
179 177 248 210 216
549 175 631 208 Lm.
653 166 697 208 V.
719 195 731 199 —
753 175 861 209 PARS
879 175 950 209 111.
972 195 984 201 -
1004 175 1059 210 De
1071 179 1207 220 poenis
1227 179 1268 210 in
1285 177 1425 211 delicta
1475 176 1566 212 Can.
1593 177 1790 214 2325-2327

180 297 337 354 religio,
370 297 440 339 sed
475 298 569 353 quia
604 295 773 339 exliibet
804 296 959 340 cultum
1004 296 1194 340 (livinum
1240 297 1301 340 vel
1346 300 1410 341 cui
1446 310 1524 339 non
1559 297 1696 348 debet,
1732 298 1795 341 vel

178 380 225 409 eo
261 367 381 409 modo
415 379 494 422 quo
528 379 606 408 non
641 365 762 408 debet
789 381 807 406 ))
832 365 860 420 ¹,
885 369 1002 409 cuius
1035 366 1221 410 diversas
1242 369 1401 424 species
1425 367 1469 411 D.
1495 366 1670 410 Thomas
1702 380 1795 410 cum

178 438 214 480 S.
250 437 480 492 Augustino
514 437 743 492 assignat2,
767 436 830 479 vel
864 436 905 493 b)
939 436 1208 494 sacrileqiani
1242 439 1549 495 quodcumque,
1570 437 1796 493 personale,

179 507 319 561 locale,
356 506 478 561 reale,
511 506 579 549 sed
617 509 781 563 proprie
813 507 968 550 dictum
1000 508 1323 565 perpetraverit,
1359 509 1490 551 idest:
1529 521 1623 551 cum
1658 507 1797 551 delicti

177 578 390 620 elementis
425 577 645 620 violaverit
677 591 749 621 seu
784 579 951 635 indigne
985 581 1226 622 tractaverit
1259 593 1359 632 rem,
1386 579 1578 622 locumve
1610 583 1680 622 aut
1713 592 1798 635 per·

176 661 317 691 sonam
351 660 509 691 sacram
546 662 618 705 per
650 648 832 706 aliquam
877 652 1205 693 irreverentiam.
1245 651 1460 694 «Sacrum
1509 662 1605 692 vero
1648 649 1799 693 dicitur

176 718 330 775 aliquid
366 731 414 761 ex
450 732 497 761 eo
530 719 639 776 quod
674 719 723 762 ad
758 719 946 763 divinum
991 720 1146 763 cultum
1191 720 1449 764 ordinatur»
1473 719 1502 775 ³,
1542 725 1581 762 et
1623 721 1662 762 in
1707 732 1796 762 eam

176 788 414 845 qualitatem
440 795 500 832 est
523 789 738 846 dirigenda
765 791 870 833 sacto
904 793 1188 844 irreverentia,
1209 795 1251 833 ut
1274 790 1538 847 sacrilegium
1563 792 1614 833 sit
1640 803 1797 834 verum.

176 859 386 902 Alteruter
425 862 550 916 igitur
592 860 851 917 delinquens,
886 865 928 903 ut
960 874 1098 916 supra,
1129 874 1207 918 pro
1238 861 1452 918 yravitate
1483 860 1631 918 calpae
1664 862 1798 917 requi-

175 932 251 973 sita
285 929 333 973 ab
371 929 603 974 Orclinario
633 931 857 988 puniatur,
889 944 995 988 quae
1038 931 1221 975 clausula
1257 934 1294 974 in
1330 944 1465 988 praec.
1500 944 1589 975 can.
1624 932 1697 974 fuit
1730 931 1798 974 de-

174 1000 342 1045 clarata.

294 1073 418 1116 Porro
453 1087 582 1130 poena
618 1074 720 1118 haec
752 1079 811 1117 est
850 1075 1255 1118 «indeterminata»
1285 1075 1392 1132 (can.
1429 1075 1555 1129 2217,
1587 1075 1615 1133 ἓ
1649 1075 1687 1129 1,
1724 1072 1797 1132 10),

174 1150 428 1201 quapropter
460 1145 648 1190 additur:
682 1145 812 1188 salvis
840 1146 989 1203 poenis
1022 1147 1213 1204 equidem
1241 1165 1255 1185 «
1283 1147 1611 1190 determinatis»
1635 1152 1675 1190 et
1708 1147 1800 1190 iare

176 1228 253 1257 non
287 1215 471 1273 quolibet
508 1219 650 1271 veteri,
673 1217 742 1260 sed
776 1215 938 1261 Codicis
971 1218 1157 1273 statutis,
1191 1220 1301 1275 quia,
1334 1220 1408 1261 etsi
1441 1218 1651 1261 sufficeret
1683 1223 1725 1261 ut
1759 1218 1809 1271 il-a

176 1285 307 1329 larum
343 1289 380 1329 in
415 1286 566 1331 Codice
609 1288 678 1331 fiat
722 1290 888 1340 mentio,
924 1291 1035 1331 iuxta
1069 1302 1158 1333 can.
1195 1289 1233 1343 6,
1269 1288 1325 1342 5⁰,
1360 1301 1438 1331 non
1473 1293 1532 1332 est
1571 1289 1797 1345 putandum

177 1370 249 1413 per
282 1358 519 1401 huiusmodi
554 1358 680 1402 verba
714 1359 966 1403 sufficienter
1001 1361 1105 1413 lieri,
1137 1373 1230 1402 cum
1265 1362 1316 1402 sit
1342 1364 1483 1403 contra
1516 1358 1679 1403 Codicis
1710 1372 1798 1403 sco·

179 1442 289 1484 pum,
314 1442 405 1472 nam
442 1429 594 1473 multae
626 1435 721 1472 sunt
753 1432 791 1473 in
827 1433 913 1474 iure
949 1433 1093 1485 veteri,
1123 1435 1162 1473 et
1185 1435 1353 1474 econtra
1386 1435 1559 1474 statutas
1582 1443 1671 1474 esse
1696 1444 1794 1473 non-

177 1499 308 1543 nullas
333 1502 369 1542 in
394 1498 544 1544 Codice
570 1506 679 1557 patet
702 1515 750 1544 ex
790 1501 927 1545 verbis
960 1507 1105 1544 contra
1138 1500 1303 1559 aliquos
1336 1506 1454 1544 actus
1481 1501 1796 1559 superstitiosos

180 1583 214 1612 v.
250 1584 311 1626 gr.
347 1573 384 1613 in
419 1583 509 1614 can.
545 1571 671 1624 2390,
705 1571 767 1613 vel
799 1570 1026 1628 sacrilefsia
1062 1585 1097 1614 v.
1134 1586 1194 1627 gr.
1229 1574 1266 1614 in
1299 1584 1388 1615 can.
1425 1571 1551 1616 2343.

296 1642 390 1685 165.
427 1644 617 1688 Delicta
649 1645 713 1688 ob
745 1644 902 1689 falsas
935 1645 1168 1700 reliquias
1202 1644 1317 1699 punit
1340 1643 1390 1686 de
1415 1656 1522 1685 novo
1546 1644 1797 1696 caiz.2.396,

174 1711 332 1756 sublata
352 1712 404 1756 ob
420 1712 630 1756 silentium
651 1712 814 1757 Codicis
836 1716 1264 1756 excommunicatione
1289 1713 1393 1756 latae
1414 1715 1654 1769 sententiae,
1674 1726 1796 1771 quam

176 1784 269 1827 Pius
304 1783 355 1826 tx
392 1786 428 1826 in
463 1789 590 1827 const.
621 1800 642 1824 «
665 1784 833 1840 Aplcae.
867 1784 1027 1827 Sedis»
1057 1783 1240 1827 Romano
1277 1784 1459 1828 l’ontitici
1496 1786 1740 1838 reservavit,
1760 1788 1799 1827 et

174 1858 323 1896 statuta
357 1855 431 1896 fuit
465 1859 632 1910 propter
665 1856 963 1898 extractionem
999 1853 1267 1912 reliquiarum
1303 1867 1350 1897 ex
1385 1856 1514 1898 sacris
1536 1853 1799 1898 Catacumbis

175 1923 296 1967 Urbis
329 1924 496 1967 Romae.
534 1923 629 1978 Qui,
654 1930 697 1967 ut
730 1927 768 1967 in
803 1937 939 1981 praec.
964 1937 1068 1979 can,
1087 1924 1224 1982 falsas
1246 1924 1465 1982 reliquias,
1485 1938 1532 1968 eo
1556 1925 1663 1982 quod
1699 1924 1799 1968 tales

176 1995 292 2050 tingit
325 2007 405 2049 eas,
430 2008 501 2038 seu
536 1995 580 2050 a)
604 1994 778 2051 conficit,
803 2001 875 2037 aut
909 1995 1101 2049 scienter,
1125 1997 1315 2038 conscius
1346 2008 1494 2052 nempe
1528 1995 1578 2038 de
1612 1995 1797 2050 talsitate,

178 2064 219 2121 b)
252 2064 393 2108 vendit
426 2067 556 2121 pretio
594 2065 656 2109 vel
690 2068 1026 2121 commutatione,
1061 2070 1097 2119 c)
1129 2064 1346 2113 distribuit
1378 2068 1519 2122 gratis,
1552 2065 1615 2108 vel
1646 2065 1690 2122 d)
1721 2079 1796 2123 pu-

175 2134 307 2178 blicae
340 2141 495 2179 tantum
531 2135 715 2192 fideliam
749 2136 1011 2179 venerationi
1043 2136 1213 2195 erponit
1247 2135 1432 2190 ubilibet,
1450 2149 1528 2179 non
1555 2149 1651 2179 vero
1673 2138 1799 2179 sicas

174 2205 307 2249 solum
341 2207 588 2264 quibusdam
624 2208 815 2262 ostendit,
848 2207 938 2264 ipso
970 2206 1084 2265 sacto
1117 2206 1300 2264 quolibet
1331 2206 1407 2250 sub
1440 2211 1616 2264 quatuor
1654 2207 1799 2250 litteris

174 2277 642 2320 eccommmitcationem
681 2276 913 2321 Ordinario
955 2278 1004 2320 ad
1049 2290 1234 2320 normam
1281 2290 1371 2321 can.
1408 2278 1503 2331 198,
1536 2277 1564 2335 ἓ
1602 2282 1621 2321 st
1663 2291 1798 2321 reser-

174 2352 312 2390 vatam
344 2346 569 2390 contrahit.

292 2418 387 2460 166.
425 2420 566 2465 Circa
608 2421 834 2465 delictum
875 2423 1110 2476 quaestus
1143 2434 1205 2465 ex
1238 2421 1553 2476 indulgentiis
1586 2433 1795 2463 commen-

172 2488 353 2532 labimur
385 2503 474 2532 can.
494 2491 634 2534 2327.
658 2488 887 2543 Quaestum
917 2489 1135 2547 facientes,
1168 2489 1352 2533 scilicet:
1387 2490 1657 2547 temporalem
1693 2490 1797 2533 utili-

173 2563 295 2602 tatem
331 2563 530 2616 pecuniae
563 2561 823 2617 aliarumque
858 2573 995 2604 rerum
1030 2562 1276 2617 recipientes
1312 2563 1349 2603 in
1383 2561 1568 2604 savorem
1604 2563 1681 2615 sui,
1703 2574 1795 2604 suo-

175 2643 362 2687 rumque,
399 2635 481 2673 tum
530 2630 708 2674 familiae
753 2636 837 2674 tum
878 2633 1049 2674 instituti
1085 2630 1278 2688 religiosi,
1314 2636 1352 2674 et
1384 2630 1675 2688 indulyentiis,
1707 2633 1796 2674 sive

174 2701 465 2756 concedendis,
488 2703 577 2745 sive
600 2701 860 2758 publicandis
882 2706 1054 2757 tantum,
1078 2703 1167 2745 sive
1189 2702 1569 2757 communicandis,
1603 2704 1699 2759 quin
1726 2715 1797 2758 per

177 2771 285 2815 hunc
318 2784 517 2815 canonem
553 2772 798 2829 reprobetur
836 2788 855 2813 <c
879 2774 1111 2816 communis
1141 2771 1351 2816 Ecclesiae
1388 2772 1658 2828 consuetudo,
1690 2784 1796 2829 quae

294 2879 305 2900 1
332 2878 379 2912 D.
409 2877 479 2913 Th.
508 2877 616 2921 11-11,
646 2890 681 2922 q.
710 2877 834 2919 Xon,
862 2890 896 2912 a.
927 2880 959 2919 1,
988 2889 1008 2912 ο
1049 2897 1090 2902 -
1118 2877 1131 2899 2
1157 2877 1264 2921 11-11‚
1294 2882 1444 2922 quaest.
1482 2877 1603 2918 ch,
1629 2888 1661 2911 a.
1691 2877 1723 2913 2.
1751 2896 1787 2903 -—

175 2925 189 2946 ³
215 2925 321 2966 11-11,
348 2937 382 2970 q.
411 2924 555 2968 X01x,
583 2936 616 2959 a.
648 2927 679 2967 1,
705 2936 736 2959 0.
