1950 3313
130 130 175 164 86
650 128 735 162 Lm.
764 128 795 162 I.
824 148 837 152 -
863 128 1034 162 Normae
1054 129 1251 172 ,qenerales

131 261 272 291 earum
310 247 539 290 habendam
574 249 852 303 cognitionem
887 261 968 290 mm
1000 246 1201 304 glandem,
1234 247 1455 291 cuiuslibet
1487 249 1567 290 sint
1599 250 1758 299 aetatis,

129 323 167 361 et
204 318 278 361 boc
321 331 370 360 ex
407 323 552 360 natura
597 317 759 360 illarum
795 317 947 374 legum.
995 317 1044 361 Hi
1084 320 1194 360 enim
1240 322 1451 375 nequeunt
1491 323 1758 375 praeceptum

130 391 351 445 positivum
389 391 614 445 percipere,
651 402 725 432 nec
757 391 816 431 eis
849 393 909 432 est
943 391 1112 432 insitum
1147 401 1167 432 a
1202 393 1364 433 natura.
1415 414 1468 419 —
1517 388 1582 432 lus
1619 394 1757 432 autem

129 459 315 502 naturale
349 462 407 502 eis
441 464 500 502 est
544 459 718 502 inditum
753 473 848 503 cum
886 463 1038 512 mente,
1081 461 1191 502 iuxta
1228 459 1358 503 illud:
1415 461 1664 516 «signatum
1699 464 1759 503 est

128 544 252 586 super
287 544 358 573 nos
392 530 528 573 lumen
567 530 704 574 vultus
738 533 812 587 tui,
844 530 1020 574 Domine
1055 530 1134 587 (Ps.
1171 529 1236 585 lV‚
1271 530 1329 587 6),
1363 533 1480 588 quasi
1521 530 1657 574 lumen
1694 543 1757 574 ra-

129 603 250 644 tionis
283 601 495 655 naturalis‚
529 615 610 659 quo
649 601 925 645 discernimus
959 601 1057 659 quid
1099 603 1149 644 sit
1189 600 1343 645 bonum
1382 607 1421 645 et
1455 602 1552 659 quid
1588 602 1757 655 malum,

128 673 236 729 quod
274 674 451 728 pertinet
483 673 533 715 ad
570 672 799 716 naturalem
836 672 985 729 legem,
1020 671 1118 715 nihil
1153 672 1263 716 aliud
1298 675 1350 716 sit
1382 685 1505 730 quam
1541 675 1757 730 impressto

129 743 296 786 luminis
329 743 458 786 divini
495 746 533 786 in
569 743 727 787 nobis»
767 743 809 799 ¹3
845 743 939 786 binc
976 745 1105 800 posito
1141 745 1309 787 rationis
1345 757 1417 786 usu
1454 743 1640 787 homines
1672 746 1758 801 qui·

129 814 226 858 libet
261 817 323 857 ius
355 814 472 865 illud,
498 820 616 871 prout
651 819 814 864 norunt,
846 826 1017 857 servare
1051 813 1301 871 obligantur.
1329 840 1379 845 —
1404 813 1464 858 De
1499 814 1658 871 legibus
1690 828 1757 858 au-

127 890 208 928 tem
243 885 534 929 ecclesiasticis
566 899 744 943 sequens
776 885 916 930 Codex
955 885 1186 929 doctrinam
1227 891 1443 929 auctorum
1478 899 1756 938 communem,

127 959 186 1000 sic
236 957 481 1013 regulariter
528 959 696 1000 statuit:
746 971 820 999 nec
869 956 947 1000 illis
986 961 1268 1000 «tenentur»
1317 956 1401 1015 qui,
1435 956 1532 999 lieet
1574 957 1757 1000 rationis

128 1041 246 1070 usum
279 1028 475 1083 assecuti,
509 1042 556 1072 ac
581 1031 711 1084 posito
735 1028 843 1085 quod
877 1040 947 1071 eas
971 1033 1203 1078 noscerent,
1237 1027 1460 1085 septimum
1493 1028 1648 1070 aetatis
1681 1042 1756 1071 an-

126 1113 225 1142 num
259 1099 307 1142 ad
345 1112 530 1143 normam
565 1112 653 1142 can.
691 1099 758 1153 34,
792 1099 820 1157 ξ
853 1099 890 1154 3,
932 1098 984 1141 1⁰.
1008 1100 1066 1143 30.
1104 1098 1288 1141 nondum
1322 1098 1607 1156 empleuerzmt,
1643 1099 1754 1143 vide-

127 1169 243 1214 licet:
284 1170 492 1227 «expleto
526 1171 671 1214 ultimo
705 1171 771 1214 die
806 1170 992 1213 eiusdem
1027 1173 1232 1213 numeri»
1271 1183 1318 1213 ac
1346 1172 1509 1225 mensis,
1534 1172 1573 1213 in
1607 1169 1757 1227 quibus

127 1244 322 1285 nativitas
354 1242 516 1285 accidit.
542 1241 828 1286 Consideravit
865 1244 990 1298 igitur
1012 1254 1143 1285 canon
1172 1242 1435 1299 quandonam
1463 1255 1559 1285 usus
1588 1244 1757 1285 rationis

126 1313 383 1370 frequentius
416 1318 706 1370 consequatur,
741 1313 810 1356 sed
847 1314 1133 1369 exceptionem
1170 1312 1348 1357 adiecit:
1383 1312 1470 1355 nisi
1511 1311 1633 1355 aliud
1664 1312 1758 1355 iure

125 1386 279 1440 scripto
311 1384 446 1442 quoad
484 1397 604 1427 unam
644 1384 705 1427 vel
743 1384 881 1440 plures
915 1383 1028 1440 leges
1061 1397 1259 1441 eoepresse
1292 1389 1516 1432 eoveatur;
1563 1386 1619 1427 uti
1653 1383 1757 1427 solet

126 1456 214 1498 fieri
249 1455 300 1498 de
335 1457 435 1498 iuris
466 1455 596 1498 divini
631 1454 1062 1498 ‹leterminationibus.

246 1526 448 1569 Positivus
481 1528 650 1570 canonis
683 1539 828 1569 sensus
856 1530 938 1568 est:
964 1525 1185 1569 cuiuslibet
1211 1525 1313 1582 legis
1341 1525 1652 1569 ecclesiasticae
1675 1537 1756 1582 qua

124 1596 216 1640 talis
247 1596 480 1640 subiectum
515 1602 575 1640 est
610 1610 781 1653 persona
821 1595 864 1653 a)
905 1596 1041 1640 valide
1088 1595 1303 1652 baptizata,
1349 1596 1384 1649 b)
1424 1609 1540 1639 usum
1588 1598 1756 1639 rationis

125 1672 325 1723 assecuta,
360 1668 397 1724 e)
433 1673 521 1724 post
552 1670 774 1724 septimum
810 1669 956 1711 aetatis
991 1679 1160 1721 annum,
1194 1668 1302 1725 quod
1347 1667 1454 1710 valet
1498 1668 1549 1710 de
1592 1681 1644 1710 ss.
1688 1679 1753 1710 ca-

126 1738 303 1782 nonibus
335 1751 382 1782 ac
417 1740 466 1782 de
502 1738 662 1795 legibus
697 1738 1031 1795 particularibus.
1069 1737 1218 1782 Ultima
1259 1739 1441 1781 conditio
1485 1752 1558 1794 pro
1591 1737 1756 1795 quibus-

125 1809 220 1853 dam
255 1809 415 1866 legibus
450 1823 527 1852 non
562 1814 622 1852 est
655 1811 901 1862 necessaria,
938 1822 1110 1865 nempe:
1146 1809 1312 1862 quando
1335 1811 1393 1853 sic
1417 1812 1620 1866 expressit
1643 1822 1752 1852 com·

126 1884 269 1936 petens
317 1880 537 1937 legislator.
582 1878 830 1937 Ceteroquin
881 1884 963 1923 tres
1012 1879 1105 1922 illae
1154 1880 1414 1923 conditiones
1461 1893 1540 1923 non
1589 1893 1756 1936 semper

125 1951 347 1995 sufficiunt.

244 2022 311 2064 69.
335 2023 543 2074 Quinam
562 2024 773 2068 diversis
787 2024 982 2078 legibus
998 2025 1240 2068 tenentur.
1252 2020 1353 2065 Cum
1375 2022 1604 2065 iurisdictio
1617 2021 1754 2065 Eccle-

123 2094 207 2136 siae
228 2097 366 2148 utpote
399 2092 627 2136 catholicae
653 2092 774 2135 nullis
793 2097 1028 2136 coarctetur
1052 2094 1248 2135 territorii
1273 2091 1485 2146 limitibus,
1503 2091 1556 2136 Ss.
1576 2105 1754 2136 canones

125 2177 222 2207 vere
257 2163 514 2207 universales
547 2163 729 2219 obligant
763 2163 988 2219 baptizatos
1022 2162 1175 2220 ubique
1209 2168 1415 2206 terrarum
1448 2163 1660 2220 degentes.
1684 2164 1750 2207 Sic

123 2233 300 2291 legimus
333 2236 372 2277 in
406 2247 495 2290 cap.
525 2235 539 2277 l
585 2250 605 2275 (c
628 2235 679 2277 de
703 2234 1102 2278 constitutionibus»
1144 2234 1192 2292 (1,
1223 2233 1292 2291 2):
1322 2249 1341 2275 ((
1365 2233 1577 2278 Canonum
1602 2239 1751 2278 statuta

124 2305 410 2348 custodiantur
443 2304 494 2348 ab
527 2305 732 2348 omnibus.
767 2304 815 2347 Et
850 2318 970 2347 nemo
1004 2307 1042 2347 in
1077 2305 1309 2349 actionibus
1346 2305 1408 2348 vel
1441 2305 1604 2348 iudiciis
1626 2305 1754 2348 eccle-

122 2377 298 2419 siasticis
330 2388 403 2418 suo
436 2389 572 2429 sensu,
608 2377 677 2419 sed
714 2389 859 2418 eorum
891 2378 1136 2419 auctoritate
1179 2376 1356 2419 ducatur
1378 2391 1420 2429 J),
1463 2380 1502 2419 et
1545 2377 1583 2418 in
1628 2374 1750 2419 Conc.

123 2445 234 2489 Trid.
268 2448 370 2489 actis
393 2445 407 2467 ²
443 2448 679 2489 invenimus
720 2449 944 2502 scriptum:
995 2448 1169 2489 «sciant
1212 2449 1409 2501 universi,
1454 2448 1752 2489 sacratissimos

123 2529 303 2561 canones
335 2522 480 2560 exacte
512 2517 564 2560 ab
597 2517 801 2571 omnibus,
837 2522 876 2560 et
910 2517 1044 2574 quoad
1081 2519 1170 2560 eius
1209 2519 1295 2561 tieri
1332 2519 1493 2574 poterit,
1519 2517 1752 2560 indistincte

123 2587 467 2632 observandos».
502 2587 750 2631 Accuratius
785 2588 965 2644 loquitur
997 2602 1090 2630 can.
1125 2589 1193 2643 13,
1225 2588 1253 2645 ξ
1286 2591 1320 2631 1.
1347 2587 1526 2645 Leyibus
1544 2586 1752 2645 yenerali-

124 2657 210 2712 bus,
242 2658 306 2716 (ut
337 2663 431 2702 sunt
463 2658 731 2716 quamplures
765 2658 928 2702 Codicis
960 2658 1171 2715 canones),
1214 2659 1406 2702 videlicet
1452 2658 1514 2702 vel
1560 2658 1750 2701 conditae

122 2728 278 2786 absque
311 2731 697 2785 circumscriptione
732 2731 940 2784 territorii,
976 2729 1231 2786 proindeque
1266 2729 1370 2772 latae
1393 2742 1415 2772 a
1439 2728 1623 2772 Romano
1649 2728 1746 2771 Pon-

242 2883 252 2903 ¹
281 2882 327 2915 D.
357 2881 428 2915 Th.
458 2881 543 2922 1-11,
572 2893 606 2926 q.
637 2881 739 2920 XCI,
768 2893 800 2916 a.
827 2882 849 2914 2
875 2893 906 2916 o.
937 2901 982 2907 —
1007 2882 1020 2903 2
1048 2881 1148 2915 Sess.
1179 2881 1288 2915 XXV
1315 2893 1395 2926 cap.
1426 2881 1470 2916 18
1497 2881 1542 2915 de
1568 2880 1637 2915 ref.
