1950 3313
135 143 205 176 240
513 141 597 174 Lnss.
619 162 628 166 -
656 141 692 175 V.
711 141 822 176 PARS
840 141 909 177 ΠΙ.
930 162 943 167 -
961 142 1018 177 De
1030 145 1170 186 poenis
1188 145 1231 177 in
1248 144 1390 177 delicta

136 261 290 306 ligiosus,
308 261 446 307 proprio
472 260 581 295 officio
607 265 640 296 et
667 260 847 296 habilitate
872 261 916 296 ad

133 315 247 344 cetera
287 308 409 347 officia,
447 312 580 353 praeter
620 307 706 342 alias
744 318 917 353 congruas

137 367 262 402 poenas
280 366 300 390 a
319 353 564 401 Superioribus
590 354 820 400 inssigendas;
851 355 916 391 Or-

134 404 293 439 dinarius
320 413 398 438 vero
428 401 557 448 aliique
590 401 720 444 clerici,
748 402 914 444 officium,

135 450 358 490 beneficium,
385 449 604 494 dignitatem,
631 461 761 484 munus
795 449 831 484 in
859 449 919 485 Ec-

135 498 241 533 clesia
278 497 489 541 obtinentes,
517 496 653 532 solvant
691 497 838 543 duplum
872 497 919 533 fa-

139 556 216 580 vore
241 544 407 580 ecclesiae
434 545 485 580 vel
513 543 589 590 piae
619 555 744 580 causae
783 545 916 588 laesae3

137 591 238 628 ceteri
271 591 385 627 clerici
425 591 686 637 suspendantur
710 592 754 627 ad
781 597 919 638 tempus

135 640 180 675 ab
207 638 397 675 Ordinatio
421 638 680 681 definiendum;

233 686 271 721 30
299 684 398 730 Quod
425 685 453 720 si
482 686 738 732 beneplacitum
756 686 919 733 apostoli-

1554 142 1631 178 cam
1644 167 1655 178 .
1680 143 1774 179 2345

990 260 1061 296 sive
1086 261 1286 307 recipiendo
1324 262 1396 297 sive
1432 272 1643 297 consensum
1677 274 1774 308 prae-

990 307 1119 351 bendo,
1137 313 1255 344 manet
1272 313 1447 355 praeterea
1459 310 1774 346 excommunicatio

991 357 1080 390 latae
1106 356 1301 391 sententiae
1328 356 1462 392 nemini
1489 360 1675 392 reservata.

1038 402 1123 438 CAN.
1152 401 1256 438 2348.
1277 424 1293 429 -
1315 402 1382 447 Qui
1410 403 1562 449 legatum
1590 403 1641 439 vel
1669 404 1771 440 dona-

992 449 1122 485 tionem
1149 450 1191 485 ad
1219 461 1341 486 causas
1376 450 1451 497 pias
1480 450 1552 486 sive
1578 455 1656 486 actu
1684 451 1775 487 inter

994 497 1088 533 vivos
1118 497 1190 533 sive
1220 502 1440 540 testamento,
1469 498 1573 534 etiam
1603 509 1662 544 per
1687 498 1774 534 fidu-

992 544 1092 585 ciam,
1112 545 1302 581 obtinuerit
1327 549 1360 581 et
1386 544 1532 592 implere
1550 545 1774 591 negligat,·ab

993 589 1194 637 Ordinatio,
1223 592 1329 628 etiam
1357 603 1417 638 per
1442 603 1641 638 censuram,
1669 593 1713 629 ad
1740 593 1774 629 id

991 644 1147 684 cogatur.

1040 686 1125 722 CAN.
1154 685 1258 722 2349.
1290 708 1307 712 —
1336 686 1547 723 Recusantes
1574 688 1774 733 praestatio-

137 745 227 775 cum,
249 734 283 768 in
305 733 505 769 memoratis
529 734 725 769 canonibus
752 734 919 780 praescri-

140 786 251 828 ptum,
292 780 395 817 fuerit
431 781 582 817 scienter
619 781 917 828 praetermissum,

137 839 260 864 omnes
297 828 418 874 quovis
456 829 558 864 modo
593 839 670 864 reos
703 829 775 864 sive
804 829 920 864 dando

993 744 1055 769 nes
1082 734 1235 779 legitime
1259 734 1394 770 debitas
1427 734 1469 770 ad
1506 745 1667 770 normam
1694 745 1772 772 can.

993 780 1073 834 4333,
1097 783 1118 835 g
1147 782 1176 822 1,
1208 780 1306 823 1507,
1334 781 1495 828 prudenti
1534 781 1679 817 arbitrio
1710 779 1775 818 Or—

990 829 1116 864 dinarn
1147 829 1353 874 puniantur,
1385 829 1495 865 donec
1525 829 1775 866 satisfecerint.

262 973 355 1016 186.
391 975 440 1018 111
473 973 811 1018 defensionem
843 974 1088 1018 bonorum
1122 975 1170 1018 et
1202 973 1376 1018 iurium
1411 974 1661 1018 Ecclesiae
1685 974 1776 1020 Ro-

140 1057 318 1090 manae
351 1043 485 1101 quoad
513 1042 742 1099 temporale
765 1042 996 1086 dominium
1022 1042 1213 1086 conditus
1236 1047 1296 1086 est
1320 1056 1411 1085 ean.
1435 1044 1574 1099 2345,
1601 1047 1643 1086 ut
1667 1047 1777 1100 patet

140 1128 188 1157 ex
225 1118 436 1168 contextu,
471 1114 714 1170 desumptus
746 1126 795 1156 ex
831 1126 869 1156 n.
896 1113 963 1162 12,
987 1113 1015 1171 ἓ
1053 1113 1086 1165 1,
1111 1113 1266 1156 const.·'
1284 1113 1586 1169 «Apostolicae
1609 1113 1727 1157 Sedis
1751 1129 1770 1154 »

141 1185 196 1227 Ρ11
233 1183 300 1240 IX,
335 1186 454 1228 cuius
487 1189 622 1228 textus
659 1189 741 1227 est:
782 1184 1088 1235 «invadentes,
1122 1184 1396 1238 destruentes,
1430 1184 1662 1227 detinentes
1705 1197 1777 1240 per

140 1269 183 1299 sc
219 1255 281 1299 vel
316 1269 389 1312 per
420 1255 521 1298 alios
553 1254 766 1309 Civitates,
800 1254 961 1310 Terras,
997 1255 1085 1299 loca
1120 1260 1188 1298 aut
1222 1257 1310 1298 iura
1345 1255 1394 1298 ad
1429 1254 1658 1299 Ecclesiam
1697 1255 1775 1299 Ro-

143 1340 304 1370 manam
342 1329 611 1387 pertinentia,
649 1326 710 1369 vel
749 1331 1008 1383 usurpantes,
1046 1326 1350 1382 perturbantes,
1376 1328 1600 1370 retinentes
1631 1340 1775 1383 supre-

143 1410 251 1441 mam
287 1397 614 1441 iurisdictionem
651 1400 688 1440 in
723 1399 802 1451 eis,
840 1411 914 1441 nec
948 1411 1026 1440 non
1052 1397 1101 1440 ad
1125 1397 1286 1454 singula
1317 1397 1526 1454 praedicta
1558 1397 1776 1453 auxilium,

141 1468 376 1521 consilium,
410 1469 594 1512 savorem
637 1468 882 1525 praebentes
905 1484 943 1513 ».
981 1494 1033 1500 —-
1069 1468 1128 1511 Ex
1163 1470 1474 1525 comparatione
1516 1467 1638 1511 huius
1680 1481 1775 1511 cum

142 1541 347 1595 praesenti
382 1551 540 1582 canone
572 1538 944 1595 deprehenduntur
979 1539 1173 1582 inductae
1204 1551 1253 1582 ex
1289 1537 1490 1581 industria
1534 1540 1777 1581 omissiones

141 1609 403 1654 delictorum.
442 1607 573 1653 Verba
617 1612 726 1653 enim
766 1610 1070 1658 «invadentes,
1105 1609 1411 1653 destruentes»
1449 1621 1528 1651 non
1570 1611 1776 1652 immerito

142 1685 237 1724 sunt
284 1693 448 1737 pressae
490 1680 666 1736 silentio,
696 1693 744 1723 eo
778 1680 888 1738 quod
922 1684 1161 1737 supponunt
1195 1679 1423 1735 temporale
1458 1679 1688 1722 dominium
1725 1679 1776 1722 de

144 1753 264 1805 lacto,
298 1751 407 1809 quod
453 1751 556 1795 adeo
600 1752 865 1794 imminutum
911 1756 984 1806 est,
1020 1756 1063 1794 ut
1097 1762 1242 1793 revera
1293 1749 1414 1793 bodie
1446 1762 1526 1793 non
1561 1749 1776 1795 habeatur.

146 1821 353 1866 Vocabula
393 1825 696 1878 «usurpantes,
732 1813 1083 1877 perturbantes»,
1117 1823 1311 1878 quamvis
1353 1820 1681 1863 iurisdictionem
1726 1819 1777 1863 de

144 1895 249 1937 facto
283 1898 426 1936 extare
460 1892 677 1949 postulent,
711 1897 892 1936 attamen
928 1892 1211 1935 diversimode
1256 1891 1366 1934 illam
1409 1893 1647 1948 respiciunt,
1682 1903 1774 1934 nam

145 1963 389 2022 perturbare
423 1966 588 2020 proprie
620 1963 773 2007 dicitur
796 1964 847 2007 de
872 1963 1155 2007 iurisdictione
1179 1962 1247 2006 illa
1271 1964 1486 2017 existente,
1511 1975 1587 2005 nec
1610 1962 1659 2005 ad
1685 1974 1776 2005 ean]

146 2036 353 2079 residuam
390 2035 488 2078 illud
527 2034 700 2078 verbum
735 2034 956 2091 specialem
992 2034 1311 2091 applicationem
1337 2037 1615 2090 consequetur
1649 2034 1687 2075 in
1722 2033 1778 2076 fu-

145 2112 283 2150 turum
308 2111 482 2162 tempus,
503 2105 600 2149 dum
627 2105 878 2163 relinquitur
899 2104 1072 2149 verbum
1098 2121 1120 2145 «
1145 2117 1348 2161 usurpans
1371 2119 1411 2159 )),
1429 2103 1538 2160 quod
1559 2107 1774 2146 extensum

145 2178 194 2221 ad
219 2177 369 2221 «bona
404 2182 443 2220 et
476 2179 564 2220 iura
599 2177 648 2220 ad
684 2176 910 2220 Ecclesiam
948 2176 1174 2220 Romanam
1212 2176 1457 2232 pertinentia
1481 2174 1778 2227 »sufficienter
1805 2182 1807 2185 ·

146 2254 320 2306 utraque
355 2249 545 2304 protegit.
579 2247 662 2290 Nec
695 2247 985 2305 delinquentes
1018 2248 1248 2290 accessor-ie
1282 2249 1352 2288 ant
1375 2244 1645 2288 secundarios
1668 2243 1778 2301 (ver-

146 2319 320 2363 botenus
358 2318 547 2375 omissos)
583 2323 776 2374 reputare
809 2322 971 2374 oportet
1003 2317 1210 2371 exclusos,
1248 2331 1269 2357 «
1292 2315 1508 2370 auxilium,
1544 2314 1775 2370 consilium,

143 2392 328 2433 savorem
363 2389 650 2446 praebentes»
689 2387 1026 2446 delinquentibus
1076 2401 1148 2444 per
1192 2388 1500 2443 usurpationem
1537 2390 1607 2429 aut
1639 2386 1777 2428 deten-

144 2463 310 2510 tionem,
336 2473 445 2515 nam,
470 2465 514 2503 ut
536 2460 637 2503 alias
672 2461 920 2514 monuimus,
947 2458 1042 2501 huic
1076 2459 1223 2501 canoni
1258 2457 1551 2514 applicandum
1576 2460 1635 2499 est
1661 2468 1776 2512 prae-

142 2533 342 2587 scriptum
377 2537 484 2574 66118
519 2531 652 2574 22:3¹1.
695 2545 715 2571 c(
739 2530 780 2574 Si
818 2529 955 2586 plures
988 2529 1036 2572 ad
1073 2529 1271 2572 delictum
1321 2527 1645 2584 perpetrandum
1679 2539 1774 2570 con-

142 2603 362 2651 currerint,
388 2601 482 2645 licet
506 2615 612 2644 unus
647 2606 804 2644 tantum
840 2602 877 2643 in
914 2600 1004 2656 lege
1037 2602 1289 2652 nominetur,
1315 2601 1339 2641 ii
1364 2611 1529 2655 quoque
1552 2597 1603 2640 de
1626 2596 1777 2654 quibus

145 2675 181 2715 111
227 2685 313 2716 can.
353 2672 480 2727 2209,
514 2672 571 2729 ἐξ
605 2672 673 2714 1-3
717 2675 925 2725 tenentur,
958 2672 1033 2714 nisi
1085 2670 1148 2713 lex
1198 2669 1308 2713 aliud
1360 2681 1556 2725 expresse
1602 2669 1777 2721 caverit,

143 2743 287 2786 eadem
324 2755 517 2799 poena».
552 2742 633 2785 Lex
673 2755 769 2785 vero
804 2754 998 2798 praesens
1036 2756 1058 2782 c<
1081 2740 1190 2783 aliud
1228 2752 1423 2796 expresse
1454 2741 1566 2792 (non)
1593 2742 1774 2781 cavet».

261 2814 496 2857 Secundum
542 2826 641 2869 ergo
687 2812 792 2856 hauc
835 2817 1084 2868 postremam
1128 2823 1314 2854 normam
1359 2810 1506 2865 damus
1551 2809 1777 2865 praesentis

143 2886 314 2927 canonis
358 2886 757 2941 interpretationem.
796 2882 1017 2926 Videlicet:
1059 2880 1334 2940 Usm‘pante's,
1366 2883 1451 2938 qui,
1496 2892 1643 2936 nempe
1681 2894 1702 2919 (‹
1725 2877 1776 2922 ab
