1950 3313
179 133 248 166 ‘252
549 130 633 163 [ΑΒ.
655 130 699 164 V.
725 150 737 155 -
760 130 867 164 PARS
885 130 956 164 ΙΙΙ.
975 151 987 155 -
1007 131 1063 166 De
1075 134 1213 176 poenis
1232 134 1274 166 in
1291 132 1432 166 delicta
1593 131 1685 166 Can.
1702 129 1805 167 '2351
1874 121 1876 124 ¹
1941 111 1947 121 A

302 248 393 291 193.
431 251 480 293 ln
513 249 678 293 odium
710 250 998 303 duellorum,
1035 262 1116 307 quo
1165 249 1464 293 «detestabilis
1505 262 1647 293 eorum
1693 263 1809 303 usus,

180 319 405 363 fabricante
437 318 614 373 diabolo,
651 319 924 371 introductus,
959 324 1001 363 ut
1033 325 1204 364 cruenta
1237 333 1459 377 corporum
1497 325 1626 364 morte
1650 322 1809 364 anima-

180 405 267 434 rum
302 393 423 433 etiam
467 391 690 445 perniciem
736 390 934 445 lucretur,
974 404 1024 434 ex
1065 390 1290 435 christiano
1334 390 1433 434 orbe
1478 393 1640 448 penitus
1681 394 1805 435 extir-

180 467 297 518 petur
319 476 358 515 >),
393 460 747 518 quemadmodum
783 462 906 506 Conc.
940 460 1050 505 Trid.
1086 461 1229 516 voluit,
1265 463 1276 484 ¹
1311 461 1448 505 Codex
1486 464 1632 505 retinet
1657 475 1811 519 poenas
1880 496 1890 522 4

178 532 329 575 ibidem
364 535 550 574 statutas.
585 530 743 575 Ibidem
780 531 953 587 legitur:
994 548 1014 574 ((
1037 534 1069 576 si
1105 535 1142 575 in
1178 535 1265 589 ipso
1299 533 1493 576 conflictu
1539 533 1810 587 decesserint,

178 606 346 646 careant
378 601 657 645 ecclesiastica
692 602 905 659 sepultura
929 618 968 648 ».
1003 603 1119 647 Hanc
1143 616 1316 660 poenam
1340 603 1489 647 Bened.
1511 603 1600 647 XlV
1621 606 1806 648 inconst.

182 690 201 714 «
231 672 519 717 Detestabilem
544 689 564 714 »
603 673 617 694 ²
650 676 901 730 aggravavit
938 677 1125 732 sequenti
1166 674 1302 729 modo,
1336 688 1507 731 nempe:
1546 691 1569 716 «
1593 677 1805 718 incurren-

178 745 271 788 dam
309 749 507 801 perpetuo
542 746 640 797 fore,
676 747 798 788 etiam
834 750 928 788 ante
961 748 1205 788 sententiam
1232 746 1393 800 iudicis,
1415 758 1436 789 a
1460 746 1689 789 decedente
1712 759 1808 804 quo-

177 828 257 873 que
290 819 405 858 extra
439 815 575 859 locum
609 816 826 859 conflictus
859 829 907 859 ex
937 816 1111 859 vulnere
1133 815 1285 859 ibidem
1310 821 1495 873 accepto,
1513 819 1602 860 sive
1621 817 1806 860 duellum

180 885 357 942 publice,
390 888 479 929 sive
514 889 705 943 privatim
744 887 942 930 indictum
978 888 1113 940 fuerit,
1147 899 1194 930 ac
1227 889 1386 930 etiamsi
1431 887 1670 931 vulneratus
1712 893 1810 931 ante

180 961 353 1000 mortem
389 971 467 1000 non
505 960 658 1001 incerta
694 959 971 1014 poenitentiae
1004 959 1120 1014 signa
1154 958 1329 1011 dederit,
1363 963 1487 1015 atque
1520 971 1540 1001 3
1568 960 1746 1014 peccatis
1769 963 1808 1001 et

178 1029 365 1071 censuris
397 1027 696 1071 absolutionem
732 1027 957 1071 obtinuerit
980 1044 1017 1071 ›).
1044 1027 1159 1072 Hanc
1186 1033 1432 1085 postremam
1457 1030 1722 1072 severitatem
1747 1042 1812 1072 su-

178 1097 291 1141 stulit
317 1112 406 1140 can.
439 1100 573 1153 2351,
608 1099 707 1142 dum
742 1101 795 1142 ita
822 1101 965 1155 incipit
983 1101 1008 1153 g
1025 1101 1061 1141 1.
1081 1099 1254 1142 Servate
1275 1099 1540 1157 praescripto
1564 1113 1654 1142 can.
1676 1102 1816 1154 1240,

178 1167 205 1226 ἓ
238 1171 273 1221 1,
307 1183 345 1212 η.
380 1170 442 1212 40.
479 1168 534 1213 lbi
570 1172 677 1212 enim
719 1170 1042 1213 «ecclesiastica
1075 1170 1286 1226 sepultura
1323 1172 1558 1226 privantur:
1595 1173 1743 1214 mortui
1770 1173 1807 1213 in

180 1240 318 1283 duello
351 1245 421 1284 aut
453 1254 501 1284 ex
542 1241 713 1284 vulnere
748 1242 842 1285 inde
876 1241 1005 1284 relato
1028 1257 1068 1297 ›),
1101 1241 1173 1284 sed
1207 1241 1363 1299 absque
1397 1241 1639 1285 limitatione
1680 1244 1808 1298 posita

179 1312 252 1354 suit
280 1311 486 1368 generalis
519 1315 731 1368 exceptio:
767 1315 843 1356 nisi
877 1318 971 1356 ante
1004 1317 1178 1356 mortem
1213 1312 1350 1370 aliqua
1384 1315 1660 1370 poenitentiae
1692 1316 1810 1369 signa

179 1382 367 1425 dederint
392 1398 429 1426 ›).

297 1453 529 1511 Antequam
566 1454 738 1498 ulterius
781 1457 819 1497 in
855 1457 1154 1498 commentario
1200 1454 1486 1511 procedamus,
1525 1454 1684 1512 aliquas
1735 1468 1805 1498 uo-

138 1526 310 1568 .tiones
357 1530 519 1580 oportet
567 1527 832 1582 praemittere
874 1525 1073 1569 claritatis
1124 1538 1261 1568 causa.
1308 1524 1496 1568 Duellum
1540 1539 1612 1569 seu
1658 1539 1812 1569 mono-

182 1596 340 1640 machia
375 1601 436 1640 est
474 1596 726 1653 «singulare
769 1601 978 1641 certamen
1023 1611 1073 1640 ex
1119 1601 1292 1654 utraque
1332 1602 1446 1653 parte
1489 1602 1633 1653 sponte
1676 1601 1715 1640 et
1756 1610 1806 1641 ex

177 1667 368 1711 condicto
400 1672 636 1724 susceptum
664 1684 700 1712 ».
737 1667 751 1689 ³
788 1667 996 1711 Dividitur
1028 1671 1067 1711 in
1102 1667 1315 1725 publicum
1348 1672 1387 1711 et
1423 1669 1629 1724 privatum
1659 1681 1805 1711 secun-

180 1738 277 1781 dnm
315 1738 441 1782 verba
473 1738 595 1796 Greg.
632 1738 724 1782 Xlll
758 1741 796 1782 in
830 1743 959 1783 const.
998 1739 1104 1782 «Ad
1141 1738 1411 1782 tollendum»
1451 1739 1489 1782 ⁴:
1529 1754 1549 1780 ι(
1573 1738 1697 1784 Nos...
1717 1752 1811 1782 con-

179 1809 409 1853 siderantes
441 1810 626 1853 duellum
668 1813 876 1867 privatum
922 1823 1000 1853 non
1046 1812 1182 1853 minus
1220 1814 1439 1853 cruentum
1483 1814 1523 1853 et
1565 1812 1728 1853 animae
1772 1816 1811 1853 et

180 1883 365 1936 corporis
399 1882 566 1924 noxium
603 1895 706 1935 esse,
740 1894 866 1939 quam
899 1881 1007 1939 quod
1051 1880 1213 1937 publice
1255 1885 1532 1937 perpetratur,
1565 1883 1812 1925 auctoritate

181 1951 311 2007 apica.
344 1954 564 1995 statuimus
598 1965 741 1996 omnes
774 1952 863 1995 illos
896 1954 964 2010 qui
1000 1966 1048 1995 ex
1084 1952 1290 2006 condicto,
1323 1957 1474 1995 statuto
1500 1957 1684 2008 tempore
1708 1956 1748 1995 et
1772 1955 1811 1995 in

183 2021 270 2065 loco
303 2028 522 2079 convento,
557 2023 888 2067 monomachiam
924 2026 1221 2073 commiserint,
1254 2026 1441 2080 (nempe:
1468 2025 1674 2080 privatum
1699 2023 1813 2066 duel-

184 2092 295 2148 lum),
329 2095 452 2136 etiam
487 2097 518 2137 si
554 2094 653 2137 nulli
690 2096 838 2150 patrini
873 2096 1059 2151 sociique
1093 2094 1141 2137 ad
1179 2094 1216 2136 id
1255 2096 1388 2137 vocati
1422 2094 1586 2148 fuerint⁷
1621 2107 1696 2137 nec
1731 2093 1807 2137 loci

181 2166 382 2207 securitas
415 2164 568 2215 habita,
601 2164 794 2208 nullaeve
831 2163 1338 2221 provocatoriaelitterae
1370 2169 1439 2207 ant
1478 2164 1811 2208 denunciationis

182 2234 395 2278 chartulae
428 2238 743 2292 praecesserint,
776 2238 963 2279 censuris
995 2241 1035 2279 et
1067 2237 1208 2292 poenis
1240 2234 1432 2278 omnibus
1455 2248 1476 2278 a
1499 2235 1609 2279 dicto
1633 2235 1810 2279 concilio

184 2307 401 2361 propositis
435 2308 578 2355 teneri,
615 2306 784 2362 perinde
816 2319 863 2349 ac
895 2308 926 2349 si
964 2305 1128 2362 publico
1161 2310 1202 2349 et
1224 2311 1419 2349 consueto
1442 2305 1572 2349 abusu
1597 2312 1807 2350 certamen

182 2378 398 2419 inivissent
419 2392 460 2419 ».

299 2447 670 2491 Animadvertatur
703 2461 868 2505 quoque
901 2460 1070 2491 manere
1104 2461 1212 2491 nunc
1250 2449 1288 2490 in
1338 2449 1480 2504 vigore
1523 2448 1810 2491 damnationes

180 2520 452 2562 assertionum
489 2521 527 2561 in
563 2518 639 2562 hac
673 2521 842 2562 materia
881 2518 1060 2575 prolatas
1093 2531 1114 2562 3
1147 2519 1213 2563 SS.
1243 2519 1509 2563 Pontificibus
1533 2519 1649 2562 Alex.
1680 2517 1809 2562 vitet

181 2589 317 2632 lnnoc.
353 2588 419 2644 XI,
453 2602 555 2647 quas
590 2590 713 2633 refert
736 2590 886 2633 Bened.
912 2589 1003 2632 XlV
1030 2592 1068 2633 in
1096 2592 1183 2633 eius
1208 2595 1335 2633 const.
1367 2605 1385 2630 «
1412 2589 1704 2633 Detestabilem
1728 2605 1749 2631 »
1779 2589 1808 2645 ⁵,

182 2673 339 2704 necnon
374 2661 680 2704 damnationem
715 2665 755 2704 et
789 2663 1130 2717 proscriptionem
1166 2663 1348 2718 quinque
1384 2662 1708 2717 propositionum
1753 2659 1807 2702 ibi

299 2791 309 2812 1
338 2789 432 2835 Cap.
462 2791 518 2831 19,
547 2802 641 2824 sess.
671 2790 796 2831 XXV,
822 2790 868 2824 de
895 2789 980 2824 Rei.
1011 2809 1054 2816 —
1079 2790 1093 2812 2
1123 2790 1165 2823 10
1191 2790 1289 2824 Nov.
1323 2791 1423 2832 1752,
1453 2793 1471 2831 5
1498 2790 1531 2824 9.
1569 2809 1611 2814 —
1639 2789 1652 2810 3
1678 2788 1803 2822 Santi.

180 2837 597 2927 lf÷·}{leggi}ng{‚5Lib.
628 2838 673 2881 V,
702 2838 767 2872 tit.
798 2837 901 2878 XtV,
928 2849 966 2871 n.
991 2840 1022 2870 1.
1046 2857 1087 2862 -
1107 2839 1120 2858 ⁴
1147 2838 1168 2871 5
1195 2837 1405 2881 De0.185·2,
1428 2841 1446 2878 ξ
1470 2841 1497 2871 1.
1526 2857 1568 2862 ——-
1596 2837 1608 2858 5
1638 2836 1680 2869 10
1706 2835 1804 2870 Nov.
