1950 3313
699 170 783 205 ΤιΤ.
813 171 846 205 V
884 191 895 197 -
922 171 979 207 De
999 172 1221 216 privileyiis
1707 173 1773 208 161

145 288 418 350 munitatibus
450 289 671 346 gaudeant,
706 289 857 347 quibus
890 290 1071 346 gaudent
1103 291 1315 335 studentes
1348 293 1386 334 in
1419 291 1585 346 scholis,
1610 291 1677 336 ubi
1703 306 1771 350 ge-

143 359 283 404 nerale
317 362 475 417 regitur
497 359 740 404 studium...
765 377 804 402 ».

261 428 465 483 Quamvis
497 430 547 474 ad
584 433 951 487 praescriptionem
987 432 1302 489 privilegiorum
1348 433 1464 490 plura
1490 436 1772 491 requiruntur,

140 505 322 545 attamen
360 514 486 544 unum
519 514 569 544 ex
605 504 812 559 requisitis
856 516 1003 559 nempe
1048 506 1250 559 possessio
1292 505 1515 548 secumfert
1547 505 1771 562 quamdam

142 573 520 628 praesumptionem
556 571 726 616 alterius
758 575 981 617 securioris
1013 576 1355 630 originisiurium
1388 587 1494 632 quae
1526 580 1621 618 sunt
1644 578 1770 632 privi-

141 642 235 699 legii
270 641 445 686 obiecta.
479 642 567 686 Hoc
601 644 726 687 edicit
757 646 785 701 g
816 647 860 687 3.
898 643 1130 698 Possessio,
1162 648 1251 688 sive
1276 659 1373 689 usus
1406 648 1457 689 sit
1489 646 1664 690 alicuius
1698 649 1770 701 rei,

136 716 228 756 sive
261 715 507 756 exercitium
543 716 642 757 iuris
676 714 864 769 alicuius,
907 717 996 758 sive
1041 715 1209 759 libertas
1242 716 1292 760 ab
1325 716 1462 775 aliqua
1503 717 1767 774 obligatione,

136 785 365 828 dummodo
404 786 647 828 centenaria
672 786 724 830 ob
756 791 1009 830 transactum
1044 787 1188 830 saltem
1225 788 1323 831 illud
1349 793 1526 845 tempus3
1553 789 1613 832 rel
1634 789 1770 832 imme-

137 854 358 898 morabilis
391 869 438 899 eo
472 857 579 913 quod
617 859 776 900 initium
813 857 1047 901 declaratae
1078 860 1345 914 possessionis
1369 860 1511 916 etl'ugit
1537 863 1768 904 viventium

137 929 381 970 memoriam
416 927 553 970 adhuc
586 930 696 971 circa
730 928 906 971 aliorum
943 932 1104 972 notitias
1140 935 1352 986 receptas:
1390 930 1625 974 huiusmodi
1670 945 1768 988 ergo

140 1013 159 1038 ((
186 1000 387 1053 possessio
407 1014 426 1038 ))
450 997 613 1041 indm-it
633 999 1017 1057 praesmnptionem
1044 1016 1063 1040 ((
1085 1002 1184 1043 iuris
1201 1000 1483 1057 simpliciter»
1511 1001 1620 1058 (can.
1642 1002 1766 1046 18025.

133 1071 159 1123 ἓ
195 1069 238 1125 2)
271 1074 412 1112 contra
447 1082 572 1127 qnam
613 1070 889 1113 «admittitur
924 1070 1111 1127 probatio
1132 1076 1218 1114 tum
1237 1071 1394 1115 directa
1416 1077 1503 1115 tum
1521 1073 1722 1117 indirecta
1742 1090 1760 1115 ))

135 1140 244 1197 (can.
286 1140 428 1197 1826),
462 1153 509 1184 ac
542 1143 631 1183 eius
664 1140 871 1184 obiectum
897 1146 955 1184 est
980 1144 1096 1198 origo
1121 1143 1304 1185 concessi
1327 1156 1476 1199 nempe
1500 1143 1655 1187 directe
1676 1145 1764 1201 pri-

134 1210 280 1268 w'leyii
313 1213 533 1254 necessarii
560 1216 601 1254 ut
628 1211 763 1255 valida
790 1212 982 1269 licitaque
1006 1215 1057 1255 sit
1082 1214 1292 1268 praedicta
1333 1229 1351 1254 «
1379 1217 1581 1271 possessio
1606 1232 1644 1258 J).

256 1282 352 1325 132.
389 1284 856 1329 Communicationis
890 1286 1260 1341 privilegiorum
1287 1288 1525 1331 canonica
1548 1289 1622 1332 vis
1645 1300 1768 1343 expo-

132 1355 243 1396 nitur
276 1355 313 1395 in
350 1367 440 1395 ean.
475 1356 550 1398 (54.
596 1352 676 1396 Per
719 1355 1135 1398 eommzmieationem
1179 1355 1501 1413 privileqiornm
1542 1370 1562 1400 a
1598 1371 1762 1415 compe-

129 1429 239 1467 tente
273 1427 518 1468 auctoritate
551 1437 790 1469 concessam
831 1438 878 1469 ac
913 1428 950 1468 in
985 1438 1074 1469 can.
1111 1439 1247 1483 praec.
1280 1427 1543 1483 explicatam,
1588 1434 1625 1471 et
1669 1442 1761 1472 cum

127 1498 452 1539 communicatio
486 1509 574 1539 esse
608 1501 745 1554 queat,
779 1501 865 1539 tum
902 1499 940 1539 in
976 1498 1104 1541 forma
1130 1501 1360 1541 accessoria
1384 1512 1456 1542 seu
1480 1499 1763 1555 dependenter

127 1566 180 1609 ab
214 1568 262 1608 iis
296 1566 527 1622 privilegiis
559 1567 717 1611 directe
751 1570 970 1617 concessis,
1005 1573 1090 1611 tum
1127 1571 1164 1611 in
1201 1570 1330 1612 torma
1365 1582 1496 1627 aeque
1531 1571 1761 1628 principali,

128 1650 178 1680 eo
211 1637 320 1694 quod
355 1636 406 1680 ab
441 1637 520 1680 illis
554 1640 592 1680 in
627 1641 944 1682 conservatione
978 1653 1056 1682 non
1088 1640 1277 1696 pendeat,
1304 1653 1409 1698 quae
1445 1644 1481 1683 in
1519 1640 1595 1685 hoc
1630 1645 1762 1699 potior

128 1712 187 1750 est
223 1712 266 1750 ut
300 1713 423 1764 patet,
459 1713 597 1751 monet
630 1714 861 1765 opportune
895 1723 1040 1765 canon,
1075 1711 1202 1753 etiam
1226 1711 1267 1753 in
1292 1710 1430 1769 ferma
1457 1726 1586 1770 aeque
1605 1713 1762 1770 prinei-

127 1778 232 1836 palL
276 1792 324 1821 ea
350 1784 510 1822 tantum
533 1779 762 1837 privileqia
798 1783 875 1824 iam
912 1794 1107 1825 concessa
1131 1781 1195 1825 vel
1214 1783 1480 1827 concedenda
1502 1797 1574 1839 pro
1594 1784 1760 1828 ‹lix-erso

131 1852 521 1893 communicationis
562 1855 700 1894 tenore
731 1851 946 1908 impertita
986 1857 1208 1894 censentur
1239 1854 1341 1908 iure,
1376 1867 1483 1911 qnae
1513 1854 1554 1910 a)
1588 1853 1757 1899 directe,

130 1934 208 1963 non
243 1921 334 1964 aliis
368 1921 499 1965 tribus
543 1922 676 1965 modis
719 1924 756 1965 in
803 1936 894 1966 can.
929 1936 1065 1979 praec.
1101 1925 1326 1978 recensitis,
1362 1923 1405 1981 b)
1435 1930 1652 1981 perpetuo,
1685 1939 1757 1969 seu

129 2004 236 2048 quae
269 1994 411 2035 stricto
444 2006 565 2036 sensu
612 1993 830 2050 privilegia
876 1998 983 2049 sunt,
1019 1993 1058 2050 c)
1093 1999 1131 2036 et
1164 1994 1255 2036 sine
1286 1994 1463 2048 speciali
1496 1994 1547 2038 ob
1579 1998 1756 2039 circum-

125 2065 297 2106 stantias
330 2062 539 2106 relatione
576 2063 631 2107 ad
664 2069 819 2107 certum
855 2078 903 2108 ex
940 2065 1285 2108 determinatione
1326 2066 1578 2122 singularem
1623 2067 1754 2111 locum

128 2147 165 2174 v.
201 2147 262 2190 gr.
299 2133 531 2182 ecclesiam,
568 2140 641 2177 ant
676 2148 758 2177 rem
798 2149 834 2178 v.
860 2146 922 2191 gr.
947 2138 1169 2192 imaginem
1196 2136 1392 2192 peculiari
1418 2137 1640 2181 devotione
1665 2152 1755 2194 pro-

125 2209 362 2261 sequutam‚
395 2210 469 2247 (tut
494 2218 725 2263 personam
759 2205 972 2263 physicam
1011 2206 1075 2249 vel
1111 2206 1324 2261 moralem,
1355 2221 1548 2250 concessa
1581 2208 1755 2266 fuerant

120 2274 260 2332 primo
292 2275 360 2330 (ex
395 2289 476 2333 quo
510 2276 890 2334 conununicantur)
907 2276 1220 2335 privileytarto,
1245 2283 1385 2334 utpote
1412 2278 1573 2321 illorum
1598 2279 1754 2323 directe

123 2358 416 2389 concessorum
451 2347 652 2401 subiecto,
686 2347 730 2405 d)
751 2347 894 2391 habita
928 2348 1053 2390 etiam
1090 2348 1269 2401 ratione,
1298 2361 1348 2392 an
1372 2349 1529 2393 scilicet
1562 2354 1751 2407 componi

124 2423 278 2473 queant
310 2431 404 2461 cum
439 2424 599 2465 natura.
634 2433 704 2463 sen
741 2425 782 2463 ut
817 2422 1012 2476 exprimit
1036 2432 1166 2463 canon
1202 2420 1455 2478 capacitatis
1488 2420 1673 2467 subiecti,
1702 2435 1751 2465 ne

125 2486 219 2530 huic
255 2492 297 2530 ut
331 2489 550 2546 privilegia
583 2496 830 2547 repugnent,
865 2491 932 2533 etei
965 2491 1008 2547 fit
1043 2504 1187 2534 eorum
1212 2504 1335 2548 supra
1361 2491 1564 2535 dictorum
1589 2492 1665 2535 sul)
1690 2493 1751 2535 lit-

125 2559 223 2600 teris
254 2558 294 2615 a)
331 2558 374 2616 b)
407 2559 447 2616 c)
481 2562 843 2610 commemieatio„

243 2627 338 2671 133.
362 2630 828 2678 Communicationis
853 2635 1222 2690 privilegiorum
1246 2635 1422 2679 divisio
1447 2636 1611 2690 quoad
1630 2636 1747 2679 iuris

121 2700 331 2745 effectus
364 2701 636 2744 confirmatur
669 2705 791 2746 etiam
827 2704 960 2760 quoad
1000 2703 1126 2747 rerba
1149 2704 1377 2746 secundum
1409 2704 1662 2759 praecedens
1687 2706 1746 2746 ius

121 2772 159 2812 in
195 2783 285 2811 ean.
319 2771 394 2814 65.
434 2770 531 2813 Cum
573 2772 803 2829 prim'leyia
848 2774 1130 2831 acquiruntur
1166 2787 1243 2830 per
1275 2773 1687 2816 communirationem
1723 2786 1743 2816 a

120 2841 342 2897 Super-iore
375 2846 635 2897 competente
670 2856 742 2898 per
774 2844 1069 2887 documentum
1106 2849 1320 2887 exaratum
1362 2844 1401 2885 in
1436 2843 1574 2900 fot-nm
1609 2858 1742 2885 aeres-

286 2930 381 2958 BLAT
404 2946 422 2951 -
448 2931 568 2958 Contm.
601 2932 684 2959 Tem.
710 2932 785 2960 Cori.
808 2931 879 2961 Iur.
906 2934 987 2961 Gan.
1624 2934 1657 2960 ll
