1950 3313
119 161 214 197 Can.
240 160 332 196 2257
525 142 608 194 T'nn
634 157 743 193 VIII.
764 178 776 183 -
795 158 852 193 De
872 161 1012 202 poenis
1037 158 1338 193 medicinalibus
1682 164 1740 195 125·

123 282 412 325 municationis
435 280 606 323 effectus
628 291 727 334 ergo
751 281 846 320 sunt
869 289 966 333 erga
993 279 1147 333 primos
1172 277 1464 333 prohibitiones
1487 279 1742 322 solummodo

121 357 303 401 actuum,
339 351 473 408 quoad
509 350 611 394 alios
646 347 945 406 prohibitiones
977 347 1081 391 aliae
1115 348 1335 398 adduntur„
1358 351 1436 391 imo
1471 349 1742 393 inliahilitatvs

120 436 168 467 ac
203 424 452 466 irritationes
485 426 651 465 actuum
686 419 983 473 decernuntur,
1020 421 1071 461 ita
1108 423 1147 461 ut
1186 419 1336 462 vitandi
1371 422 1478 462 omni
1522 422 1739 464 etl'ectnuin

119 497 342 539 severitate
377 492 666 549 percellantur.

238 564 301 608 Ad
337 563 656 607 elucidationem
692 562 813 606 datae
848 562 1024 619 notionis
1059 563 1173 603 iuvat
1216 561 1435 615 damnatio,
1480 576 1583 619 qnae
1628 565 1738 605 inti·-

122 638 233 680 nitur
267 638 305 678 in
342 634 454 678 Bulla
495 650 515 676 <r
543 634 766 678 Auctorem
803 633 897 676 fidei
921 647 944 673 ))
984 632 995 653 ¹
1034 632 1088 675 Pii
1124 632 1196 675 PP.
1233 630 1293 674 Vl.
1324 631 1531 676 Videlicet:
1563 649 1579 673 α
1608 633 1739 676 xtA't.

123 707 349 764 Propositio
383 718 587 755 asserens,
621 704 812 748 ellectum
847 704 1290 746 excommunicationis
1332 706 1576 746 exteriorem
1623 704 1738 746 ‹lum-

122 783 233 822 taxat
267 790 369 827 esse,
404 778 500 834 quia
532 774 819 819 tantummodo
854 777 999 817 natura
1031 785 1104 819 sua
1138 772 1321 817 excludit
1344 772 1393 816 ah
1417 776 1617 816 exteriore
1636 788 1741 817 com-

119 851 396 893 municatione
446 846 667 897 Ecclesiae,
712 871 765 876 —
800 845 925 900 Quasi
975 846 1350 888 excommunicatio
1399 857 1474 886 non
1518 846 1567 886 sit
1613 858 1736 900 poena

119 919 359 977 spiritualis,
394 918 527 975 ligans
574 919 612 960 in
647 916 776 971 coelo,
810 917 969 959 animas
1002 914 1204 972 obligans,
1238 941 1289 945 »-
1326 914 1451 964 Falsa.
1502 918 1740 970 perniciosa,

120 993 158 1034 in
193 995 268 1034 art.
307 990 359 1033 ⁶23
393 988 559 1032 Lutheri
594 988 802 1042 damnata,
837 987 887 1030 ad
923 989 1058 1030 minus
1090 999 1326 1029 erronea».

239 1060 367 1106 Clem.
404 1059 436 1102 V
471 1062 508 1102 in
554 1058 676 1104 Conc.
716 1057 934 1102 Viennensi
981 1060 1123 1101 statuit
1149 1057 1184 1099 2;
1239 1059 1321 1099 «in
1372 1056 1450 1100 illis
1492 1056 1652 1100 casibus
1693 1063 1741 1099 de

120 1134 358 1190 praedictis,
393 1134 430 1174 in
474 1129 625 1188 quibus
657 1131 1132 1173 excommunicationem
1180 1142 1250 1185 per
1294 1131 1372 1171 iani
1407 1128 1536 1171 editos
1568 1142 1742 1171 canones

123 1203 310 1262 (aliquis)
362 1216 440 1246 non
485 1201 657 1254 subiret,
691 1203 743 1244 sit
790 1200 912 1244 huius
961 1205 1124 1243 nostrae
1157 1201 1458 1243 constitutionis
1505 1201 1743 1242 auctoritate

121 1276 220 1333 (non
255 1274 442 1318 obstante
490 1285 756 1330 quacumque
798 1271 1114 1326 consuetudine,
1147 1284 1269 1328 quam
1321 1275 1557 1327 reputamus
1599 1282 1742 1325 appro-

124 1346 246 1391 bante
279 1358 397 1389 sacro
430 1343 606 1388 concilio
641 1345 776 1400 potius
798 1341 1097 1399 corruptelam)
1121 1341 1395 1386 anathematis
1429 1354 1621 1383 mucrone
1657 1353 1742 1396 per-

119 1431 278 1471 cussus,
313 1428 451 1474 aquo
486 1419 678 1472 nequeat,
712 1416 787 1457 nisi
823 1427 895 1470 per
928 1414 966 1457 S.
1003 1413 1114 1456 Pont.
1152 1412 1461 1470 (praeterquam
1502 1414 1538 1454 in
1574 1410 1744 1454 articulo

120 1489 282 1545 mortis)
318 1487 538 1531 absolvi».
564 1485 699 1543 Atque
723 1484 845 1529 Couc.
870 1483 1015 1527 T1·id.³
1050 1489 1264 1541 postquam
1300 1483 1563 1526 ‹teci-exerat:
1592 1482 1745 1524 iudices

119 1558 389 1604 ecclesiastici
429 1557 706 1602 «abstineant
738 1570 781 1600 se
825 1562 905 1599 tam
953 1558 989 1598 in
1037 1555 1312 1612 procedendo,
1345 1568 1467 1612 quam
1512 1552 1743 1596 deliniendo

120 1631 180 1687 (in
223 1629 473 1688 quibusdam
519 1627 688 1686 causis),
721 1641 742 1671 a
787 1629 973 1672 censuris
1015 1627 1320 1680 ecclesiasticis,
1352 1639 1422 1668 seu
1468 1625 1742 1669 interdicto»,

121 1704 329 1758 quamvis,
364 1704 402 1744 in
427 1702 574 1758 capitis
607 1702 722 1743 initio
746 1699 920 1743 dixerit:
959 1715 980 1739 ((
1003 1698 1443 1741 excommunicationis
1475 1695 1635 1751 gladius
1659 1708 1742 1736 ncr-

125 1786 200 1816 vus
222 1775 272 1816 sit
306 1772 612 1816 ecclesiasticae
635 1770 892 1828 disciplinae,
916 1776 952 1813 ct
978 1770 1026 1813 ad
1053 1769 1323 1813 continendos
1357 1769 1392 1810 in
1418 1768 1549 1808 otlicio
1576 1764 1743 1820 populos

125 1844 249 1888 valde
282 1843 475 1887 salutaris
497 1859 538 1898 ›>‚
572 1844 678 1887 infra
710 1845 769 1886 sic
804 1842 985 1899 loquitur
1017 1842 1068 1884 de
1100 1841 1347 1896 supradictis
1379 1840 1533 1881 causis:
1583 1852 1602 1876 «
1626 1834 1741 1887 Quod

121 1918 153 1959 si
188 1917 380 1959 executio
414 1915 548 1965 realis,
586 1913 648 1957 vel
683 1913 911 1971 personalis
943 1913 1144 1956 adversus
1179 1924 1267 1953 reos
1315 1909 1389 1952 hac
1426 1910 1579 1951 rationo
1612 1907 1743 1962 (prins

124 1985 179 2030 ibi
214 1985 363 2043 posita)
389 1987 476 2029 lieri
512 1999 591 2029 non
627 1987 798 2042 poterit3
831 1987 963 2041 sitque
987 1995 1083 2039 erga
1119 1981 1294 2024 iudicem
1330 1980 1611 2023 contumacia:
1648 1982 1740 2019 tunc

122 2071 193 2101 eos
226 2059 349 2101 etiam
385 2056 660 2100 anathematis
703 2069 916 2109 mucrone,
948 2053 1118 2097 arbitrio
1149 2066 1234 2094 suo.
1270 2055 1430 2107 praeter
1462 2048 1562 2091 alias
1595 2060 1744 2103 poenas

122 2130 247 2172 ferire
283 2130 491 2184 poterit»,
516 2154 573 2159 —
599 2128 768 2184 Propter
801 2139 848 2171 ea
884 2131 993 2170 recte
1026 2127 1081 2168 ait
1114 2127 1137 2178 ,ξ
1169 2125 1200 2165 2
1231 2123 1281 2165 de
1305 2120 1741 2164 excommunicatione.

126 2198 293 2243 Dicitur
324 2212 485 2257 quoque
516 2198 757 2254 atramenta,
784 2212 820 2240 v.
841 2212 900 2254 gr.
927 2199 964 2239 iu
990 2193 1298 2239 definitionibus
1330 2191 1572 2247 dogmaticis
1596 2202 1642 2231 cx
1671 2202 1741 2231 usu

122 2272 435 2328 antiquissimo:
476 2285 495 2311 c<
519 2270 558 2313 Si
593 2272 685 2327 quis
718 2270 913 2313 dixerit...
947 2267 1042 2325 (hoc
1078 2266 1139 2309 vel
1187 2263 1346 2320 illud)...
1381 2260 1597 2305 anathema
1632 2261 1679 2301 sit
1703 2275 1743 2311 »,

124 2341 251 2385 idest:
290 2340 402 2384 velut
434 2339 669 2384 haereticus
701 2342 753 2383 sit
785 2340 1184 2385 excommunicatus
1218 2334 1286 2378 sed
1320 2331 1566 2391 praesertim
1603 2332 1640 2371 in
1685 2329 1742 2371 di-

123 2411 296 2468 sciplina
330 2413 389 2455 sic
435 2411 752 2468 appellatur‚·si
783 2424 873 2453 cvm«
915 2406 1266 2452 sellemnitatibus
1309 2409 1570 2447 externarum
1606 2412 1741 2443 caerc-

125 2483 358 2525 moniarum
393 2482 620 2540 inlliqatur
651 2481 704 2525 ah
735 2481 915 2534 homino,
951 2493 1056 2536 qnae
1090 2478 1129 2520 in
1169 2474 1403 2531 Potuisti-uli
1435 2472 1618 2515 [tonmno
1651 2482 1741 2511 cnm

124 2552 313 2595 formulis
346 2565 514 2610 quoque
548 2552 808 2608 adhibendis,
841 2550 1135 2594 describantur
1165 2546 1240 2590 suh
1288 2544 1441 2587 'l‘itnloz
1483 2540 1637 2585 «Ordo
1681 2554 1746 2581 ox-

125 2624 462 2667 communicandi
496 2629 537 2667 et
568 2623 810 2667 absolvendi
836 2638 875 2666 ».

246 2695 312 2738 85.
341 2697 880 2742 Excommunicatorum
905 2694 1140 2739 canonica
1163 2690 1409 2735 distinctio
1435 2688 1629 2727 sotim-tin·
1656 2695 1741 2721 xor-

128 2764 204 2820 bis,
240 2768 399 2809 etiamsi
438 2779 510 2822 per
541 2765 735 2810 Codicem
773 2768 986 2808 immutata
1020 2765 1068 2804 sit
1093 2762 1227 2818 quoad
1257 2772 1353 2801 roni.
1381 2757 1437 2799 ,td
1465 2758 1579 2796 ruins·
1605 2751 1743 2794 intolli-

246 2873 254 2893 ¹
283 2871 330 2906 28
347 2873 447 2916 Aug.
471 2871 573 2906 1794.
603 2893 647 2897 —
673 2872 686 2893 '²
714 2871 832 2906 Glem.
861 2873 878 2903 ,1
913 2885 925 2899 ‹
946 2869 991 2903 de
1009 2867 1144 2912 poeuis
1164 2882 1177 2895 »
1211 2865 1269 2902 (Y,
1300 2867 1348 2896 bv.
1447 2864 1458 2881 ³²
1487 2863 1585 2892 >dms
1618 2857 1738 2890 XXV.

124 2929 208 2963 cap.
233 2918 268 2959 3,
298 2918 345 2953 de
369 2917 455 2953 Res.

210 2995 307 3025 BLAT
331 3011 350 3018 -
375 2996 499 3024 Comm.
527 2997 614 3025 Text.
642 2997 720 3026 Coti.
746 2996 818 3024 Iar.
844 2996 924 3023 Can.
1642 2984 1658 3006 ⁹
