1950 3313
156 160 222 194 174
659 155 744 189 LIB.
774 154 803 188 I.
834 174 845 179 -
872 154 1044 188 Normae
1072 154 1271 198 yenerales

155 290 276 320 mune
311 280 576 332 praeceptum
611 275 663 316 sit
694 285 717 316 a
750 272 923 328 singulis
965 271 1280 328 adimplendum
1306 288 1345 315 κ).
1379 273 1437 316 lta
1469 272 1516 318 D.
1550 273 1726 317 Thomas
1751 273 1779 319 ¹.

153 349 222 404 qui
257 345 498 389 rationabile
532 344 883 399 dispensationum
921 342 1233 385 fundamentum
1272 356 1344 386 nos
1376 343 1519 387 edocet
1553 346 1611 387 sic
1646 357 1782 399 prose-

153 430 304 474 quens:
343 432 363 456 «
386 415 594 471 Contingit
617 419 754 457 autem
778 413 1028 470 quandoque
1052 413 1160 470 quod
1186 413 1350 471 aliquod
1378 419 1643 470 praeceptum
1668 414 1778 471 quod

153 493 213 531 est
245 487 293 530 ad
329 487 594 530 commodum
631 484 906 527 multitudinis
941 488 983 526 ut.
1017 485 1055 526 in
1092 483 1292 540 pluribus,
1322 497 1401 527 non
1436 489 1496 528 est
1528 487 1782 528 conveniens

155 558 249 601 huic
286 570 483 613 personae
521 556 582 599 vel
619 558 655 598 in
693 555 768 598 boc
802 566 923 605 casu;
958 556 1054 611 quia
1093 554 1154 597 vel
1192 568 1262 611 per
1295 555 1372 599 hoc
1406 556 1678 612 impediretur
1710 555 1781 598 ali-

155 628 251 685 quid
289 627 434 670 melius
467 626 630 683 (saltem
674 625 740 669 bic
783 630 822 668 et
865 624 1008 681 nunc),
1046 625 1108 668 vel
1143 628 1265 669 etiam
1311 626 1580 669 induceretur
1612 625 1778 683 aliquod

158 699 352 742 malum...
391 697 669 741 Periculosum
703 701 841 739 autem
876 700 980 739 esset
1024 701 1067 739 ut
1110 696 1187 740 hoc
1231 697 1384 740 iudicio
1417 696 1638 740 cuiuslibet
1669 710 1781 740 com-

157 772 402 822 mitteretur,
438 771 511 811 nisi
549 773 714 824 propter
737 767 911 810 evidens
944 771 983 810 et
1016 767 1196 811 subitum
1226 767 1503 824 periculum...
1526 767 1574 810 Et
1599 767 1690 818 ideo
1714 767 1782 810 ille

157 843 225 898 qui
261 840 382 883 babet
421 852 565 896 regere
610 838 932 891 multitudinem,
976 837 1101 882 habet
1145 842 1387 894 potestatem
1433 839 1696 895 dispensandi
1743 840 1781 881 in

159 911 248 968 lege
282 911 475 965 bumana,
507 923 613 967 quae
645 922 744 953 suae
777 911 1011 952 auctoritati
1038 911 1240 961 innititur,
1265 915 1307 952 ut
1334 909 1491 952 scilicet
1525 911 1562 952 in
1600 911 1786 966 personis

162 982 223 1026 vel
260 984 296 1024 in
331 981 494 1025 casibus
526 983 565 1023 in
600 979 750 1037 quibus
775 980 838 1023 lex
863 980 1017 1032 delicit,
1042 980 1248 1023 licentiam
1274 979 1427 1023 tribuat
1452 985 1494 1023 ut
1517 985 1782 1036 praeceptum

160 1053 262 1109 legis
295 1066 372 1095 non
412 1057 666 1095 servetur».

282 1123 373 1168 149.
409 1125 674 1169 Excusatio
706 1137 737 1168 a
769 1125 895 1179 lege,
929 1126 1178 1180 exemptio
1212 1126 1276 1169 ab
1306 1137 1367 1169 ea
1389 1127 1438 1169 et
1461 1125 1786 1180 dispensatio.

159 1195 271 1237 Sicut
304 1208 356 1237 ss.
377 1207 555 1237 canones
573 1193 657 1236 tolli
678 1199 835 1251 queunt
854 1207 926 1250 per
945 1193 1259 1250 abrogationem
1288 1198 1357 1236 aut
1381 1194 1708 1250 derogationem,
1731 1195 1785 1235 ita

161 1265 431 1321 pariterdum
469 1269 606 1307 manet
637 1266 867 1323 generatim
903 1267 941 1307 in
973 1278 1046 1307 suo
1078 1265 1225 1308 robore
1255 1264 1317 1307 lex
1339 1264 1785 1320 ecclesiastica,potest

160 1338 248 1379 eius
266 1336 461 1392 obligatio
494 1337 649 1378 auferri
686 1335 747 1378 vel
783 1336 978 1391 suspendi
1004 1336 1140 1393 quoad
1166 1336 1327 1393 aliquos
1349 1335 1536 1379 subditos
1558 1348 1630 1378 seu
1655 1337 1693 1377 in
1718 1346 1786 1377 ca-

161 1406 275 1450 sibus
294 1405 624 1463 particularibus
649 1406 697 1449 Et
731 1406 809 1450 hoc
834 1406 867 1449 l⁰
901 1420 951 1450 ex
978 1411 1123 1450 natura
1159 1409 1228 1456 rei,
1261 1406 1427 1462 quando
1467 1405 1530 1449 lex
1566 1405 1786 1449 observata

162 1480 308 1521 nociva
333 1477 529 1520 evaderet
553 1477 691 1528 alicui,
719 1478 780 1520 vet
807 1479 846 1520 in
866 1478 1153 1521 determinatis
1180 1479 1506 1521 circumstantiis
1529 1478 1714 1533 opposita
1736 1478 1789 1519 sit

163 1549 440 1592 observationi
475 1548 643 1591 alterius
679 1548 779 1605 legis
811 1551 1051 1605 superioris,
1079 1549 1140 1591 vel
1166 1548 1387 1592 observatu
1413 1547 1678 1603 impossibilis
1703 1560 1786 1589 mo-

164 1618 314 1662 raliter.
352 1617 400 1660 Hi
435 1621 543 1661 enim
579 1632 698 1662 casus
733 1633 811 1661 non
847 1623 1068 1675 potuerunt
1091 1618 1388 1675 comprehendi
1414 1621 1450 1660 in
1478 1620 1577 1674 ipsa,
1602 1619 1696 1674 quia
1721 1617 1791 1660 do-

164 1689 273 1732 tibus
316 1691 402 1732 eius
447 1694 690 1745 repugnant,
724 1694 763 1733 et
797 1690 968 1745 proinde
1001 1692 1257 1734 constituunt
1290 1688 1602 1732 eoecusationem
1635 1700 1656 1731 a
1698 1687 1788 1744 lege

165 1760 456 1814 ecclesiastica,
496 1762 556 1803 vet
592 1760 736 1804 saltem
770 1761 1022 1817 dispensatio
1065 1774 1085 1804 a
1132 1760 1365 1817 legislatore
1409 1761 1497 1802 lieri
1542 1758 1676 1802 debet.
1714 1759 1791 1802 Par

165 1831 370 1888 eoeemptio
403 1831 523 1874 datur
557 1831 607 1873 ll⁰
641 1845 689 1874 ex
729 1832 938 1875 voluntate
972 1832 1371 1889 legislatoris‚quam
1398 1832 1564 1874 forsitan
1600 1830 1791 1887 patefecit

167 1904 205 1943 in
240 1901 383 1944 eadem
420 1901 507 1957 lege
545 1902 606 1944 vel
644 1904 679 1944 in
715 1902 793 1945 alia
831 1907 944 1959 parte
978 1905 1093 1957 iuris,
1126 1902 1347 1946 eximendo
1391 1901 1550 1958 aliquos
1587 1913 1707 1944 casus
1739 1899 1791 1943 ab

166 1972 323 2015 ambitu
362 1971 582 2015 verborum
618 1973 738 2018 illius.
772 1973 849 2016 Sed
885 1978 1099 2030 praeterea
1144 1972 1352 2016 multoties
1395 1974 1533 2015 existit
1565 1983 1689 2015 causa
1725 1970 1789 2013 vel

168 2044 270 2085 ratio
303 2042 351 2085 ad
387 2056 512 2099 quam
548 2056 713 2086 necesse
751 2044 813 2087 vel
848 2046 1101 2087 conveniens
1134 2049 1194 2087 est
1228 2048 1270 2086 ut
1303 2055 1410 2086 nova
1444 2041 1691 2098 legislatoris
1727 2054 1793 2084 vo-

169 2112 303 2155 luntas
335 2113 506 2155 accedat
540 2113 761 2157 relaxantis
797 2114 1009 2157 vinculum
1044 2114 1146 2170 legis
1177 2113 1360 2171 alioquin
1395 2112 1733 2168 perduraturum,
1752 2116 1792 2154 et

171 2182 271 2226 baec
305 2186 512 2239 exemptio
545 2196 566 2226 a
601 2184 690 2241 lege
724 2186 766 2228 tit
802 2198 874 2241 per
906 2184 1275 2242 dispensationem.

293 2253 385 2296 151).
421 2256 554 2300 Ordo
579 2269 833 2301 canonum.
860 2256 988 2299 Posita
1014 2258 1179 2299 notione
1203 2255 1520 2311 dispensationis
1544 2255 1582 2296 in
1608 2265 1699 2298 can.
1724 2252 1794 2305 80,

169 2324 245 2367 sub
278 2324 422 2367 eodem
457 2338 504 2368 ac
538 2325 669 2369 tribus
701 2326 969 2383 sequentibus
1002 2327 1333 2369 determinantur
1355 2327 1526 2383 quinam
1550 2324 1793 2379 Superiores

171 2394 439 2438 ecclesiastici
473 2401 513 2438 et
544 2408 565 2438 a
599 2396 749 2452 quibus
783 2397 942 2453 legibus
965 2397 1205 2453 dispensare
1228 2400 1393 2454 queant.
1428 2396 1622 2452 Sequitur
1655 2396 1790 2437 statim

171 2477 260 2509 can.
281 2466 332 2508 84
358 2468 467 2509 circa
493 2469 777 2510 necessitatem
797 2480 945 2511 causae
967 2470 1095 2511 iustae
1114 2467 1164 2510 ad
1183 2467 1548 2523 dispensationem.
1566 2465 1718 2508 Norma
1738 2466 1793 2506 in-

171 2537 424 2592 terpretandi
444 2537 609 2580 easdem
629 2550 676 2580 ac
696 2542 937 2593 potestatem
957 2538 1223 2595 dispensandi
1242 2537 1419 2580 traditur
1438 2538 1477 2579 in
1496 2548 1586 2580 can.
1608 2536 1675 2583 85,
1694 2535 1793 2578 dum

177 2605 346 2649 ultimus
378 2619 467 2650 can.
503 2607 555 2649 86
589 2607 714 2650 edicit
746 2608 1010 2664 quandonam
1045 2611 1206 2651 cessent
1242 2606 1570 2663 dispensationes
1617 2604 1793 2661 aliquae.

295 2677 390 2721 151.
426 2679 821 2734 Dispensationis
855 2680 1077 2725 definitio
1110 2683 1158 2724 et
1190 2692 1221 2724 a
1252 2692 1350 2735 quo
1382 2678 1583 2723 concedi
1617 2678 1795 2732 potest.

176 2746 277 2789 Cum
314 2746 375 2789 lex
411 2749 459 2789 sit
498 2748 706 2791 vinculum
742 2748 951 2805 quoddam
988 2748 1198 2792 moraliter
1231 2748 1493 2803 adstringens
1525 2745 1711 2789 subditos
1744 2743 1794 2787 ad

296 2901 306 2922 1
334 2900 404 2934 1-11
431 2913 465 2945 q.
491 2901 649 2942 XCVII,
678 2912 709 2936 a.
736 2902 757 2934 4
784 2912 884 2945 corp.
