1950 3313
138 143 184 176 42
705 131 707 133 ’
817 139 1094 175 INTRODUGTIO

134 265 357 304 censentur
383 259 553 314 indulta,
574 259 802 309 facultates,
838 259 1121 317 indulgentiae
1145 258 1297 316 plures,
1316 272 1422 316 quae
1455 259 1766 313 conceduntur;

135 330 182 387 d)
233 330 634 382 «instructiones»,
669 330 835 387 quando
880 334 1106 374 exarantur
1153 329 1263 373 velut
1306 330 1519 373 doctrinae
1563 331 1768 385 practicae

141 403 267 445 iuris:
303 400 341 457 e)
370 415 390 441 «
412 400 647 454 Litterae»,
669 401 836 458 quando
861 401 1035 444 induunt
1060 400 1323 457 epistolarem
1350 401 1524 443 formam
1543 415 1553 455 ;
1573 398 1620 458 f)
1652 414 1672 441 «
1691 399 1770 442 Mo·

140 473 224 514 uita
250 487 287 523 2),
323 471 488 528 quando
522 470 688 529 aliquod
735 473 797 514 ius
830 473 1012 515 existens
1048 471 1110 514 vel
1146 472 1299 515 factum
1342 471 1386 513 fit
1420 475 1559 514 notum
1606 484 1678 527 pro
1712 472 1771 513 in-

141 547 296 586 teresse
331 541 594 586 habentibus.

266 611 439 655 Decrela
474 613 725 670 quandoque
758 617 985 656 noscuntur
1007 626 1055 656 ex
1083 615 1169 669 ipsa
1203 613 1497 669 inscriptione:
1534 610 1773 656 Decretwn:

151 680 271 727 Urbis
294 688 333 725 et
360 681 508 732 Orbis;
540 683 628 726 dies
652 685 817 732 mensis,
842 685 948 726 sicut
972 685 1011 725 in
1035 683 1073 726 S.
1097 680 1273 731 Officio:
1308 682 1379 726 sed
1413 681 1635 739 aliquando
1669 684 1773 725 erui-

143 758 210 797 tur
242 754 374 797 solum
410 767 459 797 ex
495 755 626 797 forma
662 753 782 797 illius.
804 780 856 784 —
877 753 1050 798 Decreta
1073 756 1131 797 sic
1155 754 1353 810 distingui
1388 758 1583 810 possunt:
1617 752 1660 810 a)
1694 752 1773 796 alia

144 827 356 881 potestatis
395 824 666 881 legislatirae,
701 837 807 882 quae
845 827 1058 868 continent
1096 824 1207 881 leges
1239 826 1473 879 canonicas,
1506 837 1576 867 seu
1610 828 1774 875 statuta,

146 898 492 951 praescriptiones
526 896 659 938 forsan
695 895 981 951 particulares,
1016 897 1238 938 iussionem
1277 908 1349 938 seu
1389 899 1670 951 praeceptum,
1705 894 1775 938 de-

147 965 394 1010 clarationes
437 968 549 1010 iuris.
586 992 628 996 —
683 966 773 1010 Alia
823 965 861 1024 b)
896 971 990 1010 sunt
1040 968 1252 1023 potestatis
1300 965 1658 1009 administrativae
1704 978 1776 1008 seu

144 1039 438 1095 exequutionis
478 1037 632 1093 legum,
665 1050 770 1094 quae
814 1038 1102 1080 secumferunt
1146 1038 1449 1080 nominationes
1483 1036 1780 1089 Praelatorum,

146 1110 376 1151 erectiones
399 1113 437 1151 et
462 1110 771 1151 immutationes
805 1108 1058 1161 dioecesum,
1085 1109 1360 1151 vicariatuum
1394 1120 1466 1150 seu
1501 1109 1778 1164 praefectura-

146 1192 252 1233 rum,
287 1178 608 1235 approbationes
653 1179 884 1235 peculiares
925 1178 1302 1235 Congregatiouum
1350 1177 1651 1234 religiosarum,
1684 1190 1782 1221 con-

146 1252 404 1293 stitutionum
440 1262 600 1302 earum,
633 1250 1017 1293 commendationes
1049 1249 1224 1293 alicuius
1258 1251 1409 1306 praxis.
1435 1275 1488 1279 —
1524 1248 1614 1292 Alia
1649 1248 1688 1301 c)
1716 1262 1779 1304 po-

148 1322 305 1364 testatis
338 1320 543 1363 iudicialis
577 1325 614 1363 et
649 1323 859 1364 continent
893 1320 1114 1363 dubiorum
1149 1319 1375 1363 solutiones
1410 1322 1446 1362 iu
1482 1321 1618 1362 causis
1653 1318 1779 1362 beati-

147 1392 351 1435 ficationis
395 1396 433 1434 et
476 1394 810 1435 canonizationis.
856 1417 908 1421 -
954 1391 1043 1434 Alia
1088 1390 1132 1446 d)
1179 1390 1474 1434 iurisdictionis
1520 1389 1779 1433 voluntariae

146 1462 387 1519 elargientis
409 1465 577 1519 gratias,
606 1476 643 1505 v,
666 1476 727 1518 gr.
753 1464 1040 1505 concessiones
1060 1461 1427 1517 indulgentiarum,
1449 1461 1778 1517 privilegiorum,

151 1533 371 1590 facultatis,
405 1535 681 1589 exemptionis
713 1546 784 1576 seu
821 1532 981 1576 indulti.

267 1603 571 1647 Tantummodo
604 1603 779 1647 Decreta
823 1606 1034 1660 potestatis
1078 1603 1337 1660 legislativae
1379 1602 1456 1646 sub
1489 1603 1622 1646 littera
1665 1601 1708 1659 α)
1743 1607 1781 1645 et

151 1674 447 1717 iurisdictionis
493 1673 749 1717 voluntariae
797 1673 873 1717 sub
917 1673 1052 1717 littera
1086 1672 1131 1730 d)
1182 1675 1385 1716 intersunt
1432 1674 1683 1723 canonistae‚
1733 1685 1780 1715 eo

149 1745 258 1802 quod
296 1747 333 1787 in
367 1747 426 1788 eis
460 1747 730 1787 inveniuntur
753 1745 1004 1802 quaudoque
1039 1749 1191 1787 statuta
1214 1746 1411 1787 canonica
1436 1743 1647 1800 generalia
1681 1742 1783 1786 adeo

153 1821 194 1859 ut
230 1818 423 1871 ignorare
458 1817 543 1871 ipsa
578 1829 657 1858 non
694 1815 825 1859 liceat.

271 1886 485 1943 Rescripta
531 1899 757 1944 numquam
802 1889 861 1930 sic
905 1886 1168 1944 appellantur
1212 1889 1250 1929 iu
1284 1885 1442 1931 Comm.
1477 1885 1673 1935 ofliciali;
1714 1885 1785 1928 sed

152 1956 348 2000 facillime
383 1959 576 2013 cognosci
614 1962 781 2013 possunt
815 1971 864 2001 ex
900 1959 986 2014 ipsa
1023 1959 1246 2001 intrinseca
1280 1958 1424 2009 forma,
1460 1961 1498 2000 et
1537 1956 1786 2013 quandoque

152 2027 466 2071 inscribuntur:
505 2027 651 2082 Dubia,
688 2027 736 2072 N.
776 2027 923 2083 Dubia,
959 2027 1008 2073 N.
1043 2033 1082 2070 et
1116 2027 1317 2081 aliarum,
1356 2026 1686 2070 Declaraliones.

269 2098 486 2154 Rescripta
520 2100 578 2142 sic
611 2097 802 2142 distribui
838 2104 1021 2156 queunt:
1049 2125 1098 2129 —
1128 2098 1170 2156 1)
1196 2098 1415 2156 aliquoties
1443 2099 1653 2141 continent
1686 2098 1787 2140 iuris

152 2168 453 2212 declarationes
488 2171 526 2211 in
562 2168 745 2225 generali
781 2170 911 2212 forma
946 2169 1075 2215 datas*
1111 2170 1305 2228 quamvis
1328 2168 1378 2211 ad
1414 2167 1690 2225 quorumdam
1726 2168 1784 2209 in-

153 2241 482 2295 terrogationes3
516 2244 697 2282 attamen
731 2239 882 2283 dantur
915 2253 1081 2297 quoque
1118 2253 1190 2296 per
1215 2239 1282 2282 illa
1317 2238 1620 2282 declarationes
1652 2236 1784 2280 solum

155 2311 403 2366 attingentes
436 2322 575 2353 casum
613 2312 882 2366 propositum,
921 2310 982 2354 vel
1030 2310 1207 2354 dicendo
1256 2321 1452 2365 expresse
1500 2308 1543 2350 in
1587 2321 1685 2350 casu
1722 2306 1785 2350 vet

159 2379 383 2435 implicite3
420 2405 470 2409 ——
509 2379 553 2436 ⁶2)
588 2385 755 2436 possunt
790 2394 879 2423 esse
916 2393 1109 2437 respousa
1143 2380 1192 2424 ad
1230 2378 1432 2436 postulata
1465 2378 1533 2422 SS.
1557 2378 1787 2434 Congrega-

157 2449 337 2493 tionibus
371 2455 588 2506 porrecta:
622 2476 674 2480 ——
709 2450 752 2507 3)
786 2453 909 2494 etiam
943 2450 1019 2495 sub
1054 2450 1290 2494 huiusmodi
1326 2451 1457 2492 forma
1493 2449 1644 2492 dautur
1678 2461 1786 2491 reso-

157 2520 332 2564 lutiones
364 2523 667 2578 quaestionum,
693 2535 798 2578 quae
832 2522 899 2566 SS.
923 2520 1325 2578 Congregationibus
1358 2519 1638 2564 subiiciuutur
1671 2519 1789 2562 disci-

158 2591 302 2647 plinari
347 2591 492 2634 ordine
536 2592 823 2645 dirimendae3
883 2618 926 2623 —-
976 2605 1024 2636 ac
1068 2592 1235 2635 demum
1271 2591 1314 2648 4)
1349 2590 1569 2634 solvuntur
1610 2592 1668 2632 sic
1703 2594 1788 2632 tum

157 2662 283 2705 multa
318 2661 510 2719 (lecaesita
545 2662 788 2706 doctrinalia
812 2676 833 2706 a
857 2663 1156 2707 Commissione
1178 2661 1346 2715 Biblica‚
1373 2666 1459 2704 tum
1483 2660 1561 2704 alia
1585 2660 1636 2703 de
1667 2673 1789 2703 sensu

156 2744 369 2776 sacrorum
404 2732 566 2776 Codicis
599 2745 803 2776 canonum
838 2745 859 2776 a
893 2731 1192 2777 Commissione
1221 2732 1332 2774 Pont.
1368 2731 1418 2774 ad
1453 2744 1523 2774 eos
1555 2730 1789 2773 authentice

163 2803 508 2859 interpretandos.

272 2873 409 2916 Priora
452 2880 488 2917 et
526 2879 730 2930 postrema
757 2874 954 2929 rescripta
978 2875 1084 2916 scire
1107 2874 1413 2916 canonistarum
1445 2871 1563 2914 valde
1589 2873 1783 2923 interest,
