1950 3313
144 165 211 198 106
648 162 732 195 L1B.
761 162 792 195 Ι.
821 181 834 186 -
863 162 1034 196 Normae
1066 162 1263 204 qenerales

138 282 375 341 pericnlum
406 286 524 325 antea
560 281 813 324 declaratum
848 294 931 323 non
964 278 1078 322 adsit
1111 282 1234 322 etiam
1269 285 1382 323 certo
1415 284 1558 323 contra
1588 280 1691 337 legis
1724 280 1769 323 ti-

140 367 234 397 nem
272 356 487 396 intentum.

260 424 327 467 80.
365 425 588 470 Cessatio
622 426 696 470 vis
740 425 905 480 legum
948 422 1323 466 ecclesiasticarum
1369 435 1448 480 qua
1494 423 1652 478 talium,
1691 436 1771 466 non

137 495 271 538 solum
309 508 379 551 pro
412 495 585 551 singulis
627 496 825 550 personis,
871 493 1155 536 diversimode
1198 498 1330 549 potest
1368 495 1590 547 accidere;
1628 493 1771 537 videli-

141 571 231 610 cet:
267 566 309 622 a)
327 570 492 622 propter
515 565 861 608 consuetudinem
885 568 1027 608 contra
1052 566 1115 607 ius
1137 564 1186 607 ad
1208 578 1395 608 normam
1417 578 1507 609 can.
1534 565 1601 621 ⁶27,
1626 564 1665 621 b)
1691 567 1703 587 ¹
1724 578 1772 608 eo

137 637 250 695 -quod
291 652 310 677 (<
334 637 558 693 derogatur
592 636 686 692 legi,
723 640 793 679 aut
826 634 1066 691 abrogatur,
1089 635 1314 692 derogatur
1338 635 1433 693 legi,
1460 649 1553 680 cum
1590 649 1683 692 pars
1706 636 1775 679 de-

142 707 333 762 trahitur,
352 707 576 763 abrogatur
596 706 690 763 legi,
710 720 806 750 cum
825 719 994 763 prorsus
1014 705 1169 749 tollitur
1192 722 1232 761 J),
1266 712 1391 764 atque
1410 707 1590 764 denique
1614 706 1651 764 c)
1678 721 1772 750 cum

145 792 224 822 uno
262 778 324 821 vel
358 778 486 821 altero
520 778 666 821 ellectu
704 791 776 834 per
808 789 960 820 novam
996 776 1143 834 legem,
1178 777 1229 821 de
1263 790 1343 835 qua
1382 780 1610 821 cessatione
1633 780 1773 822 statuit

139 863 232 892 can.
268 851 331 892 ‘22
369 864 388 889 ((
414 851 475 892 ius
512 854 628 892 vetus
661 862 709 891 ex
747 850 907 904 integro
951 848 1178 891 referens»
1218 848 1327 905 (can.
1363 850 1402 902 6,
1437 848 1500 904 ⁶20)
1533 853 1772 892 contentum

144 922 182 962 in
217 932 305 976 cap.
346 921 358 962 1
399 920 450 963 de
493 918 857 963 constitutionibus
891 918 938 976 (1,
973 918 1016 976 ⁶2)
1051 921 1089 962 in
1126 918 1184 969 60,
1219 918 1288 963 ubi
1322 919 1452 963 edixit
1491 919 1620 962 Bonif.
1658 918 1771 962 Vlll:

149 990 303 1034 «Licet
335 990 546 1034 Romanus
592 990 775 1033 Pontifex
821 989 908 1048 (qui
945 992 1033 1033 iura
1070 992 1208 1034 omnia
1242 992 1280 1033 in
1314 993 1467 1034 scrinio
1502 992 1678 1047 pectoris
1710 993 1772 1034 sui

137 1066 334 1105 vcensetur
368 1061 593 1116 habere)»,
629 1066 716 1104 tum
750 1065 918 1117 propter
951 1063 1152 1104 rationem
1197 1061 1421 1105 adductam
1456 1061 1578 1104 huius
1610 1061 1771 1104 clausu-

143 1132 205 1176 lae
238 1132 286 1176 ad
322 1145 411 1176 ean.
449 1133 515 1187 18,
551 1137 635 1175 tum
670 1134 767 1189 quia
803 1131 871 1175 illa
908 1134 989 1174 vim
1026 1134 1205 1175 retinent
1229 1145 1278 1175 ex
1300 1136 1512 1188 potestate,
1537 1144 1661 1190 quam
1688 1134 1773 1188 ipse

144 1203 266 1247 habet
305 1203 494 1247 eamdem
538 1216 708 1246 suorum
754 1202 1137 1259 praedecessorum,
1182 1207 1221 1246 et
1254 1215 1360 1259 quae
1395 1202 1461 1246 illa
1497 1205 1585 1246 iura
1619 1205 1772 1257 statuit,

147 1276 524 1318 «constitutionem
567 1274 784 1318 condendo
828 1276 1113 1330 posteriorem,
1141 1276 1337 1330 priorem,
1366 1276 1559 1331 quamvis
1597 1274 1648 1317 de
1687 1276 1773 1330 ipsa

145 1348 395 1388 mentionem
419 1359 497 1388 non
523 1346 656 1399 faciat,
682 1357 882 1389 revocare
915 1349 1136 1388 noscatur:
1172 1347 1267 1402 quia
1301 1350 1439 1388 tamen
1474 1345 1657 1388 locorum
1682 1358 1772 1402 spe-

143 1416 308 1460 cialium
329 1420 368 1459 et
387 1429 655 1473 personarum
676 1415 950 1472 singularium
970 1416 1292 1459 consuetudines
1310 1420 1349 1459 et
1371 1420 1521 1459 statuta
1543 1415 1655 1472 (cum
1680 1419 1775 1458 sunt

144 1488 239 1530 facti
274 1491 313 1530 et
346 1489 384 1530 in
421 1488 526 1531 facto
559 1486 803 1544 consistant)
839 1491 969 1543 potest
989 1485 1259 1543 probabiliter
1281 1489 1502 1543 ignorare:
1539 1488 1650 1542 ipsis,
1673 1486 1773 1529 dum

144 1562 281 1601 tamen
315 1560 395 1601 sint
429 1558 701 1612 rationabilia,
736 1571 810 1614 per
841 1560 1176 1601 constitutionem
1203 1571 1222 1600 a
1248 1571 1291 1601 se
1315 1560 1478 1601 noviter
1501 1557 1654 1600 editam
1679 1556 1774 1613 (nisi

139 1642 338 1685 expresse
372 1634 570 1672 caveatur
604 1632 641 1672 in
677 1628 782 1686 ipsa)
817 1642 897 1671 non
933 1628 1177 1685 intelligitur
1211 1631 1249 1671 in
1268 1628 1406 1686 aliquo
1430 1628 1633 1684 derogare
1652 1644 1693 1671 )).
1720 1653 1772 1659 -

144 1699 316 1743 Ratione
360 1702 485 1756 igitur
528 1701 649 1743 sontis
689 1713 820 1743 canon
865 1700 917 1743 2⁶2
962 1705 1068 1743 esset
1103 1700 1438 1756 interpretandus
1469 1699 1520 1742 de
1553 1711 1774 1755 supremae

142 1773 356 1827 potestatis
388 1771 679 1814 ecclesiasticis
711 1771 884 1827 legibus,
918 1771 988 1814 sed
1024 1770 1076 1813 ob
1110 1770 1233 1814 Tituli
1268 1771 1506 1827 generalem
1542 1771 1773 1826 inscriptio-

145 1855 240 1885 nem
283 1844 405 1885 etiam
452 1841 612 1899 legibus
646 1843 851 1886 inferioris
885 1845 1097 1899 potestatis
1120 1842 1319 1898 applicari
1356 1841 1491 1885 debet.
1527 1840 1773 1884 Huiusmodi

140 1917 205 1955 est
237 1926 336 1968 ergo
359 1925 531 1956 norma:
566 1912 654 1956 Lex
687 1915 852 1970 proprie
886 1913 994 1957 dicta
1026 1912 1238 1970 posterior
1276 1915 1434 1956 ratione
1478 1911 1775 1969 promulgatio-

145 1985 221 2036 nis,
256 1985 368 2026 iuxta
402 1983 500 2026 illud
537 1983 646 2040 (ean.
681 1984 705 2027 8
736 1983 764 2042 ξ
799 1983 840 2040 1)
881 1999 901 2024 ((
927 1983 1055 2040 Leges
1080 1985 1352 2027 instituuntur
1388 1996 1481 2026 cum
1508 1981 1772 2039 promulgan-

147 2058 212 2096 tur
235 2069 272 2107 υ,
309 2067 386 2096 non
422 2056 580 2098 ratione
614 2055 770 2098 ordinis
802 2057 891 2098 sive
925 2057 963 2097 in
1001 2056 1146 2098 eodem
1181 2054 1432 2098 documento
1469 2067 1504 2095 v.
1540 2068 1600 2109 gr.
1636 2055 1674 2095 in
1699 2051 1772 2097 Co-

140 2124 252 2178 -dioe,
284 2126 430 2167 sivein
451 2138 623 2168 numero
646 2125 785 2183 aliquo
815 2141 833 2166 «
861 2125 1059 2168 Actorum
1084 2125 1252 2182 Aplcae.
1277 2124 1395 2168 Sedis
1419 2140 1459 2176 ›>,
1492 2126 1598 2168 sicut
1621 2126 1774 2167 inserta

146 2196 309 2238 fuerunt
343 2195 424 2238 duo
460 2195 573 2239 Daca.
609 2196 646 2240 S.
680 2196 829 2253 Congr.
864 2197 915 2240 de
957 2196 1159 2253 religiosis
1197 2196 1511 2239 «sacrosancta
1536 2195 1608 2238 Dei
1633 2194 1772 2238 Eccle-

146 2268 204 2309 sia
228 2282 248 2307 »
287 2271 324 2309 et
364 2282 383 2307 ((
409 2266 516 2309 [nter
541 2267 720 2324 reliquas
743 2283 782 2324 )>,
807 2268 821 2290 ‘²
856 2281 881 2310 α
915 2267 1177 2325 competenti,
1216 2281 1250 2309 v.
1273 2280 1333 2323 gr.
1359 2271 1527 2323 propter
1550 2265 1773 2320 obiectum,

150 2337 211 2380 vel
248 2350 443 2393 personas
476 2339 731 2380 auctoritate
763 2343 847 2381 tum
884 2338 1145 2394 Apostolicae
1188 2326 1318 2393 Sedis,
1363 2342 1449 2380 tum
1483 2335 1654 2381 Concilii
1689 2336 1773 2393 ple-

147 2410 250 2450 narii
288 2408 348 2451 vel
370 2409 651 2464 provincialis,
684 2413 769 2452 tum
795 2409 985 2465 Episcopi
1011 2408 1117 2461 lala,
1141 2409 1314 2466 obrogsat
1334 2408 1474 2466 priori
1500 2411 1657 2451 ratione
1681 2421 1772 2464 pro-

146 2477 425 2534 mulgationis,
459 2483 501 2521 ut
534 2491 672 2535 supra,
715 2492 820 2536 quae
866 2480 1017 2536 prodiit
1058 2479 1110 2523 ab
1146 2479 1292 2523 eadem
1330 2479 1392 2522 vel
1429 2480 1621 2521 inferiore
1662 2482 1772 2534 pote·

145 2553 264 2601 state,
306 2548 440 2591 eidem
488 2550 568 2591 vim
613 2550 854 2604 auferendo,
889 2553 929 2606 a)
963 2550 1001 2592 si
1032 2549 1077 2593 id
1108 2563 1303 2608 cmpresse
1346 2548 1484 2592 edicat
1522 2549 1666 2592 saltem
1702 2561 1774 2605 per

141 2618 373 2663 >clausulam
417 2619 669 2675 generalem,
713 2632 818 2677 quae
858 2620 968 2663 illam
1015 2621 1147 2677 legem
1192 2620 1388 2671 includat⁷
1432 2620 1672 2676 derogando
1709 2620 1771 2663 vel

146 2689 385 2746 abrogando
419 2702 523 2745 eam,
559 2689 599 2746 b)
630 2695 703 2732 (tut
737 2690 793 2732 sit
825 2690 894 2733 illi
927 2690 1006 2748 legi
1044 2693 1336 2748 praeexistenti
1359 2690 1517 2734 directe
1539 2689 1770 2742 contraria,

145 2765 350 2817 quatenus
385 2764 557 2817 utraque
581 2759 701 2802 simul
736 2765 843 2803 stare
868 2767 1057 2818 nequeat,
1092 2762 1202 2819 quod
1238 2775 1317 2804 non
1351 2763 1527 2816 eveniet,
1562 2762 1594 2804 si
1623 2760 1686 2803 vel
1707 2772 1773 2817 ap-

265 2913 275 2934 1
303 2913 349 2947 D.
380 2913 446 2947 lib.
476 2913 518 2957 L,
548 2913 613 2947 tir.
643 2913 748 2947 XVI.
778 2914 801 2947 1.
830 2914 909 2947 102.
939 2934 983 2938 —
1011 2916 1023 2935 ⁷³
1052 2915 1069 2947 1
1097 2914 1180 2948 Ian.
1212 2915 1316 2958 1911,
1346 2914 1422 2949 CO.
1459 2913 1531 2954 ΙΙΙ,
1556 2913 1615 2957 29,
1643 2913 1700 2947 37.
