1950 3313
80 177 175 214 Can.
201 176 295 212 ‘2305
474 175 558 210 Tt'r.
588 176 636 210 X.
668 198 679 202 -
708 179 761 212 De
789 180 965 213 remediis
988 181 1216 224 poenalibus
1242 184 1308 215 otc.

1641 184 1704 218 187

84 300 297 349 sitionem3
332 300 371 340 et
405 309 478 352 per
509 298 706 352 seipsum,
741 299 860 340 etiam
896 299 945 340 ad
981 299 1197 346 actualem,
1223 304 1343 356 atquo
1377 300 1615 343 sollemnem
1637 302 1704 344 ‹le-

85 368 372 426 gradationem
407 365 459 410 ab
483 368 582 422 ipsis
615 366 830 410 ordinibus
854 373 890 411 et
915 368 1112 423 gradibus
1136 369 1438 420 ecclesiasticis,
1475 373 1510 412 iu
1546 371 1708 414 casibus

86 442 125 482 in
160 438 310 496 quibus
342 436 517 481 aliorum
554 439 841 493 episcoporum
880 442 1125 494 praesentia,
1161 441 1395 482 innumero
1427 455 1446 483 a
1482 442 1709 484 canonibus

84 510 256 553 delinito
290 509 529 565 requiritur,
563 509 686 550 etiam
712 506 868 563 absque
903 508 981 550 illis
1007 509 1229 564 proi-edere
1263 509 1404 557 liceat;
1439 511 1633 554 adhibitis
1658 517 1709 553 ta-

88 593 196 633 men,
230 584 269 623 et
302 581 341 622 in
375 578 452 622 hoc
484 577 560 621 sibi
595 578 880 621 assistentibus
923 581 1091 621 totidem
1127 578 1357 631 abbatibus,
1402 595 1517 623 usuin
1566 585 1708 624 mitrae

85 654 126 694 et
159 649 294 694 baculi
328 662 377 693 ex
405 647 623 705 privilegio
649 648 874 704 apostolico
900 648 1158 695 habentibus,
1183 652 1213 691 si
1237 652 1273 692 in
1300 653 1481 704 civitate,
1507 657 1572 694 aut
1597 652 1707 695 dioe-

86 723 167 766 cesi
204 722 393 778 reperiri,
426 724 465 763 et
498 719 716 762 commode
750 721 949 763 interesse
980 722 1156 776 possint:
1190 720 1369 778 alioquin
1405 722 1494 764 aliis
1528 725 1709 778 pei-sonis

87 794 127 836 in
160 791 440 836 ecclesiastica
483 790 685 846 dignitate
726 792 970 845 constitutis,
1005 804 1110 847 quae
1153 795 1284 834 aetate
1327 806 1488 847 graves.
1531 806 1577 835 ac
1612 795 1710 835 iuris

85 864 259 908 scientia
292 860 647 906 commendabiles
680 863 913 904 existant».

206 933 318 977 Haec
353 932 551 989 implicite
585 936 753 975 manent
786 933 896 974 iuxta
931 944 1107 989 sequens
1131 934 1427 988 praescriptum
1462 932 1489 985 ξ
1520 936 1563 975 53.
1601 933 1709 986 Alia,

92 1004 425 1062 «degradatio»
464 1005 503 1046 in
535 1003 563 1061 ἓ
597 1003 644 1045 10
676 1002 899 1055 declarata,
934 1007 994 1045 est
1028 1003 1135 1046 (licta
1172 1002 1349 1045 verbalis
1391 1017 1461 1045 sen
1500 1003 1707 1049 edictalis,

89 1090 196 1135 quae
218 1074 309 1119 sola
343 1074 553 1117 sententio
588 1075 755 1130 proprie
788 1073 896 1116 dicta
931 1073 981 1115 ad
1017 1087 1201 1116 noi-niani
1228 1086 1317 1117 can.
1346 1074 1455 1116 1868
1489 1081 1512 1127 »ξ
1559 1075 1567 1115 l
1610 1075 1712 1116 irro-

85 1151 218 1205 gatur
251 1145 448 1202 legitime,
482 1144 544 1187 ita
580 1149 717 1187 lamen
751 1144 975 1187 efficaciter
1009 1148 1052 1186 ul
1084 1158 1224 1187 omnes
1271 1158 1366 1186 snos
1399 1144 1564 1201 effectus
1610 1144 1712 1185 iuri·

88 1216 204 1261 dicos
227 1216 458 1260 secundum
481 1215 537 1273 {¹¹²
568 1215 616 1257 1¹¹¹
638 1214 784 1257 statim
809 1212 958 1256 haheat
981 1226 1119 1257 coram
1145 1214 1326 1258 Ecclesia
1352 1214 1441 1256 sine
1468 1213 1554 1257 nlla
1585 1230 1602 1253 «
1622 1229 1710 1257 seu-

90 1289 242 1331 tentiae
266 1302 287 1328 ›)
325 1286 592 1329 exsecutione
622 1285 891 1343 subsequenti
941 1284 1005 1328 vel
1039 1284 1118 1328 alio
1154 1285 1288 1338 modo,
1322 1287 1418 1342 quin
1459 1302 1477 1324 a
1502 1289 1712 1327 exsecuto-

90 1361 198 1402 rium
233 1357 382 1401 iudicis
415 1356 630 1400 decretum
656 1372 675 1398 ))
700 1357 894 1400 videatur
916 1355 1223 1399 excludendum
1248 1354 1300 1399 ob
1333 1368 1423 1399 ean.
1462 1355 1592 1401 tot&
1626 1354 1713 1396 alio

90 1434 151 1474 est
189 1428 524 1485 «degradatio»
561 1426 707 1483 realis,
752 1427 790 1470 si
826 1432 1045 1470 ,seri-entm-
1090 1431 1177 1483 post
1209 1428 1451 1469 sententiam
1496 1424 1713 1468 sollemnia

88 1499 362 1559 praescripta
392 1512 465 1542 seu
490 1500 593 1542 ritus
625 1501 665 1542 et
687 1500 975 1542 caeremoniae
1008 1497 1053 1540 iii
1079 1496 1317 1553 Pontifieali'
1342 1496 1526 1540 Romano
1555 1495 1630 1539 sub
1655 1498 1712 1537 tit.

94 1586 116 1612 <‹
139 1570 459 1628 Degradationis
502 1571 696 1625 forma»,
740 1581 847 1627 quae
890 1568 985 1612 hinc
1021 1570 1132 1625 viget
1170 1568 1220 1612 ad
1261 1580 1445 1611 normam
1489 1566 1571 1611 cit.¹
1605 1565 1712 1609 Dec.i

89 1655 140 1686 ex
174 1641 286 1687 Trid.
319 1640 515 1686 Concilio.

749 1826 982 1863 TITULUS
1013 1826 1060 1862 X.

387 1914 451 1957 De
484 1913 703 1956 remediis
735 1913 1007 1968 poenalibus
1037 1915 1083 1955 et
1116 1911 1433 1966 poenitentiis.

803 2063 948 2101 CAPUT
976 2064 1001 2099 l.

639 2150 691 2184 De
716 2148 897 2184 remediis
925 2147 1165 2192 poenalibus.

949 2253 1147 2299 terpositani
1178 2261 1371 2296 personam
1393 2249 1495 2284 etiam
1522 2259 1578 2293 per
1595 2247 1717 2292 episto-

141 2256 226 2293 CAN.
248 2256 339 2292 23⁰6
359 2277 380 2283 -
401 2256 563 2292 Remedia
585 2255 743 2302 poenalia
762 2259 868 2290 sunt:

950 2301 1015 2335 lam
1047 2299 1236 2339 faciendae,
1265 2296 1494 2343 peculiaribus
1528 2304 1718 2329 accommo—

194 2304 243 2339 l.0
269 2304 415 2340 Monitio
433 2315 440 2348 3

192 2351 244 2386 ³20
271 2350 450 2398 Correptio
469 2362 476 2392 ;

189 2399 242 2433 3.0
270 2398 519 2445 Praeceptum;

191 2445 243 2481 4.0
274 2445 477 2491 Vigilantia.

143 2491 228 2528 CAN.
257 2493 360 2528 2307.
390 2513 406 2520 -
436 2492 520 2528 Eum
548 2492 606 2538 qui
647 2495 802 2527 versatur
839 2490 874 2524 in

97 2541 253 2588 proxima
285 2541 468 2576 occasione
510 2540 677 2575 delictum
720 2537 877 2574 commit-

95 2588 190 2624 tendi
219 2588 271 2623 vel
299 2588 334 2622 in
354 2599 472 2634 quem,
492 2598 533 2623 ex
559 2586 788 2632 inquisitione
805 2595 875 2631 per-

94 2640 186 2677 acta,
213 2635 328 2680 gravis
354 2635 505 2681 suspicio
530 2634 623 2670 cadit
648 2633 763 2669 delicti
782 2643 876 2667 com-

97 2682 207 2722 missi,
234 2680 445 2718 ordinarius
473 2693 533 2728 per
557 2692 593 2717 se
620 2681 671 2716 vel
691 2691 751 2727 per
770 2679 874 2714 inter-

97 2730 245 2777 positam
274 2740 458 2776 personam
487 2732 637 2764 moneat.

145 2776 229 2812 Cis.
259 2775 360 2812 2308.
384 2797 400 2802 -
429 2775 464 2812 Si
492 2787 530 2812 ex
558 2775 706 2811 alicuius
732 2784 873 2809 conver—

97 2824 233 2860 satione
258 2823 464 2859 scandatum
497 2822 547 2859 vel
585 2822 701 2867 gravis
741 2820 875 2857 ordinis

99 2871 311 2917 perturbatio
345 2871 516 2911 oriantur,
548 2875 599 2905 est
638 2869 731 2904 locus
770 2878 875 2903 eorre-

98 2918 222 2965 ptioni‚
251 2918 294 2954 ab
315 2917 505 2954 Ordinatio
525 2928 584 2964 per
609 2927 645 2952 se
664 2916 716 2951 vel
746 2926 804 2961 per
824 2915 875 2948 in-

947 2348 1048 2383 datae
1074 2346 1332 2382 conditionibus
1371 2353 1535 2389 personae
1568 2347 1597 2377 et
1639 2340 1716 2375 tacti

948 2395 990 2431 de
1016 2405 1084 2440 quo
1109 2393 1235 2436 agitur.

996 2441 1080 2477 CAN.
1109 2440 1214 2475 2309.
1235 2459 1250 2465 -
1268 2442 1286 2480 ξ
1306 2438 1333 2471 l.
1351 2437 1434 2472 'l'ani
1454 2436 1596 2470 monitio
1614 2445 1716 2480 quain

949 2488 1116 2535 correptio
1144 2491 1251 2533 potest
1277 2496 1350 2520 esse
1377 2485 1426 2519 vel
1444 2483 1579 2529 publica
1608 2482 1656 2516 x‘el
1673 2492 1720 2515 se-

949 2540 1053 2572 creta.

997 2582 1074 2625 5⁵2.
1101 2579 1276 2626 Correptio
1311 2578 1361 2613 vel
1402 2576 1545 2612 monitio
1585 2575 1718 2620 publica

951 2631 1008 2665 liat
1043 2629 1094 2664 vel
1121 2638 1235 2663 coram
1266 2625 1396 2660 notario
1421 2629 1479 2659 aut
1505 2622 1640 2657 (luobus
1672 2626 1717 2655 te-

949 2677 1071 2717 stibus,
1098 2675 1149 2710 vel
1178 2685 1236 2720 per
1260 2672 1441 2718 epistolant
1472 2671 1514 2704 ita
1542 2674 1654 2703 tanton
1685 2672 1719 2701 ut

949 2725 990 2760 de
1016 2723 1210 2768 receptione
1235 2726 1267 2755 et
1287 2726 1401 2754 tenore
1416 2717 1579 2763 epistolae
1605 2726 1641 2749 ex
1657 2714 1718 2748 ali-

949 2782 1016 2817 quo
1041 2770 1248 2805 documento
1273 2770 1415 2801 constet.

997 2821 1015 2859 §
1042 2818 1070 2852 3,
1100 2814 1276 2860 Correptio
1304 2812 1436 2858 publica
1473 2810 1541 2843 lieri
1582 2813 1714 2842 tantum

952 2869 1059 2911 potest
1084 2864 1248 2898 adversus
1275 2871 1368 2895 reum
1408 2858 1448 2891 ile
1485 2856 1607 2906 delicto
1637 2865 1716 2905 con-

952 2912 1078 2947 victum
1108 2909 1158 2944 vel
1193 2908 1405 2945 contessuni;
1436 2909 1467 2938 et
1493 2907 1542 2937 est
1580 2901 1717 2935 iudicia-
