1950 3313
187 183 209 217 8
648 181 732 214 L113.
763 180 808 214 V.
838 200 849 206 ·
876 180 987 214 PARS
1012 180 1043 213 Ι.
1073 200 1081 206 -
1110 180 1168 215 De
1192 181 1344 216 delictis
1595 180 1688 216 Can.
1714 180 1809 215 2197

188 301 321 350 sitam,
356 304 395 342 et
428 304 487 342 est
524 298 810 342 «delictum»
847 297 888 355 a)
919 304 1013 356 post
1046 299 1296 342 sententiam
1321 301 1485 355 proprie
1508 299 1660 342 dictam
1696 301 1809 343 iuxta

189 383 276 414 can.
312 370 437 413 1868.
470 370 497 427 g
532 370 569 423 1,
603 369 673 412 sed
709 371 747 412 in
782 369 935 412 iudicio
968 370 1172 413 criminali
1206 370 1485 414 declarantem
1524 369 1586 413 vel
1622 370 1812 426 infligen-

188 445 268 483 tem
296 454 363 483 reo
387 440 525 483 delicti
552 439 776 495 legitimam
802 442 1072 495 sanctionem,
1105 441 1271 498 quando
1305 440 1371 483 illa
1395 443 1446 483 sit
1465 439 1508 497 b)
1532 439 1685 483 iudicis
1708 453 1813 483 com-

184 511 365 568 petentis
398 510 674 566 cognoscendi
709 514 752 553 ut
786 509 1009 566 plurimum
1044 524 1093 554 ex
1129 523 1218 555 can.
1255 511 1382 566 1566,
1415 516 1455 554 et
1487 511 1527 566 c)
1551 525 1657 568 quae
1685 524 1812 554 «sen-

190 583 311 624 tentia
332 597 351 622 »
379 581 424 623 in
455 594 543 622 rem
575 579 809 623 iudicatam
837 581 1064 624 transierit
1088 595 1168 624 uno
1191 595 1239 625 ex
1264 581 1396 625 tribus
1420 582 1568 635 modis,
1592 594 1673 639 quo
1702 597 1722 622 ((
1745 595 1814 624 res

189 652 367 695 iudicata
400 650 576 694 habetur
598 666 619 691 »
648 651 757 708 (can.
785 652 927 707 1902),
952 658 1024 694 auc
1059 655 1228 708 praevie
1260 657 1353 695 ante
1385 654 1630 695 sententiam
1653 651 1695 701 a)
1716 657 1812 710 post

189 722 489 780 consessionem
521 721 806 780 delinquentis
838 735 918 780 qua
951 722 1056 776 talis,
1084 736 1155 766 seu
1188 723 1239 766 de
1272 723 1340 766 tali
1375 722 1539 779 delicto,
1564 736 1638 766 nec
1660 723 1812 767 sufficit

190 795 295 836 facta
330 795 412 845 uni,
449 792 648 848 pluribus,
682 798 752 837 aut
796 793 974 850 publice,
1018 793 1088 836 sed
1133 793 1264 836 solum
1301 792 1344 850 b)
1377 793 1420 836 in
1453 793 1610 837 iudicio
1645 796 1813 850 proprie

187 862 346 921 factam
378 867 418 906 et
450 863 587 907 adhuc
620 870 657 916 0)
688 863 743 906 ad
773 877 965 906 normam
998 877 1089 906 can.
1123 865 1243 907 1750
1275 863 1410 921 quoad
1444 865 1712 907 confessionis
1736 866 1814 907 cir-

188 936 457 977 cumstantias
489 933 542 978 ibi
577 934 868 990 explicantlas3

305 1004 336 1047 E
369 1007 576 1048 contrario
610 1005 659 1048 ad
696 1005 1011 1061 praecedentem
1046 1017 1281 1056 nnmerum,
1316 1004 1610 1060 praescribitur
1646 1004 1710 1048 3.⁰
1733 1003 1815 1050 No-

191 1074 344 1118 lorium
376 1074 630 1118 notorz'etate
660 1074 769 1133 facti
802 1079 862 1118 est
898 1074 1205 1128 «delictum»,
1239 1074 1276 1116 si
1308 1073 1349 1131 a)
1380 1073 1545 1131 publice
1580 1080 1723 1118 notum
1755 1074 1812 1117 sit

189 1145 239 1188 de
258 1146 364 1189 facto
382 1146 517 1203 quoad
537 1145 935 1201 divulgationeni,et
952 1145 1267 1202 superadditur:
1284 1144 1322 1199 b)
1336 1145 1380 1187 in
1405 1144 1560 1187 talibus
1583 1144 1815 1202 adiunctis,

190 1229 268 1259 non
303 1219 382 1260 iam
424 1221 720 1270 «versetur»,
758 1222 799 1260 ut
836 1216 1144 1260 declaravimus
1177 1218 1214 1258 in
1250 1215 1308 1258 n.⁰
1330 1216 1386 1269 10,
1420 1216 1490 1259 sed
1531 1231 1551 1257 (t
1573 1218 1667 1259 sit»
1706 1229 1811 1259 com-

191 1286 374 1342 missum,
410 1291 453 1328 ut
488 1292 704 1343 propterea
738 1287 820 1330 duo
853 1291 1102 1343 sequantur:
1135 1285 1176 1343 0)
1208 1285 1329 1329 nulla
1369 1286 1718 1342 τηθέων-3011006
1750 1300 1812 1328 cc-

190 1356 288 1412 lari,
325 1362 444 1413 prout
476 1357 673 1401 delictum
707 1363 767 1401 est
800 1357 902 1414 legis
934 1357 1117 1414 poenalis
1152 1356 1317 1400 violatio
1350 1370 1425 1400 ceu
1458 1358 1628 1410 factum,
1650 1356 1695 1414 (1)
1718 1356 1811 1400 nul-

190 1428 310 1486 loque
341 1428 450 1471 iuris
482 1442 565 1480 seu„
579 1441 782 1472 canonum
806 1427 1011 1486 suffraqz'o
1035 1431 1073 1471 in
1100 1429 1287 1472 favorem
1317 1427 1551 1471 violationis
1576 1429 1815 1484 praedictae

190 1499 386 1541 eoeeusari
418 1511 497 1556 qua
532 1499 729 1543 delictum
763 1499 1005 1553 formaliter,
1037 1512 1109 1542 seu
1144 1500 1182 1541 in
1217 1500 1305 1542 eius
1337 1498 1565 1553 elementis,
1594 1512 1630 1539 v.
1651 1512 1711 1555 gr.
1737 1500 1813 1541 im-

192 1569 460 1626 putabilitatis
491 1570 671 1624 defectu,
706 1569 808 1626 legis
840 1569 1024 1626 poenalis
1056 1572 1315 1625 exceptione,
1345 1568 1493 1626 possit.

307 1640 540 1697 Explicatio
576 1643 688 1696 prius
720 1641 814 1683 data
847 1641 897 1683 de
921 1640 1086 1697 publico
1109 1640 1260 1683 delicto
1284 1640 1554 1683 confirmatur
1587 1652 1609 1683 a
1642 1652 1814 1695 canone⁷

191 1712 356 1769 quando
388 1710 548 1755 subdit:
583 1712 646 1753 4.0
686 1726 705 1752 ι(
729 1710 932 1755 Delictum
967 1716 1071 1754 est»
1114 1709 1343 1764 Occultum,
1377 1709 1485 1768 quod
1528 1724 1610 1753 non
1649 1715 1708 1754 est
1736 1723 1815 1768 pu-

191 1782 354 1833 blicum,
389 1787 528 1839 utpote
575 1782 725 1826 divisio
773 1782 1022 1826 delictorum
1057 1781 1261 1837 completa
1297 1794 1369 1837 per
1401 1780 1479 1824 hoc
1514 1781 1704 1824 ultimum
1740 1794 1815 1824 nu-

192 1867 351 1897 merum
386 1859 425 1897 et
459 1856 657 1910 primum:
691 1853 762 1897 sed
802 1869 824 1894 «
847 1853 1045 1896 delictum
1080 1857 1184 1896 est»
1221 1851 1427 1895 occultum
1459 1851 1759 1909 materialiter,
1778 1851 1817 1894 si

192 1924 324 1967 lateat
356 1926 656 1979 communitati,
690 1937 799 1967 nunc
832 1929 885 1975 et,
919 1928 1117 1980 quantum
1154 1922 1379 1979 prudenter
1411 1922 1587 1966 iudicari
1612 1925 1751 1978 possit,
1775 1924 1815 1965 in

194 1998 382 2052 proximo
430 1997 631 2048 futurum,
678 1999 958 2051 congruenter
990 1993 1049 2036 n.⁰
1088 1992 1140 2044 10,
1177 1992 1376 2036 delictum
1417 1993 1554 2050 ipsum
1597 2005 1677 2050 qua
1721 1992 1814 2048 tale,

195 2072 363 2122 propter
395 2067 504 2123 quod
541 2066 808 2122 intelligatur,
840 2068 929 2108 sive
964 2067 1019 2108 uti
1054 2066 1221 2118 factum,
1245 2066 1334 2107 sive
1357 2063 1618 2107 solummodo
1642 2067 1699 2106 uti
1723 2076 1819 2107 con-

193 2140 364 2180 trarium
400 2137 480 2193 legi
515 2136 698 2192 poenali,
734 2135 938 2179 occultum
980 2134 1238 2193 formaliter,
1271 2134 1309 2176 si
1340 2133 1524 2177 eiusdem
1558 2133 1698 2177 delicti
1733 2134 1817 2177 ele-

196 2213 394 2262 mentum,
426 2207 534 2264 quod
581 2211 753 2250 vocatur
791 2205 1114 2264 impassibilitas,
1153 2205 1364 2248 «lateat»
1404 2209 1591 2260 respectu
1625 2205 1814 2261 divulga-

196 2282 315 2323 tionis
351 2278 593 2322 bimembris
623 2277 700 2324 sub
733 2277 793 2320 n.⁰
828 2276 885 2330 1⁰,
918 2278 1111 2334 quamvis
1149 2276 1248 2319 illud
1293 2275 1488 2319 delictum
1521 2278 1585 2330 sit,
1621 2276 1728 2332 quod
1763 2276 1815 2319 ad

194 2355 331 2394 cetera
367 2352 542 2406 pertinet
580 2349 797 2403 elementa,
842 2347 1068 2404 publicum.
1108 2362 1127 2388 «
1153 2346 1495 2403 lmputabilitas»
1533 2345 1600 2389 hio
1632 2346 1819 2389 conside-

197 2426 281 2464 rata
306 2426 381 2475 est,
405 2434 482 2463 non
509 2422 587 2462 iam
613 2431 718 2476 quae
756 2435 778 2460 «
801 2421 839 2461 in
873 2421 958 2461 l'oro
990 2423 1159 2461 externo
1194 2419 1514 2474 praesumitur»
1551 2417 1600 2460 ad
1627 2429 1814 2460 normam

195 2505 284 2535 can.
321 2491 448 2545 2200,
480 2490 507 2548 ξ
541 2491 578 2544 ⁶2,
613 2491 683 2534 sed
718 2502 824 2547 quae
858 2489 1035 2545 positive
1068 2493 1245 2541 constet:
1280 2488 1381 2531 alias
1414 2501 1492 2530 non
1517 2487 1686 2530 daretur
1720 2487 1819 2530 deli-

196 2567 307 2606 ctum
341 2562 546 2605 occultum
582 2560 824 2614 formaliter,
855 2562 954 2617 quin
988 2563 1096 2602 esset
1127 2561 1250 2601 etiam
1290 2558 1496 2602 occultum
1532 2557 1816 2602 materialiter.

200 2632 227 2675 E
261 2636 402 2675 contra
436 2644 579 2686 parum
616 2631 752 2682 refert,
787 2643 836 2673 an
873 2632 957 2686 ipse
991 2629 1236 2686 delinquens
1268 2631 1319 2671 sit
1352 2630 1541 2684 cognitus
1561 2627 1725 2684 publice
1751 2626 1816 2670 vel

198 2703 384 2746 occultus
417 2706 540 2758 atque
574 2704 750 2757 ignotus.

315 2772 511 2829 Exempla
548 2776 828 2828 proponantur
860 2772 909 2814 ad
944 2771 1227 2814 distinctiones
1259 2775 1299 2813 et
1329 2772 1615 2813 commentarii
1639 2769 1820 2813 elucida—

200 2846 364 2886 tionem.
401 2842 625 2886 Delictum:
660 2841 693 2884 10
726 2842 777 2885 ab
811 2841 930 2886 Urbis
963 2840 1300 2898 ephemeridibus
1323 2840 1497 2883 relatum
1521 2844 1581 2882 est
1608 2843 1719 2882 certo
1743 2851 1816 2894 pu-

203 2915 351 2957 blicum
387 2914 436 2956 de
470 2915 586 2968 lacto,
625 2913 673 2955 110
697 2913 745 2956 ad
773 2914 878 2956 sores
900 2913 1099 2956 ecclesiae
1122 2913 1403 2966 commissum,
1422 2911 1519 2954 dum
1546 2910 1820 2967 egrediuntur
