1950 3313
636 140 721 174 Trr.
750 140 802 174 ΙΙ.
833 161 844 166 -
871 140 927 176 De
953 143 1231 177 consuetudine
1684 143 1750 177 113

123 258 432 303 conditionibus
465 259 672 317 praedita:
707 264 745 307 a]
781 259 1064 313 rationabilis,
1100 274 1266 317 nempe:
1302 263 1459 305 ratione
1492 274 1563 304 seu
1595 264 1749 304 motivo

122 330 305 385 suffulta,
338 331 443 374 sicut
476 329 539 373 lex
573 331 623 373 sit
658 335 817 386 oportet
851 333 968 374 cuius
1004 333 1084 374 vim
1122 334 1385 386 nanciscitur,
1421 336 1457 375 et
1484 332 1591 389 quod
1619 337 1749 388 potest,

124 403 368 458 contingere
401 403 523 444 etiam
558 400 609 444 ab
643 403 757 444 initio
790 404 877 445 sine
911 402 1031 458 culpa
1065 405 1274 458 agentium
1301 407 1440 446 contra
1467 405 1542 451 ius,
1567 403 1747 460 eoquod

128 472 287 529 «leges
320 471 526 515 humanae
561 474 599 514 in
634 471 841 529 aliquibus
874 472 1037 516 casibus
1070 473 1281 517 deliciunt.
1316 473 1433 518 Unde
1465 473 1658 530 possibile
1690 479 1749 517 est

121 543 373 601 quandoque
407 547 571 599 praeter
606 542 738 599 legem
774 556 910 598 agere.
946 546 983 586 in
1018 556 1114 587 casu
1149 544 1305 588 scilicet
1331 547 1367 587 in
1402 558 1483 602 quo
1506 544 1645 587 delicit
1671 544 1749 599 lex,

121 619 162 658 et
196 619 331 657 tamen
365 618 481 657 actus
515 627 594 656 non
629 616 705 657 erit
740 614 893 660 malus:
930 619 967 657 et
1002 628 1095 658 cum
1131 614 1233 658 tales
1265 628 1384 658 casus
1426 615 1750 672 multiplicantur

123 690 292 741 propter
323 683 504 741 aliquam
541 686 809 728 mutationem
846 685 1075 741 hominum,
1112 691 1207 729 tunc
1243 688 1527 729 manifestatur
1560 699 1631 743 per
1653 700 1748 729 con-

120 756 384 800 suetudinem
420 756 529 813 quod
566 755 629 799 lex
668 756 840 799 ulterius
873 770 951 799 non
987 762 1045 800 est
1080 756 1212 808 utilis;
1247 759 1351 800 sicut
1375 759 1497 800 etiam
1520 759 1751 801 manifesta-

121 831 250 880 retur,
268 828 300 870 si
336 825 398 870 lex
434 829 640 870 contraria
669 826 796 870 verbo
822 827 1167 884 promulgaretur.
1192 828 1231 870 Si
1256 833 1391 870 autem
1417 827 1552 871 adliuc
1589 833 1749 871 maneat

122 899 227 941 ratio
261 897 422 952 eadem,
457 902 625 954 propter
658 910 781 954 quam
819 900 950 954 prima
989 898 1078 953 (seu
1128 897 1326 954 existens)
1377 898 1438 941 lex
1493 898 1602 941 utilis
1649 903 1749 943 crat,

121 981 201 1011 non
236 968 493 1011 consuetudo
528 967 674 1025 legem,
721 968 790 1011 sed
838 968 899 1011 lex
942 969 1283 1012 consuetudinem
1333 971 1481 1016 vincit;
1527 969 1602 1011 nisi
1650 970 1749 1011 forte

120 1042 290 1099 propter
322 1037 398 1081 hoc
432 1038 563 1081 solum
602 1038 756 1081 inutilis
790 1038 853 1082 lex
891 1039 1097 1093 videatur,
1130 1041 1324 1095 quoniam
1361 1051 1438 1081 non
1464 1042 1523 1081 est
1548 1037 1751 1094 possibilis

118 1109 350 1152 secundum
385 1109 726 1153 consuetudinem
764 1112 932 1166 patriae,
968 1122 1074 1166 quae
1107 1114 1194 1152 erat
1238 1122 1317 1152 una
1355 1109 1406 1152 de
1445 1108 1751 1152 conditionibus

122 1179 238 1236 legis.
273 1179 447 1224 Difficile
496 1183 605 1223 enim
656 1185 715 1223 est
759 1180 1102 1223 consuetudinem
1149 1180 1426 1223 multitudinis
1465 1192 1748 1223 removere».

121 1250 360 1294 Secundum
396 1251 472 1295 hoc
507 1253 633 1308 igitur
665 1252 840 1295 sufficiet
880 1251 987 1308 quod
1022 1253 1072 1294 sit
1111 1250 1457 1295 «rationabilis»
1496 1250 1751 1294 consuetudo

119 1323 287 1380 quando
320 1321 471 1366 debeat
509 1325 630 1366 «iuri
679 1323 983 1380 praeiudicium
1033 1323 1229 1366 inferre»
1283 1324 1394 1365 iuxta
1443 1330 1664 1379 sequentes
1712 1324 1748 1364 in

117 1405 278 1437 canone
311 1393 592 1437 conditiones:
630 1393 672 1451 b)
705 1399 744 1436 e!
768 1393 954 1450 leqitime
985 1393 1023 1436 id
1060 1398 1142 1437 est:
1177 1395 1265 1436 sine
1299 1394 1556 1450 oppositione
1585 1393 1634 1436 ad
1660 1405 1748 1436 can.

124 1463 236 1507 1509
271 1466 382 1507 circa
419 1466 756 1521 praescriptionis
790 1466 1001 1522 requisita,
1022 1477 1097 1507 nec
1123 1466 1351 1520 interrupta
1385 1463 1433 1506 ad
1470 1475 1657 1505 normam
1685 1474 1752 1518 pa-

121 1534 252 1578 ralleli
287 1548 378 1578 can.
414 1535 541 1590 1725,
576 1549 613 1580 n.
649 1535 672 1578 4
708 1534 748 1592 c)
780 1548 857 1592 per
888 1548 1021 1577 anuos
1065 1533 1353 1592 quadragsiula
1399 1533 1540 1591 (atque
1588 1535 1645 1577 sic
1695 1533 1750 1576 di-

122 1610 281 1662 rempta
315 1610 375 1649 est
407 1609 595 1664 quaestio
628 1606 679 1650 de
712 1606 821 1650 illius
854 1606 1146 1663 diuturnitate)
1171 1605 1390 1649 continuos
1428 1605 1562 1662 quoad
1587 1617 1748 1647 succes-

119 1678 279 1719 sionem
313 1682 351 1720 et
383 1677 607 1735 completos·
646 1677 781 1734 quoad
831 1676 1021 1720 ultimum
1072 1679 1195 1720 etiam
1244 1676 1353 1719 diem
1388 1677 1419 1719 si
1455 1677 1566 1719 nosci
1601 1681 1748 1732 posset.

120 1750 316 1804 quocirca
356 1748 622 1792 «sumendos
656 1753 775 1804 prout
809 1753 902 1791 sunt
932 1750 970 1790 in
995 1747 1276 1791 calendario»
1316 1750 1428 1790 iuxta
1461 1749 1746 1798 exceptionem

120 1817 153 1873 §¹
190 1819 250 1861 2³⁶
282 1824 390 1862 can.⁸
423 1819 490 1873 3⁶2,
523 1818 806 1877 praescripta,
841 1832 888 1862 eo
932 1818 1041 1876 quod
1079 1832 1152 1875 pro
1195 1820 1491 1862 communitate
1529 1822 1744 1861 consuetu-

119 1889 258 1933 dinem
294 1895 489 1933 servante
522 1894 582 1933 est
621 1890 814 1933 «modus
846 1903 889 1932 se
925 1888 1128 1933 liberandi
1155 1905 1174 1930 3)
1214 1890 1323 1947 (can.
1368 1889 1493 1944 1508}
1527 1901 1549 1932 a
1593 1893 1750 1931 contra-

119 1963 179 2004 ria
213 1960 317 2018 lege.

238 2032 383 2087 Quoad
420 2037 583 2089 tempus
615 2037 753 2076 autem
790 2032 1080 2076 observantiae
1115 2033 1247 2088 magis
1279 2035 1461 2075 coarctat
1490 2030 1749 2074 consuetudi-

121 2117 193 2148 nes
226 2116 357 2148 canon
392 2104 572 2148 addens:
609 2109 754 2147 eoulra
780 2103 907 2160 leuem
935 2117 1027 2146 vero
1055 2102 1379 2145 ecelesiaslimtm
1416 2103 1656 2158 praesertim
1681 2115 1745 2144 su-

124 2187 293 2231 premae
327 2176 595 2219 auctoritatis.
632 2188 710 2217 non
746 2179 888 2217 contra
934 2176 995 2216 ius
1037 2173 1464 2225 consuetudinarium,
1500 2185 1572 2215 nec
1607 2185 1746 2228 quam·

121 2245 219 2289 libet
254 2246 433 2301 illar,um
465 2247 535 2289 sed
571 2260 678 2303 quae
701 2244 934 2288 clausulam
974 2243 1112 2288 verbis
1134 2245 1353 2288 conflatam
1389 2243 1614 2288 comma!
1638 2243 1744 2300 quod

118 2321 179 2360 est
213 2319 252 2360 in
286 2317 587 2361 consuetudine
622 2329 700 2374 qua
735 2315 803 2359 tali
845 2315 1110 2372 impossibile
1144 2314 1316 2373 secturus
1339 2313 1658 2357 consuetudines
1696 2316 1744 2356 ei

118 2387 213 2431 dem
251 2386 329 2443 legi
369 2387 568 2431 auxen-sas
613 2385 899 2454 prolabentem
948 2385 1209 2429 solummodo
1257 2399 1306 2428 ne
1357 2366 1616 2434 inducantur
1667 2397 1746 2439 quo

124 2463 241 2514 pacto
278 2457 486 2514 legislator
517 2458 695 2501 ostendit
730 2456 1002 2501 talidioiibus
1039 2455 1265 2500 rationibus
1298 2455 1408 2503 duci
1452 2457 1549 2512 quin
1595 2435 1744 2497 iudicet

123 2541 201 2571 non
238 2542 354 2584 posse
389 2531 496 2585 ipsas
529 2531 566 2572 in
603 2530 785 2572 futurum
822 2530 1014 2579 ‹lenaei-,e
1038 2527 1128 2571 sola
1159 2526 1449 2585 praescribere
1476 2531 1611 2583 potes!
1635 2525 1742 2567 aule—

121 2599 249 2642 rendo
284 2599 391 2642 illius
425 2599 526 2655 legis
562 2602 746 2656 vigorem
792 2598 1063 2642 rati'omtln'lis
1105 2598 1249 2641 saltem
1293 2597 1458 2655 quando
1504 2594 1742 2651 praescribit

119 2669 373 2713 consuetudo
408 2684 479 2726 per
511 2674 852 2714 communitatem
888 2670 937 2713 ad
983 2682 1170 2712 normam
1216 2681 1304 2711 can.
1343 2668 1393 2709 26
1427 2671 1606 2719 sei-vata,
1639 2678 1743 2723 quae

123 2744 202 2784 iam
236 2743 287 2784 sit
310 2741 553 2783 centenaria
579 2746 653 2783 au!
682 2739 1026 2784 immemorabilis
1058 2739 1134 2783 sub
1164 2738 1284 2781 Tituli
1321 2738 1441 2781 liuius
1480 2739 1743 2792 inscriptione

118 2812 341 2856 declarata.

243 2883 414 2927 Demum
455 2882 726 2938 «Superioris
750 2882 1017 2925 ecclesiastici
1042 2892 1286 2923 consensum
1314 2895 1332 2919 »
1371 2878 1478 2935 (ean.
1506 2877 1577 2929 225)
1601 2877 1743 2919 deesse

287 2973 383 3001 BLA‘r
405 2988 423 2993 -
450 2971 572 3000 Comm.
602 2971 685 3000 Tetl.
714 2970 788 2999 Coei.
815 2970 887 2998 [ur.
913 2970 994 2998 Can.
1602 2966 1619 2991 8
