1950 3313
680 177 718 200 ΙΝ
748 177 826 202 Hoc
852 167 1187 203 COMMENTARIUM
1699 171 1741 203 21

108 284 270 328 culares
313 285 679 329 determinationes
724 285 825 341 legis
871 286 1068 329 naturalis
1113 287 1170 343 (in
1220 286 1450 330 Ena-tesiam
1486 289 1607 330 etiam
1645 287 1745 343 legis

108 355 308 413 divinae),
341 355 391 399 ad
426 367 529 413 quas
561 355 730 412 quidem
765 356 1132 400 determinationes
1165 370 1208 400 se
1250 356 1374 400 hahet
1406 363 1669 413 expertorum
1705 363 1743 401 et

116 426 364 482 prudentum
400 426 598 468 iudicium
635 425 808 482 (quanto
844 429 973 482 magis
1007 426 1307 483 Episcoporum
1339 429 1375 469 iu
1401 427 1581 470 Concilio
1606 433 1643 470 et
1676 429 1742 471 55.

113 496 372 549 Pontificum,
399 509 493 539 cum
528 495 678 553 quihus
711 501 771 539 est
808 496 995 539 Clu-istus
1027 510 1074 540 ac
1109 499 1290 553 Spiritus
1324 500 1497 541 Sanctus
1532 511 1659 555 usque
1693 498 1741 540 ad

107 569 506 611 consummationem
539 566 726 622 saeculi),
761 569 865 609 sicut
901 567 950 610 ad
986 568 1192 624 quaedam
1250 570 1466 624 principia,
1502 571 1742 624 inquantum

109 639 265 683 scilicet
288 640 423 681 statim
448 637 585 680 vident
610 638 709 695 quid
735 640 1032 693 congruentius
1055 641 1105 681 sit
1132 639 1446 694 particulariter
1469 640 1747 682 determinan-

108 711 219 753 dum.
240 708 356 753 Unde
377 708 647 764 Philosophus
664 709 789 752 dicit¹
818 709 943 766 quod.
965 709 1004 750 in
1038 709 1194 751 {atilius
1231 715 1421 766 opportet
1444 710 1658 751 attendere
1683 710 1742 751 iu-

108 779 263 823 dicium
295 784 564 836 esperlorum
587 784 625 821 et
648 779 861 821 semcrnm
896 779 956 821 rel
982 778 1237 836 prudentiori
1277 779 1316 821 ιἰι
1352 779 1744 822 (lentona(rabilibus

106 849 471 893 emmce'alionibus
489 855 527 891 el
545 849 825 906 opinionibus,
842 864 920 892 non
943 850 1024 892 min
1034 864 1079 892 us
1095 864 1220 907 (μιαηι
1243 849 1573 892 demonstrativo}
1583 849 1708 892 e‘lms.»

227 920 274 964 Et
320 922 378 963 sic
430 924 552 976 patet.
589 934 666 963 non
717 920 860 964 deesse
911 922 1114 976 principia
1167 920 1361 977 equidem
1411 925 1536 963 certa.
1571 934 1618 963 ex
1667 932 1743 962 una

108 997 223 1050 parte
255 990 307 1035 ob
332 991 469 1035 lumen
506 991 601 1034 tidei
634 1004 681 1034 ac
717 991 855 1034 lumen
883 993 1065 1047 rationis,
1099 1005 1148 1034 ex
1185 991 1313 1034 altera
1342 1004 1438 1034 vero
1464 991 1741 1047 legislatorum

110 1063 342 1119 prudentia,
376 1061 527 1119 quibus
559 1076 611 1105 ss.
646 1075 826 1105 canones
861 1064 1095 1105 innituntur
1130 1067 1342 1119 tamquam
1381 1061 1675 1105 conclusiones.
1708 1067 1745 1104 et

108 1146 214 1191 quae
249 1135 451 1190 principia
484 1138 521 1176 et
557 1135 737 1176 rationes
772 1137 812 1176 ut
849 1133 1073 1189 plurimum
1101 1131 1357 1176 exhibentur
1393 1135 1428 1174 in
1465 1134 1561 1187 ipsis
1591 1131 1747 1187 legibus

107 1204 400 1248 ecclesiasticis
426 1203 537 1247 velut
573 1206 725 1246 motiva
753 1203 891 1259 legum
921 1207 1103 1259 ipsarum
1130 1203 1410 1246 serendarum.
1432 1203 1557 1245 Adest
1582 1215 1744 1259 quoque

107 1277 216 1319 circa
252 1275 572 1331 praedictarum
622 1274 935 1318 conclusionum
989 1288 1061 1317 seu
1112 1288 1164 1317 ss.
1199 1286 1403 1317 canonum
1457 1272 1742 1316 rectitudinem

107 1346 329 1399 cei-titudo,
351 1359 400 1389 ex
438 1345 516 1389 illis
549 1347 764 1402 principiis
797 1357 844 1389 ac
879 1344 1108 1388 rationibus
1144 1347 1409 1401 proveniens,
1432 1357 1554 1400 quam
1582 1345 1741 1386 lirmant

109 1422 323 1473 praeterea
348 1417 539 1472 Supremi
569 1417 744 1460 l'astoris
771 1418 995 1460 auctoritas
1018 1421 1057 1459 et
1080 1416 1258 1472 Spiritus
1281 1416 1417 1459 Sancti
1443 1415 1709 1457 adiutmium.

229 1487 413 1545 Denique
447 1487 569 1531 huius
605 1487 864 1531 rectitudinis
894 1486 1097 1530 stabilitas
1129 1500 1200 1529 seu
1240 1488 1394 1529 veritas
1429 1487 1607 1542 practica
1643 1487 1747 1527 inter

112 1572 251 1602 rerum
287 1558 562 1602 humanarum
589 1558 752 1612 t'luctus,
777 1558 880 1601 adeo
904 1558 1156 1601 sufficienter
1182 1561 1318 1600 manet
1354 1556 1486 1608 salva,
1511 1561 1550 1598 ut
1574 1557 1743 1598 scientia

107 1641 272 1686 semper
308 1631 518 1673 virescens
551 1634 587 1672 et
625 1629 834 1673 radicibus
870 1630 1062 1685 praelatis
1097 1630 1236 1671 innixa
1263 1630 1351 1671 sine
1376 1626 1502 1670 duhio
1535 1629 1583 1669 sit
1619 1640 1743 1682 agno-

107 1703 275 1744 scenda.
310 1699 474 1743 Etenim
500 1702 604 1743 sicut
628 1702 682 1743 ait
709 1699 754 1742 D.
788 1699 859 1743 Th.
896 1700 909 1721 ²
950 1715 969 1739 «
991 1712 1068 1741 non
1104 1704 1164 1741 est
1201 1697 1344 1741 eadem
1383 1696 1590 1739 eei-titudo
1624 1710 1745 1753 qeme-

113 1770 244 1813 remla
290 1771 331 1813 ιῖη.
365 1770 566 1819 orambim,
607 1775 649 1814 ut
681 1770 832 1826 (Ethic.
870 1770 892 1813 l.
934 1771 944 1812 1
986 1785 1020 1814 c.
1046 1770 1068 1812 3
1107 1772 1144 1812 in
1182 1772 1316 1825 princ.
1357 1773 1431 1811 etc.
1470 1769 1492 1810 7
1529 1767 1605 1810 sul)
1649 1766 1746 1822 line)

111 1842 277 1885 dicitur.
310 1841 427 1886 Unde
460 1844 497 1884 in
535 1841 658 1885 relius
694 1840 1041 1897 contingentibus,
1077 1843 1184 1883 sicut
1224 1845 1316 1883 sunt
1359 1838 1577 1888 naturalia,
1612 1843 1647 1880 et
1684 1852 1747 1880 res

111 1912 329 1967 humanae,
354 1913 505 1956 sufficit
530 1912 620 1956 talis
643 1913 860 1962 certitudo,
884 1917 925 1955 ut
949 1911 1104 1969 aliquid
1132 1914 1183 1954 sit
1210 1924 1353 1954 verum
1391 1914 1433 1953 ut
1468 1912 1505 1952 iu
1543 1908 1745 1965 pluribus:

110 1983 203 2027 licet
229 1984 435 2027 interdum
461 1984 625 2027 deliciat
652 1989 692 2026 ut
718 1985 755 2025 in
783 1981 1047 2039 paucioribus
1070 1998 1106 2022 )).
1136 2008 1186 2012 —
1214 1981 1260 2024 Et
1294 1983 1351 2024 sic
1384 1985 1491 2037 patet
1528 1982 1649 2022 etiam
1686 1993 1746 2021 re-

110 2057 276 2109 sponsio
310 2055 359 2097 ad
397 2053 487 2097 18²³.
522 2055 679 2098 Sullicit
727 2056 836 2097 enim
885 2053 1096 2096 evidentia
1133 2052 1183 2096 de
1220 2053 1452 2108 mincipiis,
1486 2063 1589 2107 quae
1629 2049 1749 2093 hahe-

110 2130 176 2169 tur
200 2128 238 2169 in
262 2127 445 2169 scientiis
468 2138 645 2182 quarum
669 2124 906 2170 subalterna
937 2129 995 2167 est
1034 2126 1134 2166 iuris
1168 2125 1359 2166 canonici
1387 2122 1587 2175 doctrina,
1611 2120 1744 2178 quoad

108 2210 173 2240 res
208 2210 306 2240 vero
339 2198 595 2253 experientia
630 2198 816 2252 cognitas
849 2194 1000 2253 quibus
1035 2197 1156 2238 etiam
1180 2195 1383 2247 innititur,
1419 2205 1614 2236 sensuum
1650 2205 1744 2234 auc-

114 2269 375 2325 toritatisque
418 2267 624 2310 humanae
667 2269 833 2310 criteria
874 2266 1095 2309 evidenter
1133 2267 1233 2308 satis
1267 2268 1471 2307 constant.
1508 2262 1553 2305 Et
1588 2265 1644 2305 sit¹
1698 2261 1747 2304 de

110 2352 163 2382 ss.
205 2338 433 2381 canonibus
480 2351 623 2381 verum
669 2351 833 2395 quoque
877 2342 937 2380 est
973 2338 986 2357 ³
1035 2336 1187 2392 «quod
1237 2338 1274 2377 in
1323 2334 1547 2378 universati
1594 2332 1741 2375 hahent

99 2399 327 2455 Trauonem.
364 2422 442 2451 uon
476 2413 613 2452 autem
650 2414 851 2465 quamtum
887 2408 936 2450 ad
976 2406 1248 2464 particulares
1278 2406 1532 2449 conditiones
1570 2404 1638 2445 sed
1667 2403 1740 2445 liae

111 2484 202 2522 suut
237 2492 286 2522 ex
336 2479 508 2523 arbitrio
543 2482 885 2523 instituentium»
926 2491 1007 2522 eas.

229 2550 289 2593 Ad
329 2549 402 2594 Vm.
436 2551 660 2594 dicendum
688 2552 716 2601 ⁴,
756 2550 903 2608 «quod
952 2549 1194 2606 prudentiae
1231 2548 1421 2604 politicae
1454 2547 1602 2603 (ides12
1639 2558 1743 2601 [μων

110 2620 337 2664 ordinatur
370 2620 426 2663 ad
458 2620 605 2663 bonum
648 2635 861 2664 cortinulae
903 2620 1090 2662 civitatis
1137 2618 1196 2661 rel
1243 2618 1374 2673 requi,
1410 2631 1478 2659 seu
1518 2614 1740 2669 Ecclesiae)

110 2697 202 2735 sunt
237 2692 343 2735 duae
378 2693 562 2747 species:
601 2705 679 2735 una
714 2704 819 2749 quae
853 2696 909 2734 est
948 2691 1084 2745 legum
1124 2692 1315 2745 positiva.
1350 2702 1455 2745 quae
1491 2689 1663 2742 pertinet
1690 2685 1737 2726 ad

232 2872 239 2892 ¹
270 2869 400 2903 Ethie.
444 2869 513 2902 lib.
544 2868 597 2902 VI
637 2880 666 2902 c.
699 2871 735 2902 ll
765 2868 811 2901 ad
840 2868 907 2901 fin.
953 2888 969 2891 ν
1032 2868 1043 2888 ’·’
1075 2869 1104 2899 l.
1134 2868 1164 2898 2.
1194 2878 1227 2907 q.
1261 2864 1379 2898 ‹fxx‘I
1420 2876 1450 2897 a.
1487 2865 1499 2895 1
1535 2862 1581 2895 ad
1610 2864 1669 2894 22121.
1699 2881 1741 2884 -

108 2918 122 2939 3
148 2917 235 2951 1-ΙΙ.
268 2929 302 2961 q.
333 2917 415 2951 CH.
445 2928 478 2952 a.
504 2917 538 2956 2,
567 2915 614 2949 ad
641 2918 673 2950 3.
705 2936 748 2940 —
775 2916 787 2936 4
816 2916 860 2949 D.
884 2914 954 2948 Th.
985 2916 1017 2947 2.
1048 2916 1080 2946 2.
1112 2925 1145 2957 q.
1176 2912 1321 2945 XLVII
1351 2922 1383 2943 a.
1408 2912 1460 2943 12.
1489 2909 1560 2943 Sed
1589 2915 1738 2941 contra.
