1950 3313
121 144 164 177 14
793 144 1070 178 INTRODUCTIO

119 262 376 306 saecularem
425 267 465 305 et
512 261 835 305 ecclesiasticam
881 267 992 306 recte
1035 261 1329 312 subdividitur,
1375 263 1425 306 de
1473 275 1553 321 qua
1604 263 1746 307 ultima

121 341 221 382 int'ra
258 338 431 383 dicetur.
467 337 516 381 Et
548 340 606 382 sic
644 338 808 382 videtur
847 338 1113 394 intelligenda
1153 341 1384 382 communis
1430 339 1508 382 DD.
1545 342 1748 384 sententia

120 413 157 452 in
194 414 340 467 quarto
375 414 620 465 argumento
655 409 846 452 adducta.

866 592 870 597 ’
902 586 966 630 lll.

646 696 720 748 De
760 696 887 748 Iure
927 696 1216 748 canonico.

239 838 276 879 8.
315 838 435 882 luris
479 838 702 882 canonici
746 838 1066 893 etymologia.
1103 862 1160 866 —
1203 835 1380 880 «Canon
1424 849 1585 893 graece,
1627 836 1751 880 latine

121 908 262 964 regula
308 912 609 964 nuncupatur»
664 909 724 961 (c.
763 907 801 949 1.
834 906 876 949 D.
918 906 1022 964 lll.).
1062 906 1222 950 Etenim
1268 907 1318 950 de
1361 920 1403 950 se
1446 907 1646 964 applicari
1686 920 1751 963 po-

121 981 262 1022 tuisset
298 978 396 1021 illud
435 977 609 1021 verbnm
645 977 979 1035 quibuscumque
1018 977 1179 1034 legibus
1212 980 1333 1021 etiam
1359 977 1655 1033 saecularibus,
1690 982 1751 1021 ut-

122 1053 214 1104 pote
247 1061 353 1106 quae
392 1047 559 1104 regulae
592 1048 741 1104 agendi
778 1050 943 1104 proprie
991 1052 1098 1092 sunt.
1147 1049 1338 1091 Attamen
1378 1047 1477 1092 illud
1517 1061 1666 1092 nomen
1701 1047 1752 1092 ab

120 1122 366 1178 antiquitate
399 1132 446 1163 ac
480 1122 604 1162 etiam
645 1132 754 1162 nunc
797 1118 848 1163 al)
892 1118 1084 1163 omnibus
1124 1118 1345 1163 adhibetur
1384 1119 1434 1162 ad
1477 1119 1754 1176 designandas

120 1196 206 1234 tum
242 1190 503 1233 definitiones
538 1190 647 1245 titlei,
679 1202 785 1247 quae
823 1194 1023 1233 vocantur
1056 1203 1234 1233 canones
1267 1190 1508 1246 dogmatici,
1543 1192 1633 1233 sive
1666 1202 1755 1242 spe-

119 1260 322 1305 culativas
369 1263 563 1304 veritates
606 1263 855 1315 contineant,
891 1263 980 1303 sive
1024 1274 1186 1303 morum
1231 1260 1464 1312 doctrinas;
1510 1266 1595 1304 tum
1641 1260 1753 1317 leges

119 1332 406 1388 disciplinares
430 1331 655 1384 Ecclesiae,
681 1337 801 1388 prout
824 1334 948 1374 etiam
976 1332 1117 1374 videre
1142 1336 1203 1374 est
1227 1333 1266 1374 in
1291 1331 1438 1374 eodem
1472 1330 1595 1375 Conc.
1620 1330 1752 1374 Trid.⁰

120 1408 214 1446 ante
248 1402 344 1446 Dec.
378 1402 428 1445 de
463 1403 536 1445 ref.
572 1404 611 1445 in
648 1402 836 1445 Proemio
869 1415 968 1445 sess.
991 1401 1107 1445 XIV:
1146 1402 1272 1456 «hos,
1306 1404 1375 1460 qui
1408 1407 1652 1460 sequuntur,
1686 1414 1751 1445 ca·

122 1487 250 1517 nones
282 1473 522 1517 statuendos
555 1478 594 1516 et
626 1473 911 1517 decernendos
944 1473 1119 1516 duxit».
1154 1473 1218 1516 lus
1251 1486 1351 1529 ergo
1383 1475 1645 1527 canonicum,
1681 1486 1753 1529 pro

121 1545 267 1588 eodem
302 1544 592 1601 accipiendum
616 1549 676 1587 est
699 1556 747 1587 ac
790 1543 902 1600 leges
925 1543 1174 1587 universalis
1196 1543 1418 1587 Ecclesiae.
1446 1543 1603 1587 Harum
1642 1545 1752 1586 enim

121 1618 333 1672 proprium
367 1620 440 1669 est,
477 1620 518 1658 ut
553 1619 719 1671 propter
752 1617 1028 1658 assistentiam
1060 1615 1238 1670 Spiritus
1270 1614 1407 1658 Sancti
1433 1627 1557 1672 qnam
1583 1613 1628 1658 R.
1655 1614 1753 1657 Pon-

121 1687 220 1730 tifex
255 1691 378 1743 atque
420 1684 543 1729 Conc.
580 1685 864 1730 OEcumenica
908 1685 1072 1740 habent,
1109 1685 1207 1728 nihil
1234 1686 1446 1741 praefatae
1472 1684 1584 1741 leges
1622 1686 1752 1728 conti-

121 1762 243 1801 neant
278 1757 436 1813 legibus
471 1757 646 1801 naturali
681 1769 728 1800 ac
762 1756 930 1799 divinae
962 1758 1216 1799 contrarium
1253 1755 1317 1799 vel
1357 1755 1408 1799 ab
1447 1758 1506 1799 eis
1549 1755 1753 1811 difforme,

123 1828 232 1885 quod
267 1830 392 1871 asseri
428 1841 508 1871 non
543 1832 675 1884 potest
697 1841 862 1884 semper
886 1827 935 1870 de
960 1826 1122 1883 legibus
1155 1839 1177 1870 a
1211 1826 1313 1870 laica
1344 1831 1544 1883 potestate
1579 1826 1754 1883 promul-

124 1900 242 1954 gatis.
284 1897 481 1952 «Regula
520 1911 618 1941 vero
651 1897 761 1941 dicta
794 1901 866 1952 est,
892 1910 940 1940 eo
972 1897 1081 1954 quod
1118 1901 1229 1940 recte
1252 1897 1389 1940 ducit:
1424 1909 1500 1940 nec
1533 1895 1756 1954 aliquando

124 1968 321 2012 aliorsum
355 1968 495 2013 trahit.
530 1968 610 2011 Alii
645 1968 842 2012 dixerunt
875 1967 1060 2025 regulam
1096 1967 1264 2023 dictam,
1292 1967 1356 2011 vel
1391 1967 1500 2025 quod
1535 1971 1665 2024 regat,
1691 1966 1756 2010 vel

124 2040 233 2098 quod
269 2052 456 2083 normam
490 2044 602 2083 recte
640 2039 807 2082 vivendi
843 2037 1051 2096 praebeat,
1079 2038 1141 2081 vel
1167 2038 1275 2095 quod
1309 2038 1527 2082 distortum
1564 2050 1757 2094 pravum-

125 2124 205 2169 que
239 2113 467 2166 corrigat»
508 2109 571 2167 (c.
608 2110 630 2152 ἱ)
666 2109 713 2154 D.
748 2109 856 2166 Ill).

245 2184 281 2224 9.
317 2184 543 2227 Eiusdem
578 2183 708 2227 aliae
741 2183 1182 2227 denominationes.
1218 2206 1271 2210 —
1305 2177 1370 2224 Ob
1405 2181 1522 2223 istam
1554 2181 1755 2222 rationem

127 2257 165 2296 et
199 2255 294 2310 quia
334 2252 400 2295 lus
437 2264 581 2295 canon.
618 2256 819 2308 potestate
865 2264 936 2307 per
973 2250 1107 2294 lesum
1148 2263 1295 2293 verum
1339 2249 1470 2293 Deum
1515 2249 1755 2292 immediate

126 2323 275 2367 tradita
308 2322 520 2366 conditum
556 2327 631 2377 est,
665 2326 789 2379 atque
828 2335 916 2365 «ex
945 2320 1260 2364 auetoritatibus
1294 2322 1389 2363 novi
1425 2324 1464 2364 et
1491 2321 1642 2364 veteris
1665 2319 1756 2363 Tes-

127 2395 297 2437 tamenti
356 2397 495 2449 postea
546 2397 837 2449 processerunt
884 2393 1107 2435 canonicae
1155 2393 1448 2442 sanctiones»,
1484 2392 1495 2413 ¹
1532 2390 1756 2448 aliquando

129 2464 236 2507 idem
269 2463 336 2506 lus
369 2462 558 2506 de'm‘num
592 2462 836 2519 appellatur,
870 2462 1028 2506 scilieet
1061 2461 1126 2519 (in
1157 2475 1192 2505 c.
1216 2461 1316 2505 Cum
1351 2461 1403 2504 de
1440 2461 1618 2504 diversis
1656 2461 1679 2503 “2
1703 2460 1755 2504 de

129 2534 318 2591 privileg.
354 2536 391 2577 in
427 2533 513 2590 ti.0)
548 2533 611 2576 his
646 2533 806 2577 verbis:
846 2533 1159 2590 «providimus,
1192 2532 1301 2589 quod
1341 2532 1494 2575 ibidem
1531 2531 1581 2575 de
1615 2535 1754 2575 cetero

129 2609 308 2661 regatur,
333 2609 372 2647 et
408 2606 545 2660 vigeat
577 2604 759 2647 studium
784 2606 884 2647 iuris
907 2603 1051 2657 (livini,
1077 2608 1116 2646 et
1139 2592 1322 2657 humani,
1346 2604 1534 2646 canonici
1562 2601 1754 2644 videlicet

126 2680 165 2718 et
188 2675 375 2718 civilis».
400 2674 534 2718 Etiam
561 2677 623 2718 ius
646 2674 973 2717 ecclesiasticum
995 2678 1165 2717 vocatur
1189 2678 1355 2730 propter
1378 2672 1586 2716 obiectum
1612 2673 1752 2728 ipsius,

127 2751 163 2789 et
201 2748 261 2789 ius
294 2759 460 2788 sacrum
493 2747 590 2803 quia
625 2747 809 2801 personis
842 2744 926 2788 Deo
960 2746 1091 2800 magis
1127 2743 1188 2787 vel
1226 2745 1360 2786 minus
1392 2744 1566 2787 sacratis
1599 2746 1658 2786 est
1683 2743 1753 2784 im-

245 2901 254 2921 1
283 2899 323 2933 C.
355 2898 534 2941 Qualiter
560 2902 599 2932 eb
626 2897 794 2943 quando,
826 2899 843 2931 1
870 2898 927 2932 De
954 2896 1313 2931 accusationibus...
1344 2896 1409 2931 tit.
1439 2896 1470 2939 Ι,
1501 2895 1570 2930 lib.
1600 2895 1646 2930 V.
1674 2894 1726 2929 X.
