1950 3313
645 506 836 555 PARS
877 507 1004 556 SEC
1017 510 1234 559 UNDA.

753 627 853 688 De
898 629 1134 689 Poenis

818 930 1002 977 SECTIO
1039 933 1064 975 l.

592 1029 673 1079 De
714 1029 914 1093 poenis
954 1030 1011 1081 iu
1055 1047 1284 1096 genere.

176 1196 259 1233 Cam.
290 1195 392 1232 2214.
430 1218 446 1223 -
475 1201 494 1240 g
519 1197 546 1231 1.
586 1196 745 1232 Nativum
774 1202 807 1232 et
836 1209 906 1242 pro—

129 1245 241 1290 prium
280 1244 449 1280 Ecclesiae
488 1245 541 1279 ius
576 1250 637 1284 est,
666 1245 906 1290 independens

125 1304 145 1327 a
172 1291 326 1338 qualibet
365 1292 522 1327 humana
555 1292 774 1333 auctoritate,
814 1303 906 1328 coer—

125 1339 225 1374 cendi
253 1340 472 1385 deliquentes
507 1340 571 1374 sibi
601 1339 759 1375 subditos
787 1340 906 1386 poenis

127 1392 199 1421 tum
227 1387 470 1433 spiritualibus
496 1392 568 1422 tuin
597 1387 701 1422 etiam
734 1392 906 1433 tempora-

127 1434 231 1470 libus¹

174 1486 192 1524 ς
220 1483 252 1516 2.
284 1481 366 1517 Prae
385 1482 494 1517 oculis
512 1487 628 1517 autem
646 1481 816 1516 habeatur
836 1493 906 1517 mo-

128 1529 240 1564 nitum
269 1530 375 1565 Cone.
405 1529 516 1570 Tri‹].‚
542 1541 625 1566 sess,
653 1528 741 1570 Xlll‚
763 1528 800 1563 (le
826 1530 906 1576 ref„

125 1587 201 1623 cap.
232 1577 264 1611 l:
298 1591 312 1609 «
335 1576 559 1612 Meminerint
592 1576 748 1623 Episcopi
776 1577 907 1623 aliique

125 1622 304 1660 Ordinarii
333 1635 369 1660 se
397 1629 552 1670 pastores
588 1636 657 1659 non
686 1635 906 1670 percussores

126 1683 211 1712 esse,
239 1677 343 1718 atque
383 1672 429 1706 ita
469 1683 625 1718 praeesse
663 1672 727 1707 sibi
756 1672 907 1707 subditis

127 1723 293 1764 oportere.
337 1723 373 1753 ut
413 1730 481 1754 non
518 1719 552 1753 in
592 1719 642 1755 eis
667 1719 905 1761 dominentur,

127 1766 183 1801 sed
213 1765 290 1801 illos
328 1771 497 1812 tanquam
532 1767 620 1802 tilios
645 1771 678 1802 et
707 1767 829 1802 fratres
855 1768 905 1802 di-

128 1813 238 1857 ligant
263 1813 511 1859 elaborentque
538 1819 574 1849 ut
594 1815 763 1850 hortando
781 1820 814 1850 et
835 1826 905 1850 mo-

127 1861 243 1895 nendo
267 1861 311 1895 ab
338 1861 468 1895 illicitis
506 1861 715 1903 deterreant,
756 1873 811 1903 ne,
848 1863 903 1897 ubi

127 1908 352 1953 deliquerint,
392 1909 519 1943 debitis
554 1921 610 1944 eos
654 1909 774 1953 poenis
815 1921 903 1945 coer-

126 1966 202 1991 cere
227 1961 415 2000 cogantur;
442 1968 528 2002 quos
556 1962 672 1991 tamen
693 1957 719 1991 si
741 1958 822 2003 quid
847 1969 905 2003 per

982 1198 1171 1233 humanam
1214 1200 1433 1243 fragilitatem
1476 1213 1612 1246 perraro
1650 1205 1740 1237 ronti

980 1247 1079 1290 gerit,
1110 1246 1168 1280 illa
1196 1247 1345 1292 Apostoli
1374 1253 1423 1282 ost
1449 1250 1492 1283 ab
1519 1261 1567 1282 eis
1586 1252 1751 1284 scrxanda

984 1294 1176 1339 praeceptio
1205 1299 1240 1328 ut
1268 1294 1342 1328 illos
1368 1301 1528 1339 arguant.
1559 1297 1751 1333 obsecrent.

982 1341 1161 1386 increpent
1182 1341 1214 1375 iu
1235 1342 1328 1375 omni
1348 1342 1498 1377 bonitate
1517 1348 1547 1377 et
1577 1345 1754 1389 liminaria.

980 1399 1057 1422 eum
1087 1400 1188 1434 saepe
1218 1389 1292 1434 plus
1318 1401 1399 1431 erga
1425 1391 1646 1433 corrigendos
1676 1403 1752 1433 agat

983 1436 1222 1471 benevolentia
1248 1448 1351 1481 quam
1379 1439 1573 1473 austeritas.
1607 1439 1681 1483 plus
1699 1451 1754 1473 ex—

981 1483 1127 1517 hortatio
1145 1494 1249 1528 quam
1269 1485 1506 1525 comminatio,
1527 1486 1602 1531 plus
1628 1486 1754 1520 caritas

980 1542 1083 1576 quani
1126 1535 1294 1576 potesta53
1336 1532 1388 1565 sin
1429 1537 1542 1566 autem
1571 1532 1613 1567 ob
1640 1534 1752 1567 delicti

979 1579 1183 1622 grant-«item
1213 1579 1307 1622 virga
1346 1591 1430 1624 opus
1460 1580 1536 1622 erit,
1568 1585 1648 1614 tunc
1675 1593 1752 1614 cum

982 1626 1251 1661 mausuetudine
1278 1626 1380 1670 rigor.
1411 1638 1488 1661 cum
1520 1627 1752 1662 misericordia

981 1672 1160 1710 iudicium,
1187 1684 1264 1707 cum
1295 1673 1434 1708 leuitate
1468 1680 1632 1708 sexeritas
1657 1675 1754 1709 adhi-

981 1720 1090 1754 benda
1119 1725 1178 1759 est,
1200 1725 1235 1754 ut
1254 1721 1329 1755 sine
1348 1721 1532 1766 asperitate
1557 1722 1755 1767 disciplina.

982 1768 1115 1812 populis
1139 1768 1301 1802 salutaris
1327 1779 1366 1802 ac
1387 1769 1591 1803 neccssaria
1621 1781 1755 1803 conser-

981 1821 1077 1849 vetui·
1094 1820 1126 1849 et
1145 1816 1200 1860 qui
1231 1816 1370 1849 correcti
1401 1816 1542 1855 fuerint,
1570 1817 1752 1851 emended

979 1867 1034 1896 tur
1059 1868 1128 1903 aut,
1156 1863 1182 1896 si
1204 1863 1402 1908 resipiscere
1424 1863 1609 1903 noluerint,
1637 1863 1752 1899 celeri.

978 1909 1108 1944 salubri
1139 1910 1172 1943 in
1200 1921 1256 1945 cos
1291 1910 1606 1945 animadversionis
1639 1922 1754 1945 exem—

980 1957 1047 2003 plo⁷
1075 1970 1095 1991 a
1123 1957 1213 1991 vitiis
1239 1957 1531 1992 deterreantur».

245 2068 311 2112 ⁶28.
349 2070 513 2116 Partis
536 2084 596 2116 ac
619 2071 863 2117 Sectionis
886 2073 1248 2127 inscriptiones.
1267 2096 1323 2100 —
1346 2070 1564 2126 l'ropositis
1585 2070 1751 2125 regulis,

124 2144 169 2183 ut
199 2139 350 2183 delicta
385 2142 424 2183 in
459 2143 548 2184 iure
579 2144 780 2185 canonico
814 2145 1003 2198 apprime
1048 2146 1364 2197 cognoscantur,
1405 2142 1454 2184 ad
1494 2154 1643 2196 poenas
1679 2140 1750 2183 Ec-

125 2210 275 2254 clesiae
311 2213 498 2267 proprias
523 2211 640 2268 plene
673 2212 964 2256 dilucidandas
997 2212 1172 2265 accedit,
1206 2212 1433 2255 secundum
1466 2211 1572 2267 quod
1607 2225 1755 2267 scopus

126 2280 234 2325 Libri
274 2280 302 2323 V
336 2281 543 2339 exigebat.
577 2282 694 2335 Quae
734 2282 838 2326 Pars
871 2283 1054 2326 secunda
1090 2285 1283 2337 inscripta
1323 2281 1379 2324 lie
1409 2282 1555 2339 poenis
1595 2287 1651 2323 est
1699 2296 1754 2324 re-

124 2352 363 2409 stringenda
397 2353 447 2396 ad
484 2367 636 2410 poenas
670 2354 986 2402 ecclesiasticas,
1024 2356 1077 2396 uti
1117 2353 1267 2409 patebit
1303 2367 1352 2395 ex
1387 2366 1476 2396 can.
1512 2353 1636 2405 2215,
1662 2366 1751 2395 nani

128 2436 258 2478 poena
294 2426 332 2466 in
365 2437 407 2467 se
431 2430 491 2467 est
529 2427 748 2481 «privatio
782 2425 1004 2469 cuiuslibet
1029 2424 1121 2468 boni
1146 2424 1195 2467 ad
1224 2423 1429 2466 hominen]
1458 2425 1696 2479 pertinentis=
1718 2441 1752 2471 »,

125 2494 418 2552 undecumque
452 2497 670 2552 proveniat
704 2501 743 2539 et
775 2509 926 2552 corpus
963 2495 1022 2538 vel
1059 2497 1256 2548 animam,
1290 2493 1453 2551 aliaque
1485 2494 1637 2536 homini
1664 2507 1754 2534 ron-

127 2567 333 2608 venientia
366 2566 531 2609 alliciat.
567 2592 620 2597 —-
656 2566 832 2623 Logicus
865 2566 966 2609 ordo
1000 2565 1233 2621 expostulat
1258 2578 1305 2607 ac
1330 2564 1577 2620 expeditiori
1605 2568 1752 2605 tracta-

126 2637 247 2678 tionis
282 2637 373 2679 viae
407 2639 612 2693 congruit,
648 2640 826 2694 primuni
864 2636 1029 2680 tradere
1063 2648 1242 2688 normas,
1275 2648 1380 2691 quae
1414 2634 1462 2676 ad
1500 2648 1649 2690 poenas
1671 2635 1749 2674 sin-

125 2705 243 2762 gulas
276 2711 470 2762 aptantur
493 2712 532 2751 et
551 2707 646 2752 hinc
672 2708 928 2751 descendere
952 2707 1000 2749 ad
1029 2706 1343 2763 perpendendas
1366 2705 1560 2759 singulas.
1586 2706 1751 2759 (letiuw

126 2789 226 2833 ergo
246 2790 339 2833 pars
363 2779 400 2820 in
425 2777 528 2822 duas
552 2779 801 2835 dispescitur
825 2779 1048 2821 Sectiones.
1076 2776 1210 2819 Seelio
1237 2775 1264 2818 l.
1296 2775 1351 2817 lle
1370 2775 1516 2832 poenis
1537 2774 1575 2815 in
1599 2788 1749 2829 (seuere

125 2852 163 2890 et
198 2847 333 2891 δἐι-[ἑο
371 2847 422 2891 ΙΙ.
462 2848 519 2892 De
548 2849 696 2907 poenis
726 2849 767 2891 in
793 2848 942 2906 speeie,
977 2860 1151 2904 quarum
1189 2848 1500 2902 inscriptionum
1526 2858 1668 2887 sensus
1692 2858 1754 2886 ac-

128 2920 321 2975 cipiatur,
355 2921 462 2963 sicut
494 2925 555 2963 est
587 2920 860 2963 declaratum.
