1950 3313
213 139 282 173 278
582 138 665 172 Liss.
684 138 728 172 V.
751 157 762 164 ·
780 138 890 173 PARS
908 139 977 173 III.
1000 160 1013 165 -
1031 140 1088 175 De
1101 144 1238 185 poenis
1258 144 1300 176 in
1319 143 1459 177 delicta
1619 144 1711 180 Can.
1739 145 1835 180 2364

212 256 494 300 diversimode
528 258 767 312 puniuntur,
802 268 850 300 ac
884 259 1016 313 primo
1066 260 1104 301 in
1153 260 1374 317 episcopali
1419 265 1729 306 consecratione
1765 277 1836 320 per

212 340 299 370 can.
327 326 453 380 2370,
478 328 515 368 in
541 325 794 383 quibuslibet
825 332 963 370 autem
999 328 1198 384 gradibus
1231 335 1315 373 tum
1351 343 1440 375 can.
1467 331 1595 387 2371,
1619 335 1687 390 qui
1719 336 1834 390 punit

208 399 428 440 simoniam
461 399 585 440 etiam
619 399 729 440 circa
762 402 899 441 cetera
943 405 1201 443 sacramenta
1235 404 1511 457 commissam,
1547 407 1631 446 tum
1669 409 1835 460 propter

208 467 466 510 conditiones
497 469 587 510 sive
620 467 849 512 ordinantis
880 458 921 511 'in
957 482 1047 513 can.
1082 470 1209 526 2372,
1241 474 1331 514 sive
1368 472 1571 528 ordinati3
1604 473 1675 517 sed
1711 473 1833 518 buius

207 550 330 581 causa
365 539 403 580 in
427 550 517 581 can.
543 537 655 581 2373
681 541 908 595 puniuntur
943 542 1132 596 ministri,
1159 543 1196 584 in
1221 553 1377 585 canone
1401 547 1539 586 autem
1564 543 1675 586 2374
1702 546 1831 601 ipsius

205 610 468 665 suscipientis
500 608 664 652 delicta.

325 680 421 722 206.
458 681 650 726 Delicta
683 694 811 738 quae
844 683 891 726 in
924 684 1254 738 quorumlibet
1290 688 1711 731 sacramentorum
1745 688 1828 731 mi-

205 752 407 797 nisterio
440 752 667 796 accidere
699 755 907 808 possunt
929 754 987 794 sic
1012 755 1251 808 puniuntur,
1278 758 1320 796 ut
1344 756 1381 797 in
1406 767 1487 812 quo
1510 757 1601 811 quis
1625 758 1828 812 peccavit,

204 834 360 878 poenae
398 834 501 864 onus
542 823 754 865 sustineat.
794 820 893 864 Can.
927 824 1067 866 2364.
1102 821 1315 877 Illinister‚
1347 826 1436 867 sive
1470 825 1719 880 ordinarius,
1753 828 1827 869 etsi

199 906 298 936 cum
336 892 506 935 alterius
549 891 727 947 licentia,
771 895 861 936 sive
903 893 1271 949 extraordinarius,
1308 908 1385 937 non
1420 895 1498 938 alia
1534 909 1723 952 persona,
1757 896 1829 953 qui

198 976 331 1005 ¹ausui
362 961 508 1020 fuerit,
545 978 567 1003 «
589 975 695 1020 quae
732 961 865 1006 verba·
894 963 1055 1019 plenam
1091 966 1369 1020 cognitionem
1404 977 1451 1008 ac
1484 965 1825 1009 deliberationem

195 1035 414 1090 exigunt»
443 1035 549 1085 (can.
576 1031 723 1089 2229),
748 1033 1022 1076 Sacramenta
1055 1046 1346 1091 quaecumque
1379 1037 1502 1078 etiam
1535 1034 1661 1078 semel
1697 1034 1827 1078 admi-

198 1103 387 1146 nistrare
428 1102 533 1156 illis,
575 1102 812 1146 hominibus
854 1103 1121 1161 quibuslibet,
1161 1104 1233 1162 qui
1274 1105 1379 1159 iure,
1414 1105 1523 1162 quod
1568 1107 1826 1162 exprimatur

196 1177 348 1231 scripto
386 1174 447 1217 vel
482 1174 795 1226 consuetudine,
819 1173 860 1231 a)
884 1174 969 1217 sive
1003 1174 1145 1218 divino
1181 1177 1337 1218 ratione
1361 1175 1460 1219 illud
1485 1176 1713 1232 condentis,
1737 1180 1823 1219 tum

197 1245 372 1289 naturali
410 1259 446 1286 V.
482 1259 542 1301 gr.
576 1247 699 1288 mutis
722 1250 1030 1288 sacramentum
1065 1246 1234 1299 ordinis,
1270 1251 1355 1289 tum
1391 1249 1568 1302 positivo
1603 1260 1640 1290 v.
1666 1260 1726 1303 gr.
1752 1260 1822 1289 ex-

193 1321 369 1360 tremam
406 1318 640 1359 unctionem
675 1315 845 1360 cuilibet
878 1330 957 1359 non
992 1319 1178 1373 graviter
1212 1318 1389 1372 intirmo,
1423 1317 1508 1360 sive
1540 1316 1822 1360 ecclesiastico

197 1401 234 1428 v.
270 1401 330 1444 gr.
364 1389 726 1430 excommunicato
770 1386 985 1444 quodlibet
1026 1393 1348 1443 sacramentum,
1382 1387 1526 1430 eadem
1563 1388 1723 1444 singula
1757 1402 1820 1430 sa-

190 1462 406 1501 cramenta
438 1457 626 1514 recipere
656 1455 917 1514 prohibetur,
952 1459 1004 1500 ita
1040 1463 1083 1500 ut
1117 1457 1184 1501 illa
1220 1459 1453 1513 reciperent
1485 1457 1628 1500 saltem
1665 1457 1817 1510 illicite,

190 1532 264 1571 aut
287 1530 408 1571 etiam
435 1527 633 1579 invalide,
655 1526 941 1584 suspendatur
973 1527 1022 1570 ab
1055 1527 1411 1570 administrandis
1438 1527 1716 1570 sacramentis
1740 1527 1820 1570 illis

196 1599 257 1643 vel
293 1598 485 1642 omnibus
516 1611 593 1654 per
626 1603 785 1656 tempus
816 1597 1019 1656 prudenti
1055 1598 1236 1642 scilicet:
1281 1600 1614 1641 circumstantias
1646 1610 1817 1641 casuum

193 1670 460 1727 ponderantis
488 1667 714 1712 Ordinarii
749 1671 904 1725 proprii
940 1669 1002 1712 vel
1037 1669 1087 1712 ad
1124 1681 1310 1712 normam
1336 1681 1425 1712 can.
1454 1668 1527 1711 111
1559 1673 1599 1711 et
1621 1681 1721 1725 seq.‚
1754 1667 1816 1711 vel

195 1741 466 1798 «Superioris
492 1742 659 1783 maioris
683 1742 720 1782 in
747 1739 1017 1796 religionibus
1041 1730 1305 1783 clericalibus
1328 1741 1568 1796 exemptis»
1593 1741 1697 1792 (can.
1720 1739 1816 1793 198,
1848 1795 1856 1800 ,

189 1815 213 1867 ἓ
250 1811 290 1870 1)
325 1811 504 1854 arbitrio
537 1809 831 1867 definiendum,
855 1823 962 1868 quae
984 1813 1198 1867 suspensio
1229 1823 1358 1867 poena
1392 1815 1453 1853 est
1488 1809 1739 1853 vindicativa
1765 1809 1814 1852 ad
1850 1801 1861 1812 ⁶

190 1895 376 1926 normam
411 1895 501 1925 can.
528 1882 655 1934 2298,
684 1895 722 1925 n.
749 1880 806 1935 2⁰,
842 1884 880 1924 in
914 1894 993 1938 qua
1033 1882 1395 1924 «determinata»
1436 1893 1564 1937 poena
1598 1880 1815 1923 statuenda

193 1969 213 1995 «
238 1953 303 1997 lex
338 1955 509 1996 utitur»
547 1955 654 1996 sicut
678 1954 716 1994 in
741 1959 844 2009 seq.³
882 1968 902 1992 «
926 1952 1256 1995 indeterminatis
1278 1966 1300 1992 »
1337 1951 1446 2009 (can.
1473 1951 1600 2005 2217,
1624 1953 1648 2004 ἓ
1675 1950 1710 2006 1,
1738 1950 1813 2007 1⁰),

193 2040 212 2065 <(
241 2024 378 2068 verbis
413 2025 690 2079 praeceptivis
713 2038 733 2064 »
774 2023 883 2080 (can.
919 2015 1046 2077 2223,
1080 2025 1104 2076 ἓ
1138 2021 1197 2079 3),
1230 2035 1401 2078 nempe:
1446 2020 1628 2078 aliisque
1666 2021 1814 2079 poenis

185 2109 263 2153 pro
293 2094 507 2152 pravitate
539 2093 699 2151 eulpae,
733 2106 839 2151 quae
888 2095 1119 2136 necessaria
1169 2096 1250 2147 est
1275 2105 1323 2136 ac
1366 2105 1445 2134 non
1478 2091 1730 2134 sufficienter
1763 2094 1814 2134 sit

189 2180 262 2223 per
284 2167 596 2222 suspensionem
620 2168 824 2220 correpta,
846 2163 1069 2221 puniatur,
1092 2175 1198 2221 quae
1232 2174 1377 2205 norma
1409 2161 1616 2218 generalis
1649 2161 1813 2218 supplet

188 2250 260 2293 pro
283 2235 460 2290 casibus7
485 2237 553 2292 qui
580 2248 652 2291 per
674 2249 725 2277 ss.
751 2247 930 2277 canones
962 2247 1042 2276 non
1077 2233 1392 2277 considerentur
1414 2231 1670 2288 singillatim,
1690 2237 1812 2288 prout

186 2307 340 2350 indicat
379 2319 556 2363 sequens
593 2304 800 2349 clausula:
839 2303 972 2361 firmis
1005 2303 1046 2360 a)
1076 2302 1363 2361 peculiaribus
1402 2302 1549 2360 poenis
1582 2302 1623 2358 b)
1657 2303 1701 2345 in
1734 2302 1812 2345 ali-

186 2392 267 2435 qua
303 2377 427 2420 liuius
456 2375 624 2434 generis
658 2375 1043 2433 (administrationis
1076 2376 1322 2417 sacramenti
1363 2373 1549 2417 subiecto
1584 2373 1809 2430 prohibito)

184 2448 340 2492 delicta
384 2450 547 2505 proprie
590 2446 683 2489 iure
726 2448 969 2502 praesertim
1007 2447 1233 2499 communi,
1265 2444 1335 2487 sed
1371 2444 1609 2501 particulari
1643 2457 1809 2502 quoque

184 2519 371 2563 statutis,

304 2590 401 2634 207.
436 2591 619 2636 Contra
652 2591 995 2645 presbyterum
1028 2588 1110 2643 qui
1145 2587 1567 2632 confirmationem
1590 2586 1807 2631 invalide

185 2662 440 2706 ministret.
462 2685 519 2691 —
540 2659 579 2702 S.
603 2657 752 2715 Congi:
778 2658 828 2701 de
852 2657 972 2713 Prop.
1005 2656 1103 2699 Fide
1128 2657 1139 2678 ¹
1175 2656 1400 2713 quamdam
1435 2655 1489 2699 ibi
1522 2657 1688 2699 citatam
1714 2668 1807 2698 con-

184 2733 419 2775 ventionem
442 2730 677 2787 approbans
701 2729 935 2772 mandavit:
968 2727 1249 2771 «Sacerdotes
1283 2740 1381 2769 vero
1417 2725 1806 2770 rutheno-catholici

301 2884 312 2905 ¹
340 2883 361 2917 6
388 2883 471 2919 Oct.
500 2883 591 2917 186ss
618 2882 658 2917 O.
688 2893 721 2916 a.
751 2881 1000 2916 collect-,anea
1028 2880 1064 2914 S.
1095 2879 1136 2914 C.
1167 2879 1213 2914 de
1242 2879 1282 2914 P.
1312 2879 1354 2913 F.
1384 2889 1423 2912 n.
1447 2878 1549 2913 1243.
