1950 3313
713 151 751 174 m
781 151 858 177 1100
885 144 1215 180 Uomumxnchu
1734 149 1780 182 45

148 259 355 301 missionis
397 258 575 312 Codicis,
611 263 734 314 atque
778 262 1084 306 consultoribus
1130 264 1332 311 eiusdem,
1373 265 1470 308 duni
1517 266 1690 322 singulis
1728 267 1776 309 ad

150 340 315 372 manum
352 334 411 372 est
446 329 642 372 traditum
679 332 893 386 exemplar
915 346 962 375 ex
995 333 1203 377 xoluntate
1240 335 1447 379 l'ontilicis
1484 336 1580 379 illud
1616 351 1779 393 quoque

148 401 281 455 primo
315 401 582 456 accipientis;
619 402 827 444 ordinaria
867 416 964 445 xero
1008 406 1079 446 t'uit
1116 407 1296 460 perfecta
1335 420 1406 462 per
1440 409 1703 450 insertionem
1741 411 1776 450 in

151 471 305 513 «Actis
339 470 603 527 Apostolicae
633 472 806 517 Sedis»,
845 474 1035 531 illiusque
1072 477 1108 517 in
1149 476 1296 532 vulgus·
1340 478 1561 520 editionem
1597 479 1645 520 ad
1689 493 1777 521 uor-

148 553 257 584 mam
292 546 420 584 const.
461 541 796 598 «l'rmnulgandi
825 561 842 583 »
884 544 937 587 l'ii
977 544 1004 587 X
1048 548 1073 591 ¹,
1109 560 1201 588 cuni
1249 548 1617 604 «promulgatioiu·
1657 552 1775 592 tuerit

143 624 260 667 opus,
297 625 370 654 nec
403 611 523 654 aliter
556 626 576 654 a
612 615 761 656 Sancta
795 615 900 657 Sede
935 619 1146 670 provisum
1169 634 1205 660 ».

267 682 534 740 Prosequitur
568 683 682 726 Rom.
723 685 905 727 Pontifex
943 688 979 728 in
1021 686 1156 729 Bulla:
1197 703 1216 727 (τ
1238 694 1494 743 praesentem
1537 690 1772 732 (lodicem...

147 754 228 795 vim
271 752 372 809 legis
406 753 630 811 (quatenus
674 768 692 797 a
739 755 971 811 legislatore
1021 758 1183 812 pendet,
1223 759 1292 800 sed
1340 760 1605 815 singulariter
1652 761 1773 803 xeluti

144 826 266 869 unius
315 824 494 881 «legis»
550 825 882 882 quamplurimos
935 828 1055 870 simul
1102 831 1318 871 statuentis
1362 844 1552 876 canones,
1598 844 1771 887 quorum

145 896 316 953 proinde
350 909 427 938 non
473 901 531 939 est
579 910 682 939 unus
726 897 856 939 altero
897 901 1098 953 posterior
1131 900 1265 955 quoad
1310 902 1493 956 rigorem
1529 915 1663 948 suuni,
1700 915 1773 944 nec

145 981 249 1010 unus
281 966 410 1010 altero
444 970 671 1023 oppositus,
693 970 773 1009 imo
798 968 971 1025 quilibet
1005 983 1053 1011 ex
1089 970 1219 1013 altero
1254 973 1376 1013 etiam
1412 972 1638 1014 set-undum
1664 973 1771 1013 ordi-

142 1051 235 1081 nem
271 1040 407 1094 priore
432 1037 570 1081 lumen
607 1041 958 1093 interpretationis
995 1045 1184 1084 mutuare
1221 1041 1401 1097 poterit).
1444 1042 1610 1097 posthac
1651 1042 1770 1098 (idest

141 1122 164 1153 a
199 1108 530 1166 promulgatione
566 1110 750 1166 peraeta)
787 1110 938 1153 habere
975 1125 1046 1166 pro
1083 1114 1277 1154 universa
1314 1111 1494 1155 Ecclesia
1529 1113 1653 1169 (quae
1688 1118 1770 1155 tuni

141 1193 193 1224 ex
227 1180 406 1224 diversis
449 1179 646 1223 Ecclesiis
681 1194 752 1237 pro
787 1183 875 1224 eius
915 1186 1058 1225 natura
1094 1183 1309 1226 contlatur.
1335 1185 1457 1225 etiain
1489 1183 1767 1227 orientalibus.

141 1255 227 1294 tum
262 1256 419 1294 constat
468 1251 663 1294 Praelatis
697 1264 743 1295 ac
783 1251 960 1295 subditis
1006 1255 1091 1308 ipso
1135 1252 1318 1296 Romano
1367 1253 1559 1296 l'ontitice
1605 1257 1771 1297 minime

139 1322 323 1367 excluso.
359 1323 553 1379 equidem
588 1327 793 1380 quatenus
829 1323 916 1367 illas
951 1329 987 1366 et
1025 1323 1096 1366 lios
1130 1326 1321 1380 respiciat
1355 1324 1491 1367 Codex
1530 1327 1565 1367 in
1601 1328 1687 1368 eius
1711 1327 1770 1367 di-

142 1395 274 1436 versis
316 1392 559 1444 canonibus5
603 1395 710 1437 sicut
760 1393 913 1437 ibidem
965 1394 1214 1451 reperietur)
1259 1395 1536 1449 decernimus,
1582 1395 1771 1439 iubentus

140 1463 278 1521 (firma
314 1469 354 1507 et
386 1466 554 1507 omnino
590 1464 745 1522 liquida
784 1464 1007 1512 voluntate,
1042 1465 1152 1522 quod
1194 1471 1233 1508 ut
1269 1466 1492 1509 efficaciter
1525 1465 1770 1521 obtineatur,

138 1540 199 1578 est
221 1535 428 1591 additum)
451 1540 696 1593 vestraeque
722 1536 923 1578 tradimus
942 1536 1153 1579 custodiae
1173 1536 1326 1594 (quoffll
1353 1539 1462 1593 ipsos
1481 1538 1694 1580 audientes
1719 1552 1766 1580 ex

140 1606 279 1649 Bullae
315 1606 599 1663 inscriptioinae)
635 1620 681 1649 ac
719 1607 957 1663 vigilantiae
992 1607 1083 1664 (pro
1121 1621 1291 1650 munere
1329 1608 1560 1664 l'astorum)
1596 1622 1763 1651 serran-

138 1677 238 1720 dum
261 1693 298 1720 ».

260 1748 325 1790 39.
362 1751 579 1805 Tempus
612 1754 663 1795 ut
696 1754 989 1795 exerceatur
1032 1751 1305 1796 efficaciter
1348 1752 1422 1796 vis
1468 1752 1678 1797 Codicis.
1713 1777 1764 1781 —

138 1819 239 1862 Cum
275 1819 383 1862 dicta
417 1820 668 1869 sufficerent,
691 1825 730 1863 ut
765 1819 902 1864 Codex
943 1822 1023 1862 rim
1059 1820 1161 1876 legis
1196 1820 1341 1864 babeat
1376 1834 1424 1863 ex
1462 1826 1574 1877 parte
1609 1821 1767 1877 legisla-

138 1892 249 1933 toris.
285 1893 389 1933 sicut
423 1893 623 1946 scriptum
659 1896 717 1933 est
764 1893 800 1933 in
847 1907 881 1933 c.
933 1891 944 1933 1
1001 1907 1020 1930 <s
1040 1891 1090 1934 de
1125 1891 1398 1947 postulatione
1444 1891 1763 1934 l'raelatorum»

136 1960 183 2018 (l.
221 1962 276 2017 2;);
318 1977 336 2001 «
362 1975 435 2004 nec
470 1967 529 2004 est
564 1964 858 2010 necessarium,
893 1975 986 2005 cum
1012 1965 1248 2005 constitutio
1267 1962 1508 2006 solemniter
1527 1963 1677 2013 editur,
1700 1969 1766 2019 aut

137 2032 303 2089 publice
338 2032 638 2089 promulgatur,
677 2035 802 2089 ipsius
836 2035 1021 2076 notitiam
1066 2033 1325 2090 singulorum
1370 2033 1540 2077 auribus
1575 2047 1645 2090 per
1678 2048 1766 2089 spe-

135 2102 240 2146 ciale
276 2103 531 2152 mandatum,
570 2103 631 2146 vel
669 2103 826 2146 litteras
854 2103 1086 2156 inculcare,
1109 2104 1178 2146 sed
1217 2103 1253 2146 id
1288 2104 1420 2147 solum
1455 2105 1619 2151 sullicit,
1647 2109 1685 2146 ut
1716 2104 1764 2146 ad

134 2176 224 2217 eius
257 2175 566 2218 observantiam
593 2179 795 2227 teneatur,
819 2178 888 2232 qui
914 2177 1075 2218 noverit
1109 2188 1198 2218 eam
1234 2175 1473 2218 solemniter
1507 2175 1672 2220 editam.
1698 2180 1764 2217 aut

136 2243 300 2301 publice
350 2244 653 2300 promulgatam
673 2261 757 2298 »...,
803 2244 1069 2288 nibilominus
1112 2248 1207 2302 quia
1241 2258 1289 2287 ex
1328 2250 1442 2301 parte
1490 2244 1765 2293 subditorum,

134 2315 286 2372 quibus
319 2328 390 2371 per
424 2315 800 2372 promulgationem
826 2316 1070 2372 applicatur.
1100 2329 1243 2358 verum
1278 2321 1360 2358 est:
1401 2315 1548 2372 «quod
1586 2314 1665 2367 lex,
1694 2328 1762 2357 seu

135 2388 387 2439 constitutio,
421 2391 459 2430 et
494 2387 733 2429 mandatum
771 2386 904 2429 nullos
937 2386 1213 2443 adstringunt,
1249 2389 1322 2429 nisi
1361 2391 1574 2443 postquam
1610 2386 1658 2428 ad
1696 2399 1762 2427 no-

135 2459 265 2500 titiam
317 2460 582 2514 pervenerint
632 2459 889 2509 corurndem,
925 2463 992 2501 aut
1040 2461 1114 2501 nisi
1160 2462 1247 2515 post
1298 2463 1460 2514 tempus
1508 2460 1609 2500 intra
1656 2456 1760 2513 quod

135 2530 328 2584 ignorare
370 2530 540 2572 minime
583 2529 884 2573 debuissent».
911 2534 951 2572 ut
996 2529 1174 2572 edicitur
1209 2532 1246 2571 in
1281 2542 1370 2585 cap.
1406 2531 1511 2582 Quia
1546 2529 1705 2570 cunctis
1744 2527 1754 2568 1

141 2619 154 2636 α
178 2599 229 2642 de
263 2602 529 2643 concessione
565 2600 841 2656 praebendae.
867 2606 977 2644 etc.»
1018 2603 1054 2643 in
1092 2600 1134 2641 60
1161 2599 1242 2657 (lll.
1269 2601 1327 2656 7),
1352 2605 1388 2642 et
1422 2613 1469 2641 ex
1496 2598 1623 2640 altera
1651 2602 1762 2653 parte

134 2670 185 2714 ob
212 2682 424 2723 canonum
459 2670 621 2714 Codicis
656 2670 1002 2727 multiplicitatem
1039 2670 1155 2713 l'aeile
1189 2672 1452 2727 quaestiones
1486 2668 1536 2711 ob
1573 2670 1759 2722 ignoran-

132 2742 231 2784 tiam
276 2742 428 2783 exoriri
475 2746 652 2797 possent,
687 2741 896 2784 dillicilius
935 2740 1159 2783 sidrendae
1193 2739 1244 2783 ob
1280 2738 1611 2782 incertitudinem
1660 2738 1759 2778 initii

252 2896 261 2914 ¹
289 2892 349 2926 111
375 2893 462 2927 Kal.
495 2893 676 2928 Octobris
705 2894 796 2927 1908
