1950 3313
90 154 194 191 Can.
219 152 427 188 2284-2285
507 153 590 188 Tl'r.
617 154 725 188 VIII.
755 175 765 180 -
793 156 848 190 De
869 159 1004 201 poenis·
1030 160 1327 194 medicinalibus
1658 162 1719 195 lli?

101 274 250 317 interni
295 274 418 316 etiam
470 276 559 328 post
605 276 850 316 sententiam
892 276 1270 320 rondemimloriam
1310 280 1371 321 vel
1406 278 1718 321 declaratoriam

101 348 212 388 esset
243 354 409 401 quoque
455 341 618 385 validus
651 356 697 385 ac
733 343 867 386 licitus
899 346 947 387 ad
985 359 1168 389 normam
1208 361 1304 390 vero
1338 362 1427 391 can.
1462 349 1559 401 882,
1597 349 1720 391 22:32.

221 411 397 470 Oportet
421 425 639 456 recensere
661 416 949 469 suspensiones
982 429 1083 472 quas
1113 420 1275 473 respicit
1303 419 1400 461 llaec
1424 419 1604 462 secunda
1631 433 1723 475 pars

102 498 192 531 can.
230 484 355 529 2284.
400 484 504 526 Sunt
545 486 761 538 suspensio
803 485 846 540 (ι)
879 486 1126 541 generaliter
1176 487 1251 530 lata
1297 489 1407 544 (van.
1445 489 1570 542 2278,
1604 490 1631 546 ξ
1668 490 1721 544 l),

102 556 143 614 b)
182 572 204 598 «
226 554 278 599 ab
310 555 445 598 oliicio
478 553 723 610 simpliciter
745 570 766 594 ))
795 561 900 607 lgcan.
928 556 1052 606 22‘9,
1077 558 1104 613 ς’
1134 557 1185 613 l),
1219 558 1254 614 v)
1295 576 1312 597 «
1338 573 1357 601 a
1395 560 1674 603 iurisdictione
1699 578 1717 600 »

103 627 213 684 (can.
247 626 338 670 eod.
369 625 397 683 ξ
430 625 470 679 2,
505 637 543 667 n.
581 624 656 677 1⁰),
690 623 731 677 d)
769 638 833 668 «a
867 631 979 668 certo
1013 632 1049 669 et
1085 628 1356 671 dolerininato
1401 632 1625 672 ministerio
1662 631 1722 672 ivl

103 698 239 742 officio
261 712 300 752 ›>,
334 696 405 740 sed
455 695 655 739 alterutro
704 709 798 738 cum
849 697 1130 740 iurisdictione
1176 698 1282 754 (ran.
1317 700 1406 741 eod.
1440 700 1466 755 ξ
1502 701 1536 750 ¹2,
1574 714 1609 744 n.
1645 700 1724 757 7⁰),

103 770 141 825 e)
177 782 243 813 «a
276 773 390 812 certo
427 772 467 811 et
499 766 774 810 determinato
808 767 942 810 ollicio
975 781 1068 810 cnm
1105 768 1303 811 benolicio
1328 786 1366 820 J),
1394 771 1617 812 dumnmdo
1650 771 1725 814 sub

104 854 153 884 eo
189 839 425 896 implicetur
465 837 708 881 iurisdictio.

230 909 324 954 114.
362 911 437 956 De
469 910 795 965 suspensione
817 911 881 954 ob
904 910 1131 955 delictum
1165 924 1408 966 personae
1440 914 1638 957 moralis
1668 917 1725 954 est

108 981 278 1026 ultimus
310 980 432 1023 huius
455 978 546 1023 art.i
570 991 660 1022 ean.
686 980 824 1029 2385,
858 981 926 1035 qui
962 984 1051 1035 post
1084 980 1185 1022 alios
1219 980 1377 1023 facilior
1400 986 1457 1023 est
1482 990 1615 1037 captu.
1641 984 1667 1039 ς’
1693 985 1724 1023 l.

108 1052 154 1096 Si
185 1050 462 1096 communitas
494 1052 553 1094 sic
587 1049 711 1102 dicta,
745 1063 792 1092 eo
826 1050 934 1107 quod
971 1050 1155 1093 eiusdem
1180 1051 1341 1093 sodales
1374 1064 1633 1094 communem
1673 1054 1728 1093 xi-

111 1123 232 1167 vendi
269 1122 435 1166 modum
470 1125 701 1179 sequuntur
738 1120 815 1164 sub
852 1123 997 1177 capitis
1034 1121 1175 1170 ductu,
1210 1135 1280 1163 seza
1314 1121 1530 1178 eolleysimn
1568 1128 1731 1178 propter

107 1194 413 1238 coniunctionis
449 1191 660 1235 vinculum
686 1191 909 1235 iuridicnm
934 1191 983 1234 ad
1010 1191 1188 1249 aliquem
1216 1193 1352 1244 linem,
1376 1193 1446 1235 sed
1473 1192 1538 1235 illa
1564 1198 1600 1235 et
1626 1195 1728 1235 istud

110 1267 191 1308 sint
222 1263 618 1320 clericorum,·quia
657 1277 678 1304 «
701 1264 916 1318 suspensio
962 1262 1204 1318 intelligitur
1246 1262 1420 1305 clericos
1461 1267 1617 1306 tantum
1654 1265 1733 1305 alli-

106 1349 203 1380 cere
227 1351 246 1376 ))
285 1334 393 1392 (can.
421 1334 548 1387 2255,
571 1333 598 1392 ξ
622 1333 680 1391 ⁶3),
713 1333 911 1376 delictum
937 1347 1008 1389 per
1032 1335 1159 1389 ipsius
1184 1346 1381 1389 personae
1408 1333 1572 1376 moralis
1595 1339 1729 1377 actum

110 1406 379 1460 commiserit,
413 1405 489 1450 sub
527 1417 607 1463 qua
652 1403 836 1448 clausula
871 1409 910 1447 et
947 1403 1231 1447 «delictum»
1272 1418 1341 1460 per
1379 1417 1516 1446 veram
1552 1407 1734 1446 omissio-

111 1490 203 1521 nem
241 1481 351 1520 recle
386 1476 648 1530 subauditur,
681 1475 899 1533 suspensio
934 1480 1018 1518 tum
1053 1487 1074 1517 a
1110 1476 1211 1525 iure,
1248 1479 1329 1517 lum
1366 1474 1416 1517 ab
1451 1474 1614 1517 homine
1649 1488 1735 1530 pro-

112 1553 203 1605 pter
234 1547 333 1591 illud
368 1546 479 1604 ferri
508 1551 645 1605 poles!
682 1545 819 1589 valide
851 1559 899 1589 ac
932 1545 1041 1588 licite
1074 1544 1115 1601 a)
1151 1544 1210 1587 rel
1243 1545 1285 1587 'in
1318 1544 1509 1602 sinqulas
1536 1558 1737 1598 personas

113 1618 222 1662 illius
269 1631 473 1676 personae
522 1617 690 1661 moralis
740 1616 940 1673 membra,
974 1616 1044 1659 sed
1090 1615 1376 1673 delinquentes
1412 1615 1535 1658 idest:
1572 1628 1738 1658 consen-

112 1692 262 1734 tientes
295 1691 333 1732 in
369 1689 567 1732 delictum
602 1689 800 1745 suffragio
825 1690 990 1744 proprio
1017 1687 1078 1730 vel
1104 1686 1183 1730 alio
1209 1687 1330 1729 modo
1356 1688 1391 1728 in
1419 1686 1507 1742 lege
1530 1699 1737 1741 expresso,

114 1763 167 1804 ita
204 1765 245 1804 ut
277 1760 521 1817 suffragium
556 1762 809 1804 contrarium
835 1759 979 1802 dantes
1003 1772 1077 1801 nec
1110 1757 1189 1801 alio
1225 1757 1344 1799 modo
1372 1757 1580 1813 praedicto
1613 1756 1738 1799 delin-

113 1836 287 1889 quentes
319 1844 399 1874 non
433 1831 684 1874 innodentur
717 1830 785 1874 tali
820 1832 1101 1886 suspensione,
1137 1828 1178 1885 b)
1216 1828 1274 1870 rel
1309 1829 1348 1871 ιή
1389 1827 1736 1876 emmnemilatem,

115 1902 179 1945 uti
213 1901 351 1958 talem,
377 1915 549 1959 nempe:
575 1914 653 1959 qua
680 1914 896 1958 personam
936 1900 1147 1955 moralem,
1174 1905 1289 1955 prout
1314 1913 1412 1955 ergo
1435 1900 1636 1954 signiticat
1664 1900 1735 1939 im—

117 1973 256 2030 plicite
294 1972 560 2029 «collegium
587 1988 624 2027 ›),
660 1973 722 2015 cel
755 1971 795 2029 c)
831 1971 871 2013 in
904 1984 1107 2029 personas
1140 1969 1426 2027 delinqm’ntex
1458 1981 1579 2024 supra
1602 1967 1735 2010 decla-

115 2048 225 2087 ratas
267 2048 306 2086 et
348 2043 688 2086 communitatem
734 2043 880 2086 eodem
928 2055 976 2085 ac
1024 2046 1142 2084 antea
1189 2054 1326 2092 sensu,
1360 2042 1476 2082 cuius
1521 2038 1611 2080 illae
1644 2042 1735 2080 sunt

120 2114 320 2159 membra.

233 2186 261 2243 εξ
294 2188 330 2230 1.
365 2185 411 2229 Si
439 2185 624 2244 primam
657 2186 739 2233 fiat,
776 2198 813 2227 v.
848 2198 908 2240 gr.
944 2188 983 2227 ul
1021 2183 1146 2226 Bonis.
1173 2176 1259 2224 vill
1293 2184 1346 2224 ait
1373 2184 1409 2223 in
1437 2194 1523 2236 cap.
1546 2181 1556 2200 ¹
1592 2197 1609 2218 «
1635 2181 1737 2233 Quia

114 2269 240 2313 saepe
272 2258 489 2313 contingit,
521 2256 633 2314 quod
667 2254 990 2307 cathedralibus,
1015 2258 1053 2296 et
1078 2252 1336 2309 regularibus
1359 2265 1404 2293 ac
1430 2250 1655 2305 collegiatis
1679 2264 1739 2291 cc-

115 2327 254 2371 elesiis
289 2327 546 2379 vacantibus,
570 2326 765 2384 capitula,
787 2330 1030 2374 conventus,
1055 2324 1244 2380 collegia,
1267 2328 1303 2366 ot
1329 2321 1559 2378 singulares
1578 2333 1738 2362 earum-

118 2398 212 2441 dem
247 2411 462 2454 personae,
498 2397 602 2442 bona
636 2397 688 2442 ab
722 2400 903 2454 ipsarum
951 2395 1142 2453 praelatis
1186 2394 1367 2446 dimissa,
1406 2392 1467 2434 vel
1517 2392 1740 2433 vacationis

119 2473 306 2525 tempore
339 2468 620 2524 obvenientia,
655 2481 761 2526 quae
796 2470 834 2511 in
870 2467 1087 2511 utilitatem
1129 2465 1331 2507 dictarum
1372 2462 1637 2506 ecclesiarum
1673 2474 1740 2501 cx-

121 2539 258 2596 pendi,
293 2539 357 2583 vel
393 2541 542 2583 futuris
574 2539 774 2583 deberent
806 2536 1115 2581 successoribus
1149 2535 1325 2578 lideliter
1364 2534 1585 2575 reservari:
1621 2543 1739 2571 orru-

121 2614 231 2667 pant,
267 2612 372 2653 inter
404 2623 447 2654 se
479 2610 685 2659 dividunt,
720 2609 969 2665 subripiunt,
994 2612 1123 2650 ete...
1159 2605 1239 2648 Nos
1265 2606 1444 2660 ipsorum
1469 2615 1591 2644 ausus
1617 2602 1738 2654 repri-

124 2694 250 2736 mere,
284 2693 332 2724 ac
364 2680 638 2724 ecclesiarum
671 2678 1012 2724 indemnitatibus
1056 2688 1306 2733 praecavere
1354 2674 1557 2715 tolentes:
1596 2671 1739 2712 llorer-

123 2753 272 2806 nimus,
307 2755 350 2794 ut
385 2750 437 2803 ln,
461 2753 532 2809 qui
566 2753 791 2807 praemissa
815 2750 865 2793 de
889 2754 1051 2792 caetero
1083 2746 1444 2802 praesumpserint,
1471 2755 1516 2784 eo
1543 2744 1625 2796 ipso
1649 2741 1739 2780 sint.

243 2906 253 2927 ¹
283 2904 373 2949 Cap,
403 2905 449 2938 40
480 2919 495 2934 ε
515 2890 560 2938 de
587 2903 780 2938 electione
807 2909 845 2937 et
873 2902 987 2936 electi
1017 2903 1247 2944 potestate»
1295 2896 1322 2932 Ι,
1352 2899 1371 2926 *3
1417 2895 1452 2926 in
1482 2893 1528 2925 ΗΟ.
