1950 3313
150 157 195 191 78
611 155 697 189 LIB.
726 155 772 189 V.
802 175 813 181 -
841 156 952 189 PARS
976 155 1027 189 II.
1057 176 1070 181 -
1095 156 1153 191 De
1171 159 1310 201 poenis
1564 157 1657 192 Can.
1684 157 1777 192 2233

151 280 175 331 ἓ
198 278 237 333 2)
261 290 339 319 non
375 275 524 318 habeut
561 277 763 318 rationem
801 287 956 331 poenae
978 290 1000 316 ³>
1029 274 1084 318 lta
1111 276 1229 332 plene
1252 276 1503 320 observatur
1529 279 1778 333 principium

151 352 416 391 enunciatum
452 348 489 388 111
527 360 609 402 reg.
647 347 749 388 iuris
783 345 836 388 23
871 348 909 388 111
946 345 1017 390 6⁰:
1046 361 1069 387 <‹
1091 347 1187 390 Sine
1210 347 1442 404 culpa,nisi
1478 346 1610 390 subsit
1643 359 1780 398 causa,

151 432 229 461 non
264 423 324 461 est
357 417 507 474 aliquis
541 417 840 473 puniendus».

270 487 325 530 De
358 487 542 531 secundo
587 490 785 545 requisito
835 488 983 531 melius
1016 494 1285 532 reservantur
1329 491 1453 532 citato
1486 491 1634 532 canoni
1669 490 1780 531 testi-

153 562 286 602 monia
325 561 477 602 veteris
525 561 638 602 iuris.
675 559 910 616 Deprimo
948 562 1046 604 satis
1091 565 1212 603 erunt
1243 560 1325 603 duo
1364 560 1431 603 hic
1472 559 1703 604 inserenda.
1740 559 1779 602 ln

151 631 295 673 ordine
329 630 546 673 iudiciario
580 631 768 674 decernit
802 630 905 674 Alex
939 630 990 674 lll
1016 631 1052 674 ¹:
1097 632 1176 675 «Si
1202 644 1302 674 vero
1325 643 1464 674 coram
1488 630 1695 686 Episcopo
1729 629 1781 673 de

151 700 396 745 criminibus
431 703 468 744 in
505 703 594 745 iure
627 702 803 745 confessi
837 706 946 756 sunt,
965 715 1037 745 seu
1072 702 1256 758 legitima
1292 701 1534 758 probatione
1570 702 1781 744 convicti:

151 772 377 815 dummodo
400 775 481 815 sint
506 772 600 815 talia
634 774 824 829 crimina,
860 777 1029 829 propter
1052 786 1158 829 quae
1187 772 1382 829 suspendi
1417 771 1595 816 debeant
1622 771 1685 815 vel
1711 771 1780 814 de-

154 846 260 900 poni,
297 857 375 886 non
411 846 618 887 immerito
661 844 944 900 suspendendi
977 849 1073 887 sunt
1105 857 1125 888 a
1159 846 1244 887 suis
1281 843 1512 897 ordinibus,
1550 842 1612 885 vel
1647 842 1699 886 ab
1731 841 1786 885 al-

153 917 251 958 taris
285 917 512 958 ministerio
564 920 762 972 perpetuo
813 915 1121 958 removendi».
1155 912 1303 959 Ordini
1342 927 1439 958 vero
1479 913 1783 957 extraiudiciali

154 985 454 1029 rationabiliter
502 985 800 1042 congruebant,
837 998 943 1043 quae
990 985 1163 1028 loannes
1195 985 1310 1028 XXll
1345 987 1478 1042 inquit
1501 983 1538 1027 ²:
1579 983 1786 1027 «Divinis

152 1057 368 1113 exemplis,
394 1060 461 1113 qui
489 1062 723 1100 nostrorum
750 1055 903 1100 debent
927 1070 1016 1099 esse
1039 1061 1207 1100 actuum
1234 1055 1391 1112 regula,
1416 1059 1603 1112 patenter
1626 1056 1788 1098 instrui-

155 1142 258 1182 mur,
294 1141 415 1171 aures
451 1133 609 1171 nostras
642 1127 902 1172 subditorum
934 1140 954 1171 a
989 1130 1074 1171 suis
1112 1129 1357 1184 praepositis
1390 1138 1683 1182 oppressorum
1727 1126 1784 1166 in-

154 1199 305 1253 debite,
329 1204 369 1242 et
397 1204 723 1256 aggravatorum
760 1202 924 1253 iniuste,
950 1213 1028 1241 non
1058 1198 1254 1242 obturare
1288 1197 1554 1252 clamoribus,
1578 1196 1649 1241 sed
1678 1198 1789 1252 ipsas

154 1273 290 1326 potius
323 1273 597 1327 compassivis
629 1269 847 1313 affectibus
880 1269 1092 1324 inclinare,
1120 1273 1162 1312 ut
1183 1271 1216 1312 si
1250 1282 1322 1325 per
1354 1267 1517 1311 solertis
1551 1269 1781 1325 inquisitio-

155 1344 217 1385 nis
258 1342 495 1398 indaginem
516 1341 720 1385 clamores
753 1341 991 1384 huiusmodi
1025 1354 1151 1397 opere
1173 1339 1401 1396 completos
1429 1352 1517 1383 esse
1547 1339 1787 1391 viderimus,

154 1412 410 1456 liberationis
433 1416 690 1469 opportunae
716 1412 949 1455 remedium
981 1411 1168 1455 sollicitis
1190 1411 1337 1454 studiis
1355 1423 1627 1467 apponamus,
1654 1421 1782 1465 poena

155 1483 421 1527 nihilominus
445 1483 582 1527 debita
605 1486 786 1540 punituri
808 1486 846 1526 111
867 1483 972 1526 hanc
993 1486 1248 1539 patratorum
1273 1482 1513 1539 qualitatem
1540 1493 1785 1524 excessuum

157 1554 322 1597 illicitos
355 1568 623 1611 oppressores
646 1571 685 1599 )).
1402 1542 1407 1545 ’

275 1625 301 1681 ξ
332 1627 375 1668 2.
399 1623 515 1667 Licet
548 1624 605 1674 id,
631 1630 854 1682 utrumque
886 1626 1145 1680 requisitum.
1171 1622 1357 1679 legitime
1389 1636 1461 1665 seu
1496 1635 1544 1665 ex
1582 1622 1676 1664 facti
1703 1634 1790 1676 pro-

159 1695 392 1739 bationibus
436 1697 664 1739 secundum
711 1710 762 1739 ss.
798 1708 977 1739 canones
1020 1695 1210 1738 adductis
1253 1698 1425 1743 constet,
1461 1697 1625 1748 praeter
1668 1703 1713 1734 ea
1754 1690 1791 1733 si

158 1772 314 1823 agatur
346 1767 396 1810 (te
428 1766 663 1825 inssiyenda
698 1772 741 1810 ut
773 1780 897 1823 supra
942 1779 1120 1808 censura
1163 1765 1361 1822 qualibet,
1397 1764 1527 1807 idest:
1568 1774 1741 1819 «poena
1768 1778 1787 1802 ))

160 1838 410 1891 medicinali,
435 1852 531 1881 rens
555 1855 576 1880 ((
603 1852 699 1882 vere
733 1838 872 1882 delicti
908 1839 1118 1881 commissi
1143 1852 1162 1878 >³
1191 1836 1231 1892 a)
1255 1834 1593 1893 reprehendatur
1616 1832 1667 1876 ob
1691 1832 1790 1876 illud

161 1908 201 1966 b)
236 1924 285 1951 ae
315 1916 538 1953 ‘inoneatecr
572 1923 644 1966 pro
678 1911 815 1953 futuro
850 1909 915 1966 (ac
949 1909 1074 1951 semel
1109 1906 1293 1963 sufficit),
1319 1911 1362 1949 nt
1386 1921 1411 1948 a
1434 1903 1699 1948 coutumacia
1732 1917 1793 1946 re·

159 1979 279 2023 cedat
312 1980 367 2023 ad
398 1995 589 2024 normam
623 1995 713 2024 ean.
749 1983 892 2033 2242,
925 1982 950 2034 ἓ
981 1982 1025 2032 3,
1061 1979 1278 2022 videlicet:
1317 1993 1337 2018 (c
1364 1977 1471 2019 illius
1510 1975 1651 2019 delicti
1698 1988 1792 2030 poe-

162 2053 286 2094 niteat
310 2056 349 2094 et
371 2052 493 2095 simul
521 2055 606 2108 ipse
630 2065 856 2108 congruam
888 2052 1208 2095 satisfactionem
1246 2062 1318 2105 pro
1352 2048 1513 2091 damnis
1537 2050 1575 2088 et
1597 2045 1792 2089 scandalo

161 2123 227 2165 det
261 2128 331 2166 aut
363 2122 506 2166 saltem
542 2125 649 2166 serio
685 2125 940 2179 promittat»
963 2124 1116 2175 statim,
1153 2120 1214 2163 vel
1250 2119 1348 2162 (tato
1382 2131 1453 2161 seu
1487 2129 1684 2160 concesso
1717 2114 1793 2158 sub

161 2194 421 2238 conditione:
455 2194 493 2236 si
523 2193 726 2251 prudenti
759 2193 810 2237 ob
851 2195 908 2236 rei
953 2206 1000 2236 ac
1043 2191 1183 2235 delicti
1232 2190 1566 2234 circumstantias
1609 2185 1793 2229 eiusdem

164 2264 316 2307 italicis
349 2264 412 2307 rel
445 2264 688 2322 Superioris
708 2264 863 2321 (dantis
897 2262 1076 2319 tempus)
1097 2261 1276 2304 arbitrio
1300 2273 1421 2302 casus
1445 2257 1489 2301 id
1511 2256 1625 2315 ferat
1648 2256 1791 2299 saltem

164 2338 219 2378 uti
254 2338 523 2390 conveniens,
543 2349 724 2392 eonqrno
749 2334 805 2378 ad
827 2333 1178 2392 resipiscentiam,
1197 2338 1418 2388 antequam
1453 2329 1666 2384 infligatur
1699 2340 1792 2370 cum

163 2408 311 2450 effectu
346 2420 534 2461 censura,
569 2412 774 2464 tempore;
809 2410 895 2462 post
931 2404 1007 2448 boc
1045 2418 1141 2446 vero
1176 2408 1338 2458 tempus
1378 2404 1415 2443 in
1440 2413 1553 2453 casu,
1596 2398 1658 2441 vet
1694 2397 1795 2441 alias

163 2481 314 2532 statim,
349 2477 614 2521 contumacia
644 2478 898 2535 persistente
929 2475 1157 2519 secundum
1192 2476 1257 2516 cit.
1282 2472 1310 2530 ξ
1344 2472 1384 2527 3,
1422 2476 1528 2514 01111.εἴ
1553 2469 1685 2523 2242,
1709 2482 1796 2510 een-

164 2563 264 2591 snra
299 2549 509 2607 quaelibet
542 2549 593 2593 ab
626 2548 807 2601 homine,
837 2547 897 2590 vel
937 2545 1130 2589 terendae
1163 2545 1390 2587 sententiae
1423 2542 1698 2585 determinata
1733 2539 1795 2580 in—

164 2621 257 2679 sliyi
290 2624 426 2664 statim
461 2620 676 2664 subeunda
708 2625 858 2677 potest.

283 2696 398 2750 Quae
432 2696 717 2750 interpretatio
751 2691 987 2734 authentice
1025 2688 1296 2731 contirmatur
1337 2683 1472 2741 quoad
1520 2686 1677 2739 partem
1725 2692 1797 2735 per

285 2857 294 2877 ¹
316 2854 405 2898 Cap.
424 2852 445 2885 4
470 2868 482 2882 α
504 2850 549 2885 de
577 2849 737 2884 iudiciis
756 2863 769 2877 ›>
804 2847 870 2891 (ΙΙ,
895 2847 926 2884 t)
955 2844 1004 2877 X.
1024 2863 1065 2867 ——
1080 2842 1093 2864 2
1108 2841 1272 2875 Extrav.
1295 2849 1390 2874 com.
1410 2849 1477 2871 un.
1515 2852 1527 2866 ‹
1549 2835 1594 2868 de
1612 2833 1748 2879 poenis
1765 2848 1796 2865 ».
