1950 3313
629 168 713 202 Ti'r.
743 169 772 202 I.
803 189 813 194 -
844 169 898 203 De
923 170 1068 213 cambus
1094 170 1221 204 eccles.
1677 167 1747 201 105

118 289 411 335 Romanorum,
447 292 531 331 tum
571 288 615 330 11
657 290 693 330 in
730 289 809 331 tine
851 288 1162 344 Compilationis
1206 287 1480 331 Decretalium
1516 287 1639 343 (ireg.
1676 286 1744 334 lx,

118 365 203 403 tum
239 361 293 403 88
324 362 362 402 in
396 359 508 403 calce
542 360 652 402 Sexti
680 358 972 410 Decretalium,
1010 358 1070 401 vel
1107 359 1275 401 demum
1311 358 1415 401 aliae
1449 363 1541 401 sunt
1579 357 1746 413 regulae

118 431 353 474 huiusmodi
386 431 663 474 communiter
695 441 715 471 a
754 428 998 472 Ductoribus
1021 429 1242 481 admissae,
1265 442 1370 486 quae
1397 428 1666 471 lli-ocardicae
1686 428 1743 470 di-

117 501 331 553 cebantur,
362 503 420 544 sic
453 500 747 556 distinguendo
781 512 850 543 eas
882 512 904 542 a
940 500 1175 555 praedictis.
1195 512 1301 556 quae
1319 499 1580 542 authenticae
1606 498 1745 555 appel-

119 572 223 615 latae
255 576 361 616 sunt.
397 569 542 623 Quoad
577 572 761 625 genesim
796 582 938 612 earnm
983 570 1238 612 considerari
1280 574 1433 626 queunt
1470 572 1581 625 ipsae
1619 568 1748 611 veluti

118 643 387 686 deductiones
420 654 468 684 ex
496 640 682 697 pluribus
707 640 867 696 legibus
890 640 1079 683 eamdem
1109 642 1308 683 rationem
1336 639 1594 685 habentibus,
1620 652 1743 696 quam

118 726 198 757 una
215 716 418 756 sententia
437 714 688 768 exprimunt.
715 737 760 741 —-
784 710 870 754 Hoc
890 711 966 754 sub
993 716 1180 767 respectu
1206 711 1358 754 dicitur
1384 712 1419 754 1;
1447 726 1465 749 ι(
1492 710 1645 766 Regula
1674 716 1751 759 est,

117 796 223 842 quae
258 797 342 827 rem
377 796 483 841 quae
517 788 589 836 est.¹
627 782 809 825 breviter
842 787 1034 825 enarrat:
1071 795 1149 824 non
1186 787 1226 824 ut
1251 795 1299 824 ex
1337 782 1477 837 regula
1514 784 1575 824 ius
1608 794 1746 824 suma-

118 860 197 908 tur,
231 854 300 898 sed
336 868 385 898 ex
422 857 509 897 iure
543 853 651 911 quod
687 858 762 905 est,
798 852 938 909 regula
985 853 1066 895 siat.
1113 852 1186 895 l'er
1221 852 1404 908 regulam
1441 854 1564 908 igitur
1605 851 1748 895 brevis¹

119 938 256 969 rerum
293 927 473 968 narratio
508 925 684 967 traditur
709 940 745 967 ».
781 923 859 966 Sed
896 922 1063 979 regulae
1096 934 1202 979 quae
1235 921 1286 965 ab
1320 922 1751 964 omnibusadmittan—

117 1001 197 1051 tur,
232 1001 427 1053 tanquam
464 1000 574 1038 recle
608 995 810 1038 contlatae
833 998 927 1036 sunt
960 993 1242 1049 accipiendae.
1279 992 1463 1049 nihilque
1497 991 1644 1034 obstat.
1669 995 1749 1034 imo

119 1081 167 1111 ex
201 1080 358 1111 canone
394 1066 658 1123 praecedenti
692 1065 890 1108 suadetur
923 1077 992 1107 eas
1027 1077 1143 1119 posse
1166 1065 1297 1119 accipi
1326 1063 1438 1106 velut
1463 1065 1663 1118 principia
1701 1063 1755 1105 lc-

119 1140 276 1195 gitima.
300 1136 451 1194 quibus
473 1142 541 1179 aut
566 1137 868 1178 confirmentur
893 1140 1028 1177 rectae
1052 1147 1257 1177 canonum
1285 1136 1659 1189 interpretatimies,
1683 1138 1751 1175 aut

119 1221 290 1252 casuum
324 1207 598 1264 singularium
632 1206 865 1249 decisiones
900 1205 1073 1248 inridiee
1107 1206 1339 1255 tirmentur,
1363 1209 1431 1246 aut
1466 1216 1658 1259 responsa
1683 1205 1749 1246 55.

118 1278 498 1335 Congregationum
531 1290 578 1321 ae
614 1277 758 1320 Romm.
788 1276 1029 1319 Pontiticum
1066 1280 1176 1318 recta
1211 1288 1300 1318 esse
1332 1279 1594 1317 monstretur.
1628 1300 1684 1305 —·
1711 1274 1750 1316 ld

120 1355 256 1393 tamen
299 1351 427 1405 exigit
472 1353 513 1392 ut
558 1348 650 1391 illae
698 1350 772 1390 rite
817 1346 1102 1403 intelligantur
1146 1351 1269 1403 atque
1303 1345 1574 1402 applicentur.
1611 1344 1750 1388 Glossa

119 1423 230 1465 enim
265 1419 399 1463 finalis
433 1422 470 1462 in
507 1419 718 1477 praedicta
754 1418 934 1462 Rubrica
981 1416 1258 1460 Decretalium
1297 1419 1379 1460 ait:
1421 1432 1440 1457 ((
1465 1416 1619 1472 Regula
1667 1430 1754 1472 pro-

122 1494 208 1549 prie
241 1494 299 1535 sic
332 1491 497 1539 dicitur,
532 1493 648 1548 qnasi
686 1489 932 1546 regulariter
969 1501 1080 1543 vera,
1114 1490 1306 1545 quamvis
1332 1490 1510 1544 patiatur
1544 1484 1750 1543 exceptio-

121 1576 193 1606 nes
216 1579 255 1608 ».
290 1575 396 1620 quae
431 1562 670 1618 regularum
706 1560 911 1604 sallentiae
949 1564 1164 1613 vocantur,
1197 1572 1320 1616 quem
1361 1559 1567 1602 delectum
1612 1561 1751 1601 mirari

122 1647 201 1677 non
235 1633 358 1677 debet
390 1635 644 1690 quicumque
684 1632 917 1675 considerat
964 1630 1141 1673 morales
1185 1632 1484 1686 propositiones
1520 1629 1671 1672 habere
1713 1634 1752 1672 ut

123 1704 346 1761 plurimum
385 1706 615 1751 veritatem,
652 1705 689 1745 in
725 1702 890 1746 casibus
933 1707 1071 1745 autem
1106 1701 1158 1744 ab
1193 1701 1268 1744 hac
1307 1701 1500 1754 delicere,
1536 1705 1620 1742 tum
1657 1702 1751 1757 quia

122 1778 232 1819 circa
266 1776 552 1831 contingentes
586 1774 800 1817 hominum
844 1778 960 1816 actus
1007 1777 1238 1823 versantur,
1274 1777 1358 1815 tum
1396 1776 1611 1827 propterea
1645 1771 1752 1827 qnod

126 1848 278 1890 veritas
313 1846 589 1903 undequaque
623 1847 937 1900 circumscripta
976 1857 1048 1900 per
1083 1843 1171 1886 illas
1197 1842 1379 1886 breviter
1402 1844 1578 1897 exprimi
1601 1844 1753 1898 nequit.

125 1917 200 1960 Pro
234 1929 378 1960 earum
412 1916 744 1960 authenticarum
782 1920 891 1958 recia
927 1914 1195 1970 intelligentia
1225 1913 1381 1957 consuli
1409 1918 1575 1969 possunt
1620 1911 1754 1955 «Tra-

123 1992 256 2031 ctatus
289 1988 340 2031 de
384 1987 539 2044 regulis
573 1989 711 2030 iuris»
751 1987 909 2028 exarati
947 1999 986 2028 v.
1020 1998 1079 2041 gr.
1115 1998 1135 2027 a
1174 1983 1434 2028 Reittenstuel
1474 1985 1510 2025 in
1548 1991 1757 2038 postremo

127 2058 337 2102 volumine
376 2060 438 2101 sui
482 2060 618 2115 operis
658 2074 676 2098 α
703 2057 767 2100 lus
807 2056 1086 2100 Decretalium
1114 2072 1151 2110 >›,
1187 2060 1225 2098 et
1259 2068 1279 2097 a
1316 2054 1484 2110 l'irhing
1518 2056 1554 2096 in
1591 2053 1753 2096 titulum

126 2129 402 2173 Decretalium
440 2129 692 2172 huiusmodi.

243 2202 312 2243 79.
350 2203 619 2247 Peculiaris
650 2202 899 2245 distinctio
938 2201 1101 2255 legum
1147 2199 1396 2243 Ecclesiae
1429 2211 1459 2242 a
1492 2198 1605 2253 lege
1638 2209 1759 2253 qua-

124 2274 245 2318 libet
275 2274 444 2318 divina
477 2273 1033 2330 quoad'obligationem
1068 2270 1394 2326 singulorum,
1429 2270 1541 2310 iuxta
1576 2280 1759 2309 commn-

126 2345 338 2386 nissimam
375 2343 597 2387 Doctorum
641 2341 861 2385 exhibetur
906 2343 944 2383 in
979 2355 1069 2383 ean.
1104 2342 1172 2383 31.
1207 2337 1336 2395 Leqes
1370 2337 1485 2380 lutae
1518 2350 1538 2380 a
1573 2336 1753 2394 qualibet

127 2413 337 2458 Ecclesiae
380 2419 579 2472 potestate
622 2413 678 2456 ud
716 2411 1067 2471 praecavendum,
1114 2410 1151 2453 id
1192 2415 1279 2453 est:
1315 2410 1539 2452 effu-aenei·
1577 2422 1626 2451 ex
1662 2421 1757 2463 pru-

127 2486 263 2530 dentia
312 2485 614 2529 removendum
659 2483 896 2542 periculum
935 2488 975 2526 ut
1017 2482 1242 2539 plurimum
1295 2480 1471 2523 alienius
1525 2484 1751 2534 transgres-

127 2559 253 2600 sionis
285 2558 396 2600 cirea
428 2556 614 2600 divinam
649 2555 797 2612 legem,
822 2568 894 2598 seu
919 2557 1151 2597 animarum
1173 2551 1386 2609 qenerole,
1413 2551 1515 2593 idest
1541 2555 1580 2592 ut
1608 2552 1644 2591 in
1675 2549 1757 2604 plu-

128 2627 242 2671 ribus
276 2629 495 2671 imminens
529 2626 721 2670 fidelibus
753 2639 801 2669 ex
837 2625 1016 2683 quadam
1055 2626 1178 2667 vetita
1222 2625 1383 2666 actione
1421 2621 1482 2664 vel
1518 2622 1757 2664 on‘iissione„

131 2703 293 2755 uryent,
332 2711 510 2754 nempe:
552 2697 784 2740 servandae
826 2702 921 2740 sunt
954 2709 974 2739 a
1009 2695 1195 2751 singulis,
1238 2706 1341 2750 quos
1384 2692 1476 2734 illae
1517 2692 1756 2746 respiciunt,

129 2768 296 2812 etiamsi
329 2767 373 2810 in
404 2781 503 2809 casu
533 2766 757 2825 peculiari,
791 2769 880 2810 sive
913 2765 1047 2823 quoad
1074 2775 1304 2820 personam,
1329 2765 1417 2805 sive
1441 2761 1574 2818 quoad
1601 2765 1757 2806 actum,

251 2922 259 2943 ι
287 2920 335 2954 D.
364 2919 430 2954 nb.
450 2919 494 2963 L,
523 2919 588 2953 tit.
611 2918 738 2961 XVII,
761 2918 836 2951 1.1.
