1950 3313
145 173 238 209 Gan.
265 173 360 208 2256
551 173 636 207 Trr.
665 174 772 209 VIII.
795 195 804 201 -
828 177 881 210 De
904 181 1038 222 poenis
1065 180 1364 215 medicinalibus
1703 187 1768 218 125

147 295 185 334 et
218 290 296 334 alia
331 292 508 346 positive
541 304 746 338 effervere,
783 296 878 348 quin
917 297 1087 350 proinde
1125 296 1330 353 obligetur
1357 312 1391 339 r.
1417 315 1475 355 gr.
1507 316 1525 339 (ι
1553 303 1673 343 insui
1702 316 1767 358 pa-

147 366 332 404 tronatus
364 360 540 404 ecclesia
573 366 746 405 stemma
782 367 914 419 gentis
951 365 1012 408 rel
1049 367 1226 410 l'amiliae
1250 384 1270 408 »
1308 371 1483 412 auferre.

263 431 347 475 Nec
380 431 496 474 deest
531 431 626 474 linio
648 435 938 488 significationi
967 436 1275 481 l'umlamontum
1303 442 1339 480 in
1367 442 1452 482 iure
1481 445 1622 485 xeteri.
1650 449 1765 498 prout

148 502 223 546 boc
258 501 433 546 habetur
467 505 505 544 in
540 515 632 558 cap.
671 503 722 545 13
762 505 857 547 «de
892 505 1151 549 haereticis»
1190 507 1319 565 (VJ)
1341 509 1461 563 X,ibi
1488 515 1594 554 enim
1630 517 1768 556 statuit

146 572 283 616 lnnoc.
320 572 369 616 ΙΙΙ
403 575 441 615 in
475 571 601 616 Cone.
634 572 736 617 Gen.
768 575 819 617 de
854 575 1153 619 haereticorum
1195 583 1375 622 coin-eis:
1427 598 1444 620 (r
1471 582 1515 625 Ul
1554 589 1766 640 postquam

146 645 238 701 quis
271 643 414 687 talium
449 644 571 686 fuerit
605 648 1036 689 excommunicatione
1072 654 1244 699 notatus,
1279 653 1308 691 si
1335 653 1568 694 satisfacere
1592 659 1769 696 contem-

148 716 274 770 pserit
307 717 412 758 intra
446 726 615 768 annum,
650 729 698 758 ex
736 720 831 758 tuno
865 719 951 772 ipso
986 719 1073 759 iure
1111 721 1160 760 sit
1205 720 1334 761 tactus
1383 724 1557 777 infamis,
1602 737 1673 765 nee
1717 725 1765 766 ad

148 784 311 842 publica
343 785 492 839 officia,
526 799 598 828 seu
629 786 815 840 consilia,
842 800 915 829 noo
939 788 987 829 ad
1023 788 1235 844 eligendos
1267 790 1425 847 aliquos
1449 793 1496 834 ad
1534 793 1765 836 lininsmodi

146 868 222 899 nec
255 856 305 899 ad
339 858 621 899 testimonium
656 856 965 901 admittatur:...
1001 858 1145 902 Nullus
1180 866 1389 916 praeterea
1427 865 1498 917 ipsi
1523 877 1646 919 snper
1668 878 1765 920 qno-

145 940 326 985 cumque
358 930 540 984 negotio‚
573 927 644 971 sed
681 930 766 984 ipso
800 928 891 971 aliis
927 931 1175 985 respondere
1209 937 1394 987 cogatur.
1429 934 1546 987 Quod
1591 937 1620 975 si
1667 936 1767 977 l'orte

147 998 270 1042 iudex
304 1000 501 1052 extiterit,
526 1001 615 1042 eius
637 1001 838 1042 sententia
866 999 1018 1043 nullam
1045 1000 1224 1043 obtineat
1251 1003 1498 1045 lii-mitatem.
1526 1018 1596 1046 nec
1621 1018 1767 1047 causae

144 1068 308 1126 aliquae
338 1069 390 1112 ad
424 1071 513 1112 eius
545 1069 799 1113 audientiam
837 1071 1135 1126 praeferantur.
1168 1073 1207 1115 Si
1253 1074 1373 1115 suerit
1407 1074 1646 1127 advocatus,
1682 1078 1769 1117 eins

146 1142 420 1196 patrocinium
456 1140 691 1184 nullatenus
723 1141 979 1186 admittatur.
1014 1144 1052 1185 Si
1089 1142 1266 1197 tabellio,
1294 1146 1562 1187 instrumenta
1587 1147 1767 1187 ‹zoiil'ecta

145 1224 217 1267 per
251 1213 385 1268 ipsum
420 1211 573 1254 nullius
605 1213 685 1254 sint
721 1215 932 1267 momenti,
967 1213 1039 1255 sed
1073 1227 1167 1255 eun]
1211 1219 1378 1256 auctore
1427 1214 1620 1257 ‹laninato
1655 1216 1765 1257 dani-

147 1287 308 1326 nentur.
344 1282 392 1326 Et
427 1284 465 1325 in
498 1282 706 1326 similibus
741 1284 848 1326 idem
884 1286 1163 1340 praecipimus
1194 1284 1406 1328 obsecrari
1432 1301 1470 1325 ».

543 1437 643 1480 Aur.
678 1437 715 1481 1.
749 1463 808 1469 —
846 1436 901 1480 De
933 1438 1372 1480 eoevommanicatione.

192 1553 277 1590 CAN.
307 1552 411 1588 2257.
440 1575 456 1579 -
497 1558 515 1596 ξ
544 1554 573 1588 l.
603 1553 926 1590 Excommnnicatio

144 1606 196 1637 est
221 1612 370 1637 censura
395 1612 465 1647 qua
483 1601 563 1647 quis
580 1601 814 1637 excluditura
833 1614 925 1638 eom-

146 1648 315 1684 munione
340 1648 495 1684 fidelium
527 1660 606 1684 cum
644 1650 829 1685 effectibus
866 1650 924 1696 qui

146 1696 181 1731 in
208 1696 417 1740 canonibus,
449 1696 507 1742 qui
543 1701 752 1742 sequuntur⁷
785 1709 927 1734 enume-

145 1749 278 1785 rantur,
305 1744 436 1789 quique
461 1744 614 1790 separari
645 1750 835 1790 nequeunt.

193 1795 213 1834 ξ
240 1793 272 1826 2.
303 1790 435 1826 Dicitur
465 1802 604 1837 quoque
621 1792 809 1832 anathema,
833 1803 926 1837 prae-

145 1838 265 1874 sertim
292 1838 319 1872 si
346 1849 427 1874 enm
445 1839 728 1874 solemnitatibus
749 1839 929 1883 infligatur

145 1897 235 1932 quae
276 1886 313 1920 in
357 1886 550 1922 Pontificali
599 1887 755 1922 Romano
798 1888 927 1922 descri-

147 1934 291 1969 buntur.

192 1980 278 2016 CAN.
307 1978 412 2014 2258.
454 1999 473 2006 -
513 1984 533 2023 ξ
572 1980 599 2016 l.
629 1980 925 2017 Excommunicati

142 2028 202 2064 alii
230 2032 314 2063 sunt
338 2027 480 2068 vitandi,
510 2028 569 2064 alii
599 2028 745 2063 tolerati.

193 2079 213 2118 ᾖ
239 2075 273 2110 2.
302 2074 409 2111 Nemo
432 2081 483 2110 est
511 2076 684 2115 vitandus,
719 2076 784 2111 nisi
827 2076 928 2111 fuerit

146 2123 356 2158 nominatim
383 2134 404 2158 a
437 2122 526 2158 Sede
564 2124 760 2169 Apostolica
796 2134 930 2159 excom-

145 2171 358 2210 manicatus,
387 2171 703 2206 excommunicatio
738 2171 838 2206 tuerit
869 2183 928 2217 pu-

145 2217 235 2253 blice
260 2218 469 2253 denuntiata
494 2223 528 2253 et
555 2219 590 2252 in
617 2219 755 2254 decreto
782 2219 833 2254 vel
853 2230 930 2254 sen-

145 2265 255 2300 tentia
292 2276 452 2310 expresse
489 2266 626 2300 dicatur
670 2266 783 2311 ipsum
826 2266 925 2301 vitari

145 2312 282 2355 debere,
320 2313 415 2348 salvo
453 2313 666 2359 praescripto
703 2325 782 2349 ean.
820 2312 925 2353 2343,

146 2364 166 2402 ᾖ
198 2360 227 2401 Ι,
255 2370 292 2394 n.
324 2359 355 2394 l.

193 2405 275 2442 CAN.
304 2405 410 2442 2259.
439 2428 455 2433 -
488 2411 508 2449 ἓ
543 2407 570 2442 l.
599 2407 928 2443 Excommunicatus

146 2454 294 2500 quilibet
329 2459 423 2490 caret
461 2454 536 2490 iure
573 2456 759 2490 assistendi
797 2455 928 2490 divinis

145 2501 280 2584 ssffissis,
313 2513 384 2537 non
419 2509 538 2538 tamen
580 2503 829 2548 praedicationi
859 2514 930 2537 ver-

173 2560 179 2582 ι
239 2559 281 2583 ei.

172 2598 174 2600 '
193 2599 212 2637 ἓ
239 2594 273 2630 2.
302 2594 337 2630 Si
356 2596 490 2641 passive
504 2597 643 2632 assistat
658 2597 839 2634 toleratus,
858 2608 926 2631 non

145 2647 196 2678 est
224 2653 364 2678 necesse
391 2648 427 2678 ut
452 2644 658 2690 expellatur3
688 2645 714 2678 si
753 2644 928 2685 vitandus,

143 2690 371 2735 expellendus
397 2695 458 2732 est,
484 2696 554 2731 aut,
574 2691 600 2725 si
620 2691 742 2737 expelli
765 2696 926 2737 nequeat.

145 2737 190 2772 ab
207 2736 318 2772 officio
335 2738 558 2778 cessandum,
579 2739 770 2773 dummodo
795 2739 825 2773 id
856 2738 926 2773 lieri

149 2784 256 2830 possit
280 2785 356 2820 sine
381 2785 476 2829 gravi
505 2785 746 2828 incommodo;
772 2786 816 2821 ab
842 2785 930 2820 assi-

146 2831 275 2867 stentia
301 2842 379 2866 vero
404 2832 529 2868 activa.
560 2844 651 2878 quae
683 2833 839 2878 aliquam
882 2843 930 2867 se-

145 2879 316 2914 cumferat
336 2879 638 2925 participationem
659 2880 693 2914 in
710 2880 929 2916 celebrandis

146 2925 278 2961 divinis
311 2926 444 2967 officiis,
478 2926 667 2973 repellatur
706 2939 775 2962 non
815 2927 927 2961 solum

1001 1555 1175 1596 vitandus,
1202 1555 1259 1590 sed
1287 1555 1390 1590 etiam
1419 1555 1563 1600 quilibet
1593 1561 1664 1601 post
1695 1568 1771 1591 sen-

1000 1603 1145 1637 tentiam
1172 1602 1434 1637 declaratoriam
1456 1604 1506 1637 vel
1526 1604 1771 1638 condemnato-

998 1650 1085 1684 riam
1113 1655 1171 1685 aut
1198 1650 1351 1695 alioquin
1381 1651 1511 1685 notorie
1537 1651 1771 1685 excommnni-

999 1702 1108 1732 catus.

1048 1744 1130 1779 CAN.
1157 1743 1259 1778 2260.
1289 1748 1344 1786 -ξ
1376 1744 1402 1778 l.
1430 1743 1495 1778 Nec
1518 1749 1625 1789 potest
1643 1756 1773 1778 excom-

1000 1792 1200 1826 municatus
1238 1790 1465 1826 Sacramenta
1503 1791 1664 1836 recipere:
1707 1792 1773 1826 imo

1000 1844 1075 1885 post
1101 1839 1311 1873 sententiam
1338 1838 1600 1873 declaratoriam
1620 1843 1772 1872 autcon-

999 1886 1255 1921 demnatoriam
1284 1896 1345 1920 nec
1376 1885 1660 1920 Sacramentalia.

1047 1938 1065 1976 ξ
1094 1934 1125 1967 2.
1156 1931 1254 1976 Quod
1280 1933 1403 1967 attinet
1430 1934 1472 1967 ad
1503 1932 1770 1967 ecclesiasticam

999 1981 1223 2026 sepulturam,
1251 1984 1406 2014 servetur
1427 1981 1673 2025 praescriptum
1693 1990 1770 2013 can.

1006 2027 1105 2068 1240,
1134 2032 1153 2070 ξ
1186 2027 1214 2067 l,
1243 2038 1278 2061 n.
1308 2027 1340 2060 12.

1048 2075 1131 2110 CAN.
1162 2074 1266 2108 2261.
1303 2094 1318 2100 -
1359 2078 1377 2115 ξ
1421 2074 1448 2107 l⁴
1480 2072 1684 2108 Prohibetur
1723 2084 1775 2106 cx-

1000 2122 1277 2158 commnnicatus
1305 2121 1395 2155 licite
1422 2120 1644 2155 Sacramenta
1664 2125 1695 2153 et
1714 2119 1771 2154 Sa-

1000 2169 1226 2205 cramentalia
1245 2168 1414 2203 conticere
1432 2174 1463 2202 ct
1485 2169 1692 2207 ministrare,
1708 2166 1773 2200 sal-

1003 2218 1052 2251 vis
1078 2216 1338 2258 exceptionibus
1364 2226 1450 2260 quae
1477 2220 1680 2260 sequnntur.

1047 2269 1066 2307 ᾗ
1095 2267 1124 2298 ·.'.
1155 2263 1297 2302 Fideles,
1330 2263 1422 2296 salvo
1459 2261 1666 2307 praescripto
1693 2264 1711 2302 ς
1739 2259 1772 2301 3,

1003 2316 1146 2357 possunt
1171 2322 1211 2346 ex
1232 2310 1383 2356 qualibet
1412 2310 1504 2344 iuxta
1530 2320 1633 2343 causa
1658 2308 1701 2342 ab
1719 2318 1773 2341 ex—

1001 2359 1256 2394 communicato
1282 2358 1502 2391 Sacramenta
1525 2361 1555 2390 et
1576 2356 1777 2389 Sacramen-

1001 2407 1084 2441 talia
1113 2410 1236 2451 petere,
1276 2404 1422 2438 maxime
1460 2403 1486 2436 si
1526 2403 1583 2437 alii
1626 2401 1773 2452 ministri

1001 2454 1126 2493 desint.
1153 2457 1185 2487 et
1212 2457 1293 2486 tunc
1320 2450 1641 2485 excommunicatus
1663 2459 1773 2492 requi-

1002 2501 1088 2534 situs
1122 2504 1231 2545 potest
1268 2498 1386 2533 eadem
1429 2498 1626 2531 ministrare
1667 2506 1775 2539 ncqne

1003 2548 1071 2583 ulla
1098 2551 1235 2581 tenetur
1260 2544 1468 2588 obligatione
1503 2554 1640 2578 causam
1677 2553 1695 2575 a
1731 2553 1777 2574 rc-

1002 2595 1161 2641 quirente
1189 2592 1427 2639 percontandi.
1749 2635 1753 2638 ῃ

1048 2646 1067 2683 {⁸3
1095 2642 1125 2674 3.
1153 2641 1217 2675 Sed
1237 2637 1603 2674 abexcommunicatis
1626 2635 1774 2669 titandis

1003 2699 1137 2723 necnon
1165 2688 1208 2722 ab
1235 2687 1312 2720 aliis
1337 2684 1656 2719 excommunicatis.
1689 2687 1759 2727 post

1001 2747 1105 2781 quam
1135 2734 1326 2769 intercessit
1353 2732 1522 2766 sententia
1558 2731 1776 2764 comdemna-

1002 2784 1087 2818 toria
1114 2787 1172 2816 aut
1209 2780 1446 2815 declaratoria.
1479 2778 1592 2811 lidi-les
1632 2778 1664 2809 in
1706 2775 1775 2808 solo

1003 2829 1125 2865 mortis
1169 2828 1318 2874 periculo
1364 2831 1503 2871 possunt
1547 2829 1657 2869 pctcrc
1701 2828 1770 2855 tum

1000 2876 1251 2913 absolutionem
1289 2873 1571 2907 sacramentalem
1612 2871 1651 2904 acl
1698 2880 1774 2902 uor—

1004 2935 1094 2959 mam
1135 2934 1212 2958 can.
1239 2923 1320 2963 882‚
1350 2920 1453 2954 ’λ’-λιι).
1492 2925 1562 2953 tum
1603 2923 1718 2952 etiam,
1745 2916 1771 2949 si
