1950 3313
152 167 219 201 140
617 166 699 199 Lm.
727 165 773 198 V.
802 185 815 190 -
849 165 960 199 PARS
986 165 1038 199 II.
1067 185 1079 191 -
1104 165 1162 200 De
1180 167 1319 211 poenis
1447 164 1540 200 Can.
1570 163 1776 200 2265-2267

148 283 576 327 esc-ononmiratione
610 283 678 341 tali
713 282 799 338 fiat.
849 283 915 327 Sic
965 285 1199 327 restrictum
1237 287 1348 341 viget
1390 297 1480 342 cap.
1516 285 1532 327 1
1579 285 1673 328 «de
1718 298 1775 327 re-

148 357 310 410 scriptis
332 371 348 394 ,ο
388 354 429 409 (Ι,
457 354 497 409 3)
531 356 568 395 in
606 354 649 396 6Ο
684 353 750 397 ubi
786 356 843 397 ait
875 352 998 411 Greg.
1034 353 1111 398 lX:
1151 355 1281 412 «ipso
1314 358 1402 400 iure
1435 358 1684 412 rescriptum
1713 356 1775 399 rel

150 438 365 481 processus
386 438 457 480 per
487 426 620 479 ipsum
646 424 831 468 habitum
857 438 935 468 non
965 425 1111 479 valeat,
1134 428 1167 469 si
1191 427 1243 469 ab
1266 428 1630 470 excommunicato
1654 440 1780 483 super

148 496 226 538 alio
260 507 382 552 quam
418 497 863 538 excommunicationis
889 495 950 539 vel
986 496 1274 552 appellationis
1297 496 1472 540 articulo
1506 498 1625 539 suerit
1651 499 1777 553 impe-

149 571 363 607 tratum».
397 564 506 608 Talis
543 578 640 608 vero
675 567 881 609 restrictio
914 567 1020 610 facta
1056 568 1130 610 fuit
1165 570 1296 623 primo
1331 570 1368 610 in
1403 567 1568 610 Normis
1603 567 1781 623 peculia-

151 635 275 684 ribus,
310 632 406 690 Cap.
441 634 504 688 lll,
540 648 578 678 n.
616 636 659 678 6ο
686 636 712 678 ¹.

267 706 333 747 93,
373 708 581 763 Propria
632 708 917 752 differentia
966 709 1092 753 inter
1139 711 1611 755 excommunicatum
1665 713 1798 765 post·

149 779 442 822 sententiam
492 781 540 822 et
588 781 1062 824 excommunicatum
1111 781 1379 824 vitandum.
1424 805 1476 809 —
1522 778 1776 822 Relationem

150 847 273 890 habet
304 847 352 890 ad
403 861 517 890 num.
552 848 590 902 ⁹2,
622 847 660 902 ἐι
700 848 747 900 11,
781 849 901 892 cau.is
935 862 1071 905 praec.
1105 862 1283 907 sequens
1331 853 1647 906 praescriptum,
1682 852 1777 907 quia

149 917 245 960 dum
297 917 364 960 ille
397 918 633 974 considerat
675 921 1044 976 consequutionem
1090 922 1162 964 rei.
1198 919 1262 963 hic
1303 922 1470 976 respicit
1501 921 1667 963 easdem
1716 934 1780 963 res

150 990 229 1031 iam
266 1001 486 1044 possessas.
525 988 746 1032 Videlicet:
783 988 885 1032 Post
918 990 1171 1032 sententiam
1205 989 1589 1034 eondenmatoriam
1618 991 1678 1034 rel
1715 991 1780 1034 de-

149 1059 427 1102 rlarulom'am
459 1062 497 1102 in
534 1073 669 1116 praec.
703 1061 748 1118 ἑο
786 1061 828 1103 2⁰
849 1061 1118 1115 declaratam,
1151 1064 1208 1105 sic
1242 1062 1638 1113 eoeeonmmm'ralus,
1676 1062 1779 1105 ultra

149 1131 320 1173 effectus
352 1130 391 1186 ξ*
417 1131 468 1184 2¹,
504 1137 643 1174 manet
673 1132 882 1188 privatus,
917 1133 1089 1188 proinde
1115 1135 1199 1189 ipso
1226 1135 1327 1186 iure,
1350 1131 1558 1189 fructibus
1587 1134 1779 1191 equidem

150 1202 447 1257 temporalibus
479 1202 580 1246 alias
630 1204 907 1260 percipiendis
955 1216 1078 1247 causa
1127 1204 1365 1261 dignitatis,
1401 1204 1547 1262 officii,
1580 1203 1782 1261 beneficii,

146 1272 379 1329 pensionis„
414 1273 614 1321 muneris,
649 1278 686 1316 si
733 1273 842 1331 quod
891 1274 1037 1317 horum
1089 1277 1125 1317 in
1168 1287 1259 1318 can.
1294 1287 1430 1331 praec.
1475 1275 1780 1318 declaratorum

152 1341 300 1386 lrabeat
326 1344 368 1386 in
392 1343 597 1398 Ecclesia,
623 1351 659 1387 el
685 1345 883 1388 vitandus
911 1349 1338 1389 «excommunicatus
1363 1351 1500 1389 manet
1535 1348 1780 1402 privatus»,

153 1419 192 1457 ut
227 1428 363 1471 supra.
399 1415 468 1458 sed
505 1415 597 1473 ipsa
645 1416 866 1473 cli'ym'lale,
903 1416 1058 1474 officio,
1100 1417 1308 1473 beneficio,
1338 1417 1552 1474 pensione,
1597 1409 1780 1472 ornavere,

153 1485 326 1528 ubilibet
359 1499 405 1529 ea
442 1488 661 1542 possideat.

272 1557 340 1600 94.
376 1560 761 1605 communicatio
805 1562 851 1604 in
895 1561 1119 1617 profanis
1162 1563 1413 1617 prohibita
1445 1563 1630 1606 directe
1661 1561 1782 1606 fide-

153 1630 296 1674 libus.
322 1654 374 1658 ——
398 1629 436 1671 S.
471 1628 513 1673 C.
548 1631 587 1673 S.
620 1627 756 1673 Officii
783 1629 797 1651 ²
834 1633 1103 1687 interrogata:
1143 1646 1165 1670 «
1187 1630 1347 1678 Utrum,
1372 1630 1506 1674 ablata
1541 1643 1789 1692 excommu-⁴

153 1701 357 1742 nicatione
392 1702 539 1742 minori
574 1706 716 1743 contra
740 1714 823 1753 eos,
847 1703 915 1759 qui
941 1704 1251 1745 communicant
1284 1715 1376 1745 cum
1412 1704 1785 1745 excommunicatis

153 1765 395 1813 nominatim
430 1783 449 1814 a
485 1771 655 1814 Summo
699 1772 906 1825 Pontitice,
942 1778 1161 1816 censeatur
1204 1775 1325 1816 eliam
1368 1773 1501 1816 ablata
1548 1772 1781 1829 probibitio.

152 1839 273 1896 Resp.
307 1841 522 1897 Negative.
557 1868 612 1873 —
645 1845 794 1886 somus
827 1843 1138 1900 adprobavit».
1174 1843 1285 1887 Haec
1322 1843 1556 1900 prohibitio,
1589 1856 1696 1901 quae
1732 1846 1785 1886 in·

153 1912 308 1955 directe
343 1918 489 1968 gravat
525 1916 933 1958 excommunicatum
978 1920 1018 1958 et
1058 1915 1109 1958 ad
1148 1917 1316 1970 profana
1351 1928 1541 1972 quaeque
1586 1917 1673 1958 iure
1716 1928 1782 1957 xe-

157 1984 230 2025 teri
255 1983 571 2035 extendebatur,
595 1987 654 2027 sic
689 1987 887 2028 retinetur
922 1989 1033 2029 iuxta
1072 1985 1186 2029 verbi
1222 1988 1516 2042 proprietatem
1552 1986 1783 2029 iuridicam.

160 2051 258 2096 Can.
282 2055 423 2098 2267.
452 2080 502 2084 —
531 2054 869 2099 Commmzionem
903 2057 945 2099 in
978 2056 1187 2114 profanis,
1229 2073 1248 2097 «
1272 2059 1377 2100 sicut
1412 2059 1448 2099 in
1488 2056 1629 2109 verbo,
1658 2056 1718 2098 vet
1745 2058 1783 2098 in
1826 2051 1828 2053 ’

158 2124 311 2174 osculo,
340 2125 401 2168 vel
438 2128 475 2168 in
511 2139 708 2180 mensa»,
733 2141 820 2169 eum
847 2129 1202 2170 excommmu'calo
1238 2127 1407 2170 vitando
1440 2127 1700 2170 solummodo
1733 2126 1784 2170 ad

156 2208 340 2238 normam
377 2208 466 2239 can.
503 2196 629 2251 2558,
664 2198 682 2253 ξ
715 2200 755 2250 2,
779 2198 921 2254 fideles
954 2198 1164 2242 Ecclesiae
1196 2199 1348 2241 subditi
1386 2198 1519 2240 vilare
1551 2197 1712 2251 debent„
1737 2211 1784 2241 eo

155 2267 263 2322 quod
301 2269 337 2309 in
372 2280 468 2310 casu
500 2283 519 2308 ((
543 2269 774 2323 corporalia
798 2269 847 2312 ad
872 2269 1101 2325 spiritualia
1127 2269 1384 2312 ordinantur.
1411 2269 1457 2311 Et
1483 2269 1573 2311 ideo
1610 2274 1786 2325 poteslas

156 2349 262 2393 quae
295 2350 337 2380 se
371 2338 555 2381 extendit
589 2339 639 2381 ad
674 2339 920 2395 spiritualia,
953 2342 1075 2382 etiam
1111 2340 1159 2383 ad
1200 2339 1430 2395 corporalia
1474 2353 1517 2383 se
1559 2340 1785 2382 extendere

157 2412 310 2463 potest:
355 2410 461 2451 sicut
503 2421 569 2452 ars
613 2412 718 2466 quae
751 2415 808 2453 est
844 2411 894 2453 de
929 2411 1009 2453 tine
1054 2413 1228 2466 imperat
1262 2411 1313 2453 ‹le
1353 2410 1415 2453 bis
1457 2423 1563 2468 quae
1606 2416 1700 2453 sunt
1733 2409 1784 2453 ad

156 2479 277 2521 finem
303 2494 325 2519 »
355 2478 384 2522 ³.
423 2478 715 2523 Verumtamen
761 2483 798 2522 in
846 2480 1018 2524 Decreto
1055 2480 1178 2537 Greg.
1218 2479 1281 2523 Vll
1319 2483 1355 2523 in
1391 2495 1479 2538 cap.
1520 2481 1783 2536 «Quoniam,

156 2551 300 2606 inquit,
336 2550 486 2593 multos
521 2554 700 2606 peccatis
734 2553 883 2594 nostris
916 2551 1180 2608 exigentibus
1204 2565 1276 2607 pro
1299 2564 1423 2595 causa
1448 2554 1783 2595 excommunica-

156 2622 277 2662 tionis
311 2623 445 2676 perire
470 2622 653 2677 quotidie
677 2624 901 2676 cernimus,
926 2624 1072 2678 partim
1099 2624 1344 2678 ignorantia,
1369 2625 1514 2678 partim
1542 2625 1665 2665 nimia
1689 2624 1785 2664 sim-

273 2774 284 2794 1
313 2772 416 2807 Ordo
455 2773 670 2808 servandus
699 2775 739 2808 in
771 2774 838 2808 SS.
869 2774 1270 2819 Congregatffinfflus,
1307 2775 1600 2814 Tribunalfflus,
1637 2772 1786 2808 Officiis

157 2820 353 2854 Romanae
381 2820 533 2864 Curiae,
563 2821 607 2854 29
635 2821 742 2866 Sept.
774 2822 875 2856 1908.
907 2821 982 2858 CO.
1009 2822 1040 2859 Ι,
1070 2822 1126 2855 64,
1168 2843 1208 2847 —
1240 2822 1252 2844 2
1278 2823 1299 2855 2
1326 2824 1429 2867 Aug.
1461 2823 1563 2857 1893,
1595 2821 1783 2856 Collecta-

157 2878 230 2947 ἓξῗ
257 2867 295 2947 {-
322 2867 369 2948 gd
396 2867 444 2948 (lig
469 2868 511 2949 Ξ
537 2868 584 2949 gd.
609 2880 659 2949 {A
683 2870 785 2903 1844.
829 2890 870 2895 -—
909 2870 923 2891 3
959 2869 1005 2903 D.
1040 2869 1111 2902 Th.
1151 2869 1190 2902 in
1227 2869 1419 2914 Supplem.
1449 2874 1599 2914 quaest.
1630 2868 1806 2912 XXIII,-
