1950 3313
669 152 752 186 Tm
783 152 828 186 V.
857 172 870 178 -
896 152 952 186 De
974 153 1194 196 privz'leyz'e's
1679 150 1746 185 167

119 275 354 331 Superioris
387 271 696 329 (competentis)
730 276 866 314 actum
904 275 1143 314 revocatum
1180 269 1279 327 (quo
1314 282 1462 325 nempe
1488 270 1665 325 idipsum
1691 269 1748 311 di-

121 350 239 388 catur
272 341 499 399 expresse),
536 341 730 397 perdurat
767 355 896 398 usque
934 341 1031 384 dum
1079 343 1289 383 revocatio
1323 342 1374 394 ei,
1408 342 1476 397 qui
1512 339 1609 382 illud
1645 339 1747 383 obti-

123 418 223 462 nuit,
258 415 516 470 significetur
539 428 559 452 )›
601 412 721 455 modo
755 413 922 469 quidem
958 411 1209 455 authentico.
1237 437 1288 440 —
1329 426 1347 451 «
1373 414 1397 459 ,ξ
1431 410 1469 453 2.
1508 410 1581 453 l’er
1616 410 1746 467 legem

121 485 231 543 (sive
264 484 515 541 generalem,
549 485 638 525 sive
682 483 890 526 conditam
932 497 1003 539 pro
1040 481 1237 538 peculiari
1273 484 1494 535 territorio,
1528 481 1620 537 sed)
1653 495 1750 524 con-

125 559 293 600 trariam
329 555 503 612 (vigenti
538 559 653 597 extra
689 554 882 597 (Lodicem
921 553 1154 609 privilegio)
1188 552 1297 595 nulla
1344 552 1562 608 privilegia
1595 551 1752 607 (liuius—

125 626 255 682 modi)
290 629 540 669 revocantur
569 627 723 679 ttacite,
757 624 933 680 eoquod
953 623 1182 681 sequitur):
1210 625 1283 665 nisi
1309 622 1418 665 aliud
1446 623 1598 680 (quoad
1635 636 1752 665 revo-

121 700 327 741 cationem
363 694 576 751 expresse)
612 698 648 737 in
686 697 771 751 ipsa
807 695 895 751 lege
930 699 1191 748 caveatur»,
1231 693 1447 737 videlicet:
1483 699 1552 736 aut
1591 693 1756 736 disertis

128 766 265 810 verbis
298 766 621 809 determinatum
670 765 933 821 privilegium
980 763 1272 817 indicantibus,
1307 768 1377 807 aut
1421 778 1492 820 per
1526 763 1753 807 clausulam

121 837 361 894 generalem
397 850 490 880 cum
528 839 757 879 necessaria
792 836 1065 892 amplitudine
1098 840 1137 878 et
1173 837 1226 885 ri,
1258 840 1300 878 ut
1323 834 1649 890 comprehendat
1676 836 1756 890 pri-

128 909 326 965 vilegium
368 908 419 951 de
462 921 543 964 quo
586 912 747 964 agatur.
781 906 1045 950 Subinfertur
1089 908 1126 948 in
1171 918 1262 949 can.
1302 906 1354 948 60
1388 905 1516 948 altera
1552 907 1758 961 exceptio,

121 993 231 1038 quae
267 979 497 1035 privilegiis
532 991 623 1021 raro
657 980 892 1026 conveniet,
928 990 1099 1033 nempe:
1142 982 1259 1020 «aut
1293 976 1355 1020 lex
1395 976 1473 1020 lata
1508 979 1557 1019 sit
1580 989 1601 1019 a
1629 978 1758 1031 Supe-

127 1054 236 1094 riore
270 1050 423 1107 (quoad
461 1048 808 1105 iurisdietionem)
844 1050 985 1104 ipsius,
1017 1050 1087 1105 qui
1121 1050 1327 1091 concessit
1362 1048 1686 1103 privilegium».
1711 1044 1787 1089 Et·

123 1134 247 1166 casus
281 1124 354 1164 iste
391 1122 698 1163 revocationem
734 1121 899 1162 tacitam
935 1120 1166 1161 contineret
1188 1132 1238 1161 ex
1267 1117 1477 1160 voluntate
1513 1116 1761 1173 legislatoris

129 1197 298 1249 propter
333 1191 497 1234 tinalem
532 1191 761 1234 clausulam
786 1192 955 1233 canonis
978 1190 1046 1232 71.
1073 1189 1207 1246 Atque
1233 1191 1270 1230 in
1296 1187 1487 1231 omnibus
1513 1188 1575 1231 his
1598 1187 1762 1231 casibus

130 1264 231 1320 legis
265 1265 510 1311 contrariae,
546 1264 762 1318 ipsiusmet
796 1260 1020 1317 publicatio
1057 1262 1138 1302 vim
1175 1259 1298 1302 habet
1334 1259 1649 1315 significationis
1683 1260 1763 1315 pri-

131 1334 350 1390 vilegiario
393 1334 534 1387 t'actae,
582 1345 662 1390 qua
705 1331 915 1388 obligatur
952 1331 1185 1374 abstinendi
1228 1329 1280 1374 ab
1326 1344 1400 1373 usu
1447 1329 1654 1386 privilegii
1701 1343 1762 1372 re-

133 1407 285 1449 vocati.

255 1476 350 1518 140.
387 1476 461 1521 De
506 1477 877 1532 privilegiorum
920 1475 1304 1525 renunciatione,
1338 1484 1417 1529 qua
1457 1471 1765 1528 privilegiarius

131 1549 210 1590 iuri
244 1560 318 1590 suo
355 1546 560 1601 valedicit,
595 1548 737 1589 statuit
770 1560 859 1587 caiz.
901 1547 973 1587 7⁴3.
1009 1547 1033 1598 ,ξ
1069 1545 1104 1588 l.
1151 1543 1378 1601 Prim'leyia
1419 1548 1584 1585 cessam
1628 1542 1764 1600 quoad

130 1630 280 1660 eorum
318 1616 515 1669 valorem,
542 1619 597 1659 uti
623 1629 765 1659 norma
790 1615 1008 1672 generalis,
1031 1628 1108 1673 per
1134 1614 1496 1657 remmciationem
1522 1614 1642 1656 liuius
1666 1613 1764 1656 alte-

135 1690 273 1731 riusve
308 1687 529 1744 privilegii,
565 1700 670 1744 quae
702 1689 949 1743 supponitur
982 1698 1177 1742 expressa
1223 1690 1429 1739 oretenus,
1465 1687 1633 1740 scripto,
1667 1684 1767 1727 dum

136 1760 401 1816 prosequitur
434 1771 565 1801 canon
600 1761 911 1814 ‹it-competente
945 1756 1185 1813 Superiore,
1217 1758 1286 1813 qui
1325 1768 1473 1811 nempe
1499 1760 1633 1811 posset
1667 1753 1766 1796 illud

139 1829 407 1886 privilegium
443 1841 657 1880 revocare,
694 1828 757 1871 vel
792 1827 843 1871 ab
876 1829 1023 1870 eodem
1048 1828 1170 1870 t'uerit
1193 1827 1242 1870 ad
1272 1826 1349 1869 hoc
1371 1826 1600 1882 delegatus,
1625 1838 1765 1882 aecep-

136 1906 285 1944 Ιαίαηι.
319 1899 406 1943 Non
441 1902 551 1943 enim
587 1901 760 1955 privatis
794 1898 982 1942 relictum
1018 1903 1075 1941 est
1111 1898 1161 1941 de
1186 1897 1415 1954 privilegiis
1449 1911 1521 1953 pro
1557 1896 1671 1940 libitu
1707 1896 1767 1939 (li-

139 1984 330 2027 sponere,
363 1971 433 2013 sed
468 1970 730 2013 solummodo
765 1972 821 2012 uti
855 1971 927 2013 eis.

262 2056 281 2082 «
308 2040 411 2085 Cum
448 2040 622 2084 liberum
648 2043 698 2083 sit
723 2042 946 2097 unicuique
969 2053 1042 2082 suo
1067 2041 1143 2082 iuri
1171 2041 1446 2082 renuntiare»
1478 2038 1505 2093 ¹,
1531 2038 1568 2080 id
1604 2040 1772 2094 exponit

137 2112 277 2170 quoad
314 2112 532 2168 privilegia
565 2112 593 2170 ἓ
627 2112 664 2154 2.
696 2110 920 2167 Prioz'leyio
954 2110 995 2153 in
1030 2110 1098 2153 sai
1119 2124 1191 2153 seu
1217 2109 1489 2166 privilegiarii
1521 2114 1680 2151 {aizium
1706 2108 1771 2165 sa-

139 2197 291 2231 vorem,
326 2185 520 2240 quamvis
554 2196 652 2226 cum
688 2182 863 2225 aliorum
898 2195 1035 2229 onere,
1055 2180 1282 2224 constituto
1315 2180 1486 2238 quaevis
1505 2193 1687 2238 persona
1712 2181 1770 2222 iu·

141 2254 271 2298 ridice
305 2259 483 2310 sumpta,
503 2254 572 2297 sed
608 2253 779 2311 ρνίυαια
816 2252 1034 2309 privilegio
1069 2251 1137 2294 illo
1165 2252 1351 2308 gaudens
1376 2257 1580 2308 quatenus
1606 2250 1773 2307 physica

135 2330 212 2377 est,
264 2325 513 2368 renuntiare
560 2330 694 2381 potest
738 2326 827 2367 sive
870 2337 1065 2380 expresse
1104 2325 1192 2366 sive
1234 2325 1369 2378 tacite,
1418 2328 1537 2379 prout
1583 2324 1687 2365 infra
1735 2323 1773 2363 in

138 2407 233 2438 ean.
267 2396 334 2438 76.

260 2468 285 2520 ἓ
325 2466 362 2509 3.
409 2469 610 2510 Cone-esso
655 2466 874 2523 privilegio
917 2465 1063 2520 alicui,
1109 2471 1319 2523 tamquam
1355 2467 1539 2509 eiusdem
1575 2464 1774 2519 subiecto,

146 2536 185 2579 a‘l
219 2537 510 2580 communitati
541 2540 631 2581 sive
666 2550 840 2593 persona
874 2537 1040 2581 moralis
1072 2537 1300 2593 collegialis
1337 2550 1432 2580 vere
1465 2539 1529 2589 sit,
1554 2539 1643 2579 sire
1678 2548 1775 2586 non,

146 2606 188 2664 b)
221 2606 426 2664 digladiati
461 2621 498 2650 v.
531 2622 592 2664 gr.
627 2608 888 2665 Episcopatui
921 2608 1120 2664 singulari
1145 2607 1184 2664 c)
1210 2607 1346 2650 locove
1374 2621 1409 2647 r.
1435 2622 1496 2663 gr.
1523 2607 1645 2649 alicui
1672 2608 1772 2649 San-

142 2680 321 2731 ctuario,
336 2678 585 2721 renuntiare
603 2679 701 2722 illud
719 2679 903 2736 privatis
923 2681 961 2721 in
979 2678 1022 2732 {⁰
1042 2679 1082 2720 1³
1100 2678 1320 2721 declaratis
1340 2678 1550 2735 personis,
1583 2677 1777 2733 ‹piamvis

145 2747 223 2790 liae
257 2747 300 2803 a)
333 2750 423 2791 sive
457 2748 503 2790 ad
553 2749 666 2792 illam
717 2752 948 2805 pertineant
996 2750 1349 2800 communitatem,
1375 2747 1415 2803 b)
1450 2750 1538 2790 sive
1579 2748 1778 2803 dignitate

267 2901 277 2922 ¹
307 2900 399 2944 Cap.
428 2900 462 2943 6,
492 2900 556 2933 tit.
586 2900 645 2940 33,
674 2901 759 2934 Lib.
792 2901 835 2935 V.
