1950 3313
147 123 240 161 Can.
268 124 472 160 zan-23²8
522 125 606 159 Tt'r.
636 125 762 160 XVII.
794 147 802 153 ·
832 129 888 163 De
913 130 984 164 del.
1007 141 1037 164 c.
1059 132 1170 175 obliy.
1192 135 1281 165 stat.
1303 134 1391 167 cler.
1703 136 1772 171 295

151 245 417 287 monitionem
453 243 589 288 adbuc
624 249 852 300 perstantes
886 249 922 290 in
958 251 1191 299 omissione„
1218 250 1476 295 ()r‹{imu·i21.s·
1501 253 1575 295 loci
1598 267 1675 308 pro
1698 269 1772 297 sno

144 313 348 372 prudenti
380 314 559 358 arbitrio
590 314 749 358 scilicet
771 334 778 365 ;
817 330 945 372 poena
979 323 1038 361 est
1063 320 1376 364 imleterminata
1403 322 1510 379 (can.
1536 323 1662 378 2217,
1686 327 1710 377 ξ
1736 325 1771 376 1,

151 385 229 442 10),
260 385 427 443 pimiat,
465 384 637 428 verbum
672 386 839 442 quidffln
877 392 1200 445 praeceptivum,
1236 392 1489 449 proindeque
1534 396 1644 437 iuxta
1680 408 1772 438 nor-

150 469 258 499 mam
293 469 383 499 can.
420 456 548 510 2223,
582 458 605 509 f}
640 456 712 505 3⁰:
747 457 915 514 quodsi
945 458 1107 515 literius
1130 461 1323 518 relt'ssiosi
1354 464 1606 521 confessarii
1629 479 1769 507 rutum

149 527 390 570 animarum
425 541 504 570 non
535 533 741 584 yerenles,
776 534 899 586 atque
935 532 990 572 uti
1031 532 1326 586 praescribitur
1371 536 1407 576 in
1442 548 1530 579 can.
1566 538 1632 579 cit.
1679 536 1771 589 131,

147 599 176 657 ξ
209 597 281 641 3⁰:
319 614 341 639 «
363 600 432 656 qui
469 597 705 642 facultatem
739 599 933 643 audiendi
959 602 1237 645 consessiones
1260 603 1311 647 ab
1334 602 1556 648 Ordinario
1590 606 1774 650 obtinue-

148 674 255 725 runt,
290 671 322 713 si
356 668 520 713 collatio
555 671 593 712 in
643 682 786 713 eorum
831 670 1024 715 domibus
1058 686 1135 715 non
1186 673 1386 717 habeatur
1405 692 1444 728 »,
1480 676 1540 719 lu's
1582 677 1773 721 oumibus

151 742 488 797 praesuppositis,
531 745 884 784 «contumaces»
922 756 990 785 eos
1023 742 1072 784 ab
1106 743 1330 787 audiendi-s·
1363 746 1646 789 mevulanum
1679 762 1772 790 ecm-

145 810 400 868 fessiom'bus
433 811 679 868 suspendat,
725 812 918 869 equidem
954 826 1001 856 ex
1041 819 1273 870 praecepto,
1307 829 1354 859 ac
1389 830 1515 872 poena
1551 823 1610 860 est
1643 818 1774 861 deter-

150 885 304 925 minata
338 881 447 940 (can.
484 882 613 935 2217,
654 882 682 939 ξ
716 882 772 938 1).
808 882 936 939 lgitur
969 884 1017 927 ad
1054 897 1239 928 normam
1277 899 1366 929 can.
1401 887 1527 942 2223,
1561 888 1588 946 ξ
1622 888 1679 943 3⁰,
1718 889 1771 932 1⁰.

150 951 288 997 Codex
325 966 397 1010 per
430 953 539 997 bunc
572 966 773 997 canonem
810 957 936 998 edicit
970 955 1226 1011 praedictum
1261 957 1457 1000 delictum
1493 960 1581 1001 iure
1615 962 1771 1003 censeri

147 1037 320 1081 gravem
365 1037 547 1079 causam,
581 1025 632 1068 de
665 1037 746 1083 qua
779 1028 920 1069 statuit
963 1039 1050 1070 can.
1087 1027 1185 1082 880,
1217 1028 1245 1086 ξ
1279 1028 1316 1073 t.
1356 1027 1494 1072 «Loci
1527 1029 1774 1073 (lt-dinarius

150 1095 214 1138 vel
251 1095 449 1152 Superior
483 1095 699 1152 religiosus
747 1096 1074 1140 iurisdictionem
1107 1098 1174 1155 vvel
1221 1097 1427 1142 licentiam
1462 1100 1510 1142 ad
1547 1099 1774 1144 audiendas

147 1167 428 1210 confessiones
460 1179 511 1210 ne
545 1172 744 1211 revocent
777 1172 848 1211 aut
879 1169 1147 1225 suspendant,
1172 1171 1247 1212 nisi
1271 1182 1443 1226 gravem
1468 1169 1520 1214 ob
1543 1182 1708 1214 causam
1733 1186 1771 1212 ³).

144 1237 229 1281 Nec
264 1237 469 1282 ullatenus
501 1240 684 1295 exempti
736 1238 916 1295 religiosi
950 1238 1002 1283 ab
1035 1240 1180 1283 eodem
1228 1242 1481 1297 praescripto
1514 1247 1607 1284 sunt
1642 1241 1773 1295 liberi,

146 1313 187 1352 ut
221 1313 332 1366 patet
364 1322 414 1352 ex
449 1322 539 1354 can.
575 1309 672 1364 874,
706 1312 731 1364 ἓ
767 1310 836 1352 1¹.

265 1379 364 1423 ⁶221.
399 1382 612 1438 Propter
643 1393 849 1438 gravem
882 1383 1234 1439 negligentiam
1257 1384 1432 1428 rituum
1457 1387 1505 1429 et
1527 1378 1774 1429 caeremo-

147 1453 354 1497 niarum.
388 1477 438 1482 —
478 1452 568 1495 Post
600 1452 852 1501 sacerdotes,
886 1452 1060 1496 clericos
1094 1454 1132 1496 in
1166 1455 1295 1496 sacris
1321 1458 1486 1497 coercet
1517 1453 1671 1507 Codex,
1694 1452 1771 1497 sibi

143 1526 337 1565 constans
385 1527 575 1578 respectu
609 1528 713 1566 can³.
750 1522 868 1565 8182
901 1527 1025 1581 atque
1057 1522 1166 1567 hunc
1215 1524 1523 1581 quodammodo
1571 1524 1773 1581 amplians

146 1606 219 1649 per
251 1607 341 1636 can.
374 1595 514 1637 2378.
559 1592 714 1637 Clerici
755 1593 951 1649 maiores,
995 1595 1309 1650 comprehensis
1352 1595 1658 1649 Sacerdotibus,
1701 1595 1773 1652 qui

145 1663 187 1706 in
222 1677 344 1708 sacro
376 1664 627 1720 ministerio,
661 1667 750 1709 sive
783 1665 924 1708 altaris
956 1666 1091 1723 quoad
1129 1668 1347 1709 missarum
1377 1666 1697 1710 celebrationem
1733 1671 1772 1709 et

143 1747 283 1779 sacras
316 1736 562 1788 functiones,
609 1738 698 1780 sive
747 1739 785 1779 in
835 1737 1193 1781 administratione
1240 1738 1603 1781 sacramentorum
1637 1742 1675 1780 et
1708 1749 1769 1780 sa-

142 1805 476 1861 cramentalium,
510 1811 549 1850 et
582 1809 619 1850 in
665 1809 793 1850 sacris
838 1806 1117 1851 functionibus
1149 1814 1266 1851 extra
1299 1807 1541 1863 Ecclesiam,
1580 1808 1690 1850 ritus
1732 1812 1771 1850 et

143 1877 439 1931 caerimonias,
475 1877 552 1921 hoc
586 1883 668 1921 est:
705 1878 903 1921 formulas
937 1891 1106 1934 precum
1141 1883 1181 1922 et
1222 1881 1547 1922 concomitantes
1589 1880 1771 1922 actiones

144 1949 182 1990 in
218 1947 331 1991 cultu
366 1948 545 2005 publico,
580 1947 629 1991 ab
672 1947 863 1991 Ecclesia
892 1949 1186 2006 praescriptas
1218 1963 1290 2005 per
1324 1949 1434 2005 leges
1478 1949 1690 2005 liturgicas
1731 1953 1770 1992 et

143 2018 312 2062 decreta
347 2018 385 2064 S.
419 2018 461 2063 C.
496 2019 663 2063 Rituum
699 2018 739 2076 a)
771 2019 963 2076 yraviter
995 2019 1213 2076 ieeqliqam
1247 2020 1398 2063 iudicio
1431 2017 1658 2073 Ordinarii,
1683 2032 1770 2075 pro-

144 2093 234 2146 pter
269 2092 498 2143 materiam,
539 2091 810 2147 frequentiam
856 2093 1229 2146 transgressionum
1279 2090 1340 2133 vel
1384 2091 1624 2134 scandalum
1670 2090 1768 2133 tide-

146 2160 262 2215 lium,
297 2160 339 2218 b)
373 2167 411 2204 et
444 2161 594 2205 moniti
626 2175 715 2204 sese
744 2175 824 2204 non
869 2161 1196 2214 emendaverint,
1239 2161 1301 2205 bis
1345 2163 1668 2218 praesuppositis
1701 2175 1767 2203 su-

143 2231 420 2290 spendamur,
460 2233 567 2290 quod
616 2232 788 2277 verbum
823 2238 881 2276 est
927 2235 1255 2289 praeceptivum,
1296 2247 1374 2290 pro
1416 2231 1582 2275 diversa
1626 2237 1768 2274 reulus

139 2303 354 2361 ⁴qraeitate
386 2305 649 2348 concorditer
681 2304 731 2347 ad
765 2316 854 2348 can.
881 2304 1007 2359 2223,
1030 2304 1059 2362 ἓ
1091 2307 1135 2348 3⁰
1172 2303 1237 2348 ubi
1269 2305 1587 2347 «conscientiae
1611 2308 1647 2346 et
1673 2316 1767 2359 pru-

143 2374 308 2418 dentiae
340 2375 489 2419 iudicis
526 2375 586 2419 vel
622 2375 855 2432 Superioris
887 2375 1297 2419 committiturz...3⁰
1325 2375 1498 2418 l'oenam
1523 2374 1769 2417 determina-

144 2450 226 2488 tam
261 2450 538 2503 temperare»
578 2480 585 2488 .

260 2599 271 2621 1
300 2599 389 2634 Can.
417 2599 500 2634 874.
538 2603 557 2641 ἓ
585 2600 616 2636 l.
649 2598 969 2634 Iurisdictionem
1004 2599 1222 2644 delegatam
1261 2598 1305 2632 ad
1342 2597 1584 2643 recipiendas
1619 2599 1764 2629 contes-

141 2646 273 2680 siones
299 2646 566 2691 quorumlibet:
592 2647 676 2682 sive
703 2647 962 2681 saecularium
989 2647 1071 2681 sive
1110 2646 1385 2691 religiosorum
1411 2645 1561 2679 confert
1594 2643 1763 2677 sacerdo-

142 2693 250 2727 tibus
277 2696 363 2727 tum
388 2693 655 2728 saecularibus
682 2698 767 2728 tum
794 2694 992 2740 religiosis
1016 2694 1135 2728 etiam
1161 2693 1356 2738 exemptis
1375 2692 1603 2727 ordinarius·
1630 2691 1703 2724 loci
1724 2690 1760 2722 in

141 2751 221 2784 quo
248 2741 513 2775 contessiones
539 2742 806 2786 excipiuntur.

260 2788 274 2810 ²
300 2788 392 2825 Can.
417 2788 499 2824 818.
517 2788 739 2834 Reprobata
764 2789 902 2834 quavis
937 2788 1133 2822 contraria
1164 2786 1463 2825 consuetudine,
1496 2784 1671 2819 sacerdos
1705 2795 1760 2817 ce-

142 2834 298 2869 lebrans
324 2840 504 2870 accurate
530 2847 574 2870 ac
599 2836 740 2870 devote
778 2842 907 2870 servet
934 2835 1108 2869 rubricas
1135 2845 1294 2868 suorum
1330 2833 1533 2867 ritualium
1562 2832 1759 2873 librorum,

141 2886 356 2928 caveatque
382 2894 431 2917 ne
456 2882 554 2917 alias
580 2884 842 2917 caeremonias
868 2890 937 2917 aut
964 2894 1095 2927 preces
1121 2882 1275 2926 proprio
1301 2881 1463 2915 arbitrio
1489 2879 1691 2923 adiungat.
