1950 3313
141 170 186 203 62
603 167 689 200 L1B.
718 167 763 200 V.
792 186 804 191 -
832 166 941 200 PARS
966 166 1018 200 11.
1047 186 1060 192 -
1086 167 1142 202 De
1163 170 1300 211 poenis
1555 167 1647 202 Gan.
1674 167 1769 202 2223

140 289 429 344 applicationis
464 300 633 343 poenae,
666 285 800 344 fuerit
832 285 1077 329 emendatus
1121 299 1142 330 a
1185 287 1350 342 delicto,
1385 288 1493 345 quod
1535 289 1767 344 respicitur,

141 365 177 401 et
211 358 455 401 scutulatum
490 356 771 414 reparaverit,
792 357 901 413 quod
928 371 1001 414 pro
1026 358 1161 401 iudice
1184 371 1349 414 semper
1372 360 1651 401 necessarium
1677 361 1770 413 erit,

140 432 233 486 quia
274 445 294 469 «
318 428 465 471 delicta
501 440 607 484 quae
640 427 795 470 cadunt
827 427 904 470 sub
937 428 1142 471 criminali
1189 428 1340 472 iudicio
1384 434 1478 472 sunt
1515 428 1662 472 delicta
1701 442 1769 485 pu-

140 499 288 543 blica»
329 499 436 555 (can.
477 498 600 550 1933,
634 498 662 556 ξ
699 497 755 555 1).
794 498 912 541 Ratio
958 499 1079 541 buius
1122 501 1379 555 exceptionis
1411 512 1432 542 a
1468 499 1611 556 regula
1643 512 1767 555 supra

139 573 176 613 in
211 573 253 624 ἕο
288 571 417 624 posita
451 573 512 612 est
545 568 862 612 obtentustinis
899 582 969 625 per
1010 583 1182 625 poenam
1230 572 1422 623 intentus,
1457 573 1525 627 qui
1560 569 1770 613 obtinetur

138 639 467 697 aequipollenter
499 642 536 682 in
571 642 759 697 sequenti
795 640 948 696 duplici
985 639 1226 697 hypothesi:
1263 640 1303 696 b)
1335 646 1409 683 aut
1447 656 1466 681 ((
1493 654 1628 684 reus»
1657 639 1766 698 suffi-

138 711 295 753 cienter
317 710 506 754 «iudicis
529 711 590 754 vel
611 710 883 767 Superioris»
910 715 951 754 ut
974 724 1097 767 supra
1124 712 1276 754 iudicio
1293 711 1469 769 punitus
1487 711 1555 767 sit,
1575 713 1768 768 quamvis

139 794 267 838 poena
302 795 380 824 non
415 784 629 836 canonica,
664 794 757 824 nam
792 780 1006 824 subditur:
1042 781 1081 837 c)
1113 781 1436 839 relpuniendus
1461 782 1552 826 talis
1581 802 1595 821 ιι
1625 796 1761 825 reus»

133 851 437 910 praevideatur
466 851 613 910 poenis
647 852 905 895 auctoritate
937 851 1054 894 ciuili
1086 852 1263 895 sancitis
1298 853 1490 910 equtdem
1527 855 1644 900 iuste,
1669 855 1765 911 quia

140 923 381 966 «delictum
416 923 524 980 quod
561 923 686 966 laedit
722 925 936 980 utriusque
970 925 1180 966 societatis
1214 922 1363 980 legem,
1397 923 1448 967 ab
1488 929 1662 981 utraque
1695 938 1764 980 po-

136 998 280 1037 testate
316 996 449 1050 puniri
485 998 660 1050 potest»
701 993 809 1050 (can.
845 994 986 1046 2198).

257 1063 342 1107 Duo
378 1067 535 1121 priores
570 1066 729 1107 numeri
775 1064 825 1107 de
867 1078 995 1120 poena
1042 1064 1332 1120 praescribunt
1375 1066 1692 1108 «determinata
1728 1070 1767 1108 et

136 1135 518 1185 indeterminata»,
552 1136 672 1178 aliter
714 1136 790 1179 sub
840 1134 885 1178 n⁰
917 1135 966 1178 3⁰
1001 1135 1053 1179 ob
1097 1138 1339 1192 praescripti
1380 1141 1585 1179 naturam.
1624 1151 1642 1175 «
1666 1135 1765 1180 Con-

133 1209 329 1250 scientiae
353 1211 392 1250 et
416 1207 659 1263 prudentiae
684 1206 832 1250 iudicis
859 1206 921 1250 vel
947 1208 1182 1263 Superioris
1205 1209 1478 1250 committitur
1500 1223 1520 1248 »
1542 1224 1549 1250 :
1588 1206 1764 1250 Poenam

134 1276 458 1320 determinatam
484 1280 520 1320 in
546 1277 636 1334 lege
660 1280 697 1330 a)
721 1283 957 1334 temperare
982 1291 1052 1333 per
1078 1279 1376 1333 mitigationem
1414 1280 1764 1334 proportionatam

135 1347 196 1390 vet
230 1347 316 1390 loeo
350 1348 485 1405 ipsius
520 1361 674 1403 poenae
712 1349 992 1391 vindicativae
1027 1348 1069 1402 b)
1103 1347 1278 1405 aliquod
1315 1348 1545 1391 remedium
1574 1348 1765 1406 poenale,

137 1419 349 1462 videlicet:
379 1435 400 1460 α
425 1422 706 1474 monitionem,
732 1422 1053 1476 correptionem,
1079 1424 1344 1476 praeceptum
1374 1419 1436 1462 vel
1462 1419 1718 1476 vigilantiam
1740 1436 1759 1461 »

133 1489 241 1546 (can.
277 1490 409 1548 2306)
445 1504 516 1546 pro
550 1503 721 1533 casuum
756 1490 999 1534 diversitate
1033 1489 1236 1533 adhibere
1268 1490 1308 1548 c)
1342 1496 1415 1533 siut
1448 1490 1637 1548 aliquam
1667 1505 1765 1548 poem

133 1561 357 1604 nitentiam
392 1563 559 1604 forsitan
595 1575 643 1604 ex
680 1561 742 1604 liis
784 1561 860 1605 sub
904 1560 948 1619 ξ)
986 1561 1028 1603 1⁰
1063 1574 1151 1605 can.
1189 1561 1300 1603 2313
1335 1564 1589 1604 enumeratis
1621 1562 1760 1604 iniun-

130 1646 242 1689 9ere,
278 1633 405 1676 idest:
443 1646 567 1675 unum
607 1632 668 1676 vel
704 1632 815 1675 aliud
853 1646 925 1688 pro
960 1632 1068 1675 illius
1104 1632 1293 1688 prudenti
1328 1631 1513 1687 arbitrio,
1537 1635 1568 1675 si
1602 1633 1765 1676 accidat

132 1703 397 1747 distributive
447 1717 573 1746 unum
627 1703 689 1746 vel
738 1703 849 1746 aliud
896 1702 1042 1746 borum
1083 1716 1190 1760 (quae
1232 1708 1484 1759 sequuntur3
1521 1716 1691 1759 nempe:
1726 1704 1763 1745 si

132 1773 172 1830 a)
205 1773 329 1816 detur
361 1774 681 1816 circumstantia
715 1774 994 1831 delinquentis
1019 1774 1080 1816 vel
1110 1773 1248 1817 delicti
1284 1773 1658 1831 impulabilitatem
1690 1788 1758 1817 no-

134 1844 321 1887 tabiliter
351 1845 544 1887 mimcens
586 1845 875 1900 cognoscenda
921 1858 971 1888 ex
1011 1844 1223 1887 declarato
1267 1857 1355 1887 can.
1393 1845 1520 1899 2218,
1554 1846 1579 1898 ἓ
1614 1845 1651 1897 1,
1686 1846 1759 1887 etsi

131 1917 272 1970 gravis
306 1920 518 1959 remaneat
552 1915 850 1971 imputabilitas
884 1920 1053 1972 propter
1074 1915 1102 1972 ξ
1127 1915 1164 1968 2,
1191 1914 1232 1972 b)
1262 1915 1324 1958 vel
1358 1914 1563 1957 habeatur
1595 1914 1761 1972 quidem

132 1985 194 2028 rei
227 1985 462 2029 emendatio
495 1989 689 2044 quamvis
724 1987 917 2042 perfecta,
949 1986 989 2042 c)
1025 1992 1099 2028 aut
1133 1986 1297 2044 inflicta
1332 1987 1453 2029 tuerit
1486 2000 1510 2028 a
1544 1985 1660 2028 ciuili
1692 1999 1762 2027 au-

131 2057 327 2100 ctoritate
359 2058 584 2114 eastiyatio
620 2060 732 2100 iuxta
767 2071 877 2100 num.
911 2057 979 2111 2¹²³,
1012 2056 1085 2100 sed
1116 2056 1244 2099 uuleoe
1275 2057 1338 2099 rel
1371 2056 1580 2114 Superior
1609 2069 1757 2113 oppor-

133 2132 276 2170 tunam
306 2134 531 2185 praeterea
563 2128 702 2171 ducat.
744 2130 870 2184 igitur
914 2127 1226 2178 rationabiliter,
1270 2127 1481 2170 mitiorem
1520 2143 1541 2168 a
1564 2127 1756 2170 determi—

132 2203 269 2241 nata»
308 2198 496 2255 aliquam
525 2198 790 2255 punitionem
824 2198 919 2241 huic
961 2198 1038 2241 sub
1078 2198 1213 2241 littera
1248 2197 1284 2254 e)
1319 2198 1490 2252 addere,
1526 2197 1586 2240 vel
1625 2200 1661 2239 in
1697 2210 1760 2240 ca-

130 2269 243 2312 sibus
276 2268 318 2325 a)
354 2274 393 2312 et
426 2268 465 2325 b)
502 2272 730 2325 imponere.

246 2339 274 2397 ξ
306 2344 347 2384 4.
390 2339 568 2383 Poenam
603 2339 891 2383 medicinalem
931 2344 1002 2382 aut
1048 2340 1345 2383 vindicativam
1380 2338 1495 2382 latae
1527 2339 1760 2382 sententiae

130 2416 297 2467 propter
330 2411 527 2454 delictum
573 2413 651 2454 iam
693 2413 900 2454 incursam
936 2410 1172 2461 declarare,
1207 2416 1249 2453 ut
1284 2412 1321 2452 in
1358 2411 1446 2453 foro
1480 2415 1652 2453 externo
1686 2423 1755 2454 au-

130 2481 309 2525 thentice
333 2487 503 2531 constet,
523 2481 772 2539 qeneratim,
799 2481 925 2524 idest:
954 2481 1078 2524 veluti
1105 2493 1249 2524 norma
1273 2481 1551 2523 committitur
1577 2483 1610 2523 vi
1635 2480 1758 2524 huius

129 2554 297 2595 canonis
337 2552 595 2610 prudentiae
636 2551 884 2609 Superioris
926 2553 1259 2594 circumstantias
1308 2552 1624 2607 pei-pendentis:
1683 2550 1754 2594 sed

128 2622 168 2679 a)
187 2623 272 2665 sive
289 2622 345 2665 ad
363 2622 614 2665 instantiam
630 2623 770 2680 partis
794 2622 913 2665 cicius
936 2622 1112 2664 interest
1131 2626 1299 2678 propter
1318 2621 1533 2678 quodlibet
1556 2622 1755 2666 damnum

130 2698 354 2749 receptum,
381 2693 422 2750 b)
446 2694 532 2736 sive
554 2693 656 2736 bono
690 2693 898 2736 communi
926 2693 1144 2746 dioecesis,
1175 2694 1371 2745 civitatis,
1416 2693 1636 2749 parochiae
1685 2697 1755 2735 aut

129 2766 437 2808 communitatis
470 2764 531 2807 ita
564 2764 768 2820 effluente,
794 2764 1049 2821 proindeque
1083 2765 1240 2806 ratione
1273 2762 1399 2806 debiti
1425 2776 1473 2806 ex
1499 2763 1634 2807 officio
1657 2776 1754 2819 erga

127 2835 311 2891 singulos
330 2835 472 2878 fideles
500 2835 561 2877 vel
585 2837 823 2878 societatem
848 2834 991 2878 saltem
1018 2834 1317 2889 imperfectam,
1341 2834 1551 2877 sententia
1569 2833 1754 2876 deelara-

130 2906 238 2949 toria
262 2905 360 2948 dari
382 2905 511 2962 debet,
534 2906 584 2949 ad
609 2906 718 2963 quod
745 2905 867 2948 iudex
897 2905 957 2948 vel
987 2904 1183 2960 Superior
1209 2903 1283 2947 hoc
1309 2907 1563 2961 praescripto
1588 2904 1750 2960 ligatur.
