1950 3313
171 153 238 187 132
633 150 718 184 [ΛΒ.
744 150 788 184 V.
818 171 832 175 -
858 150 968 185 PARS
993 151 1044 185 11.
1074 171 1086 176 —
1111 151 1169 187 De
1188 130 1339 197 poenis·
1579 153 1673 190 Can.
1699 155 1794 190 2259

169 272 328 315 sublata
363 270 597 327 prohibitio,
622 269 691 312 sed
727 269 829 313 haec
854 275 1037 314 remanet
1061 271 1110 314 ad
1147 285 1333 315 normam
1359 275 1460 316 iuris
1494 274 1794 331 praecedentis,

169 348 370 400 quatenus
405 340 602 397 implicita
637 343 696 384 est
731 343 769 383 in
804 340 846 395 ἕο
879 345 1092 399 sequenti,
1128 342 1169 400 b)
1206 357 1284 386 non
1331 349 1467 386 tamen
1506 359 1528 385 α
1551 349 1662 388 caret
1707 347 1795 389 inre

166 413 425 457 assistendi»
461 411 777 469 praedicationi
810 411 922 455 verbi
959 411 1045 466 Dei,
1085 417 1278 471 quamvis
1312 417 1416 458 intra
1461 413 1676 459 Missarum
1716 416 1794 460 sol-

167 484 317 527 lemnia
342 483 470 538 tieret,
506 488 712 540 quatenus
733 482 785 526 ab
817 482 880 526 his
912 484 1132 528 audiendis
1164 498 1243 528 non
1269 485 1551 542 prohibeatur.
1573 485 1794 531 Concessio

167 554 232 597 illa
267 556 410 596 nititur
441 566 531 610 cap.
567 553 620 596 43
676 569 695 595 ((
719 554 770 597 de
812 557 1015 598 sententia
1049 558 1582 601 excommunicationis...»
1620 556 1685 614 (V,
1718 558 1792 616 39)

165 625 233 668 ubi
268 624 406 668 lnnoc.
440 623 491 667 lll
525 627 580 667 ait
615 624 844 671 Ferrarien.
878 625 1104 683 Episcopo:
1145 642 1166 667 ((
1188 627 1400 684 Responso
1439 634 1578 671 nostro
1612 629 1794 685 postulas

163 691 341 751 edoceri,
367 708 416 739 an
451 709 544 739 cum
580 695 739 740 Ferrar.
774 699 889 741 cives
921 700 1365 742 excommunicationis
1397 704 1436 742 et
1470 699 1677 743 interdicti
1700 714 1791 744 sen-

162 769 299 810 tentiis
331 769 412 810 sint
446 767 573 824 ligati,
599 768 719 811 liceat
752 767 823 812 tibi
852 771 962 812 viros
984 774 1024 812 et
1058 768 1252 812 mulieres
1279 769 1406 813 semel
1441 772 1478 813 in
1514 769 1790 824 hebdomada,

166 837 227 881 vel
263 840 300 881 in
338 851 490 885 mense,
515 839 624 895 apud
658 839 840 896 aliquam
875 839 1095 883 ecclesiam
1120 853 1368 895 convocare,
1391 841 1543 899 quibus
1576 842 1791 898 praedices

164 908 337 953 verbum
373 909 460 963 Dei,
495 915 534 953 et
577 910 744 953 eosdem
779 911 829 954 ad
864 913 1165 954 correctionem
1211 911 1394 955 inducas.
1428 912 1560 969 Super
1603 925 1683 970 quo
1727 927 1790 957 re-

158 980 425 1037 spondemus,
451 981 559 1038 quod
592 984 680 1025 sine
702 981 898 1037 scrupulo
922 984 1200 1026 conscientiae
1233 981 1311 1026 hoc
1335 984 1472 1026 tacere
1505 986 1672 1040 poteris,
1694 997 1789 1027 cum

160 1051 317 1095 videris
350 1053 571 1109 expedire:
620 1052 847 1096 dummodo
880 1058 1021 1096 contra
1058 1054 1233 1096 sormam
1283 1053 1489 1097 interdicti
1539 1054 1697 1097 nullum
1731 1056 1791 1097 eis

158 1124 379 1182 (praecise)
413 1125 600 1167 divinum
637 1124 819 1167 officium
853 1123 1147 1167 celebretur».

281 1195 602 1239 l‘rohibitionem
635 1208 685 1238 ex
718 1196 745 1252 ἓ
779 1194 822 1237 10
856 1200 1179 1253 consequentem
1219 1197 1385 1252 respicit
1418 1195 1496 1239 sub
1527 1196 1790 1239 distinctione

159 1266 314 1322 duplici
358 1266 386 1324 ἓ
417 1268 458 1308 2.
493 1264 545 1308 Si
584 1265 753 1322 passive
795 1265 924 1310 idest:
975 1278 1088 1309 mera
1137 1268 1368 1322 praesentia
1402 1269 1595 1324 quamvis
1638 1267 1789 1310 devota

159 1338 336 1380 assistat
369 1339 407 1393 a>
431 1338 818 1382 excommunicatus
852 1336 1070 1389 toleratus,
1105 1338 1178 1380 etsi
1219 1352 1238 1377 «
1265 1343 1351 1394 post
1386 1339 1631 1380 sententiam
1656 1337 1790 1381 decla·

159 1411 354 1451 ratoriam
392 1408 454 1451 vel
489 1407 936 1462 condemnatoriam»,
970 1421 1049 1451 non
1084 1413 1145 1450 est
1180 1422 1343 1451 neeesse
1374 1413 1420 1451 at
1451 1408 1706 1466 eoepellatur,
1728 1422 1790 1452 ce-

157 1481 256 1523 teris
289 1482 398 1523 enim
449 1478 641 1522 fidelibus
672 1479 916 1522 conceditur
964 1479 1055 1522 talis
1097 1482 1435 1534 communicatio,
1468 1492 1516 1522 ac
1558 1480 1787 1523 secundum

158 1553 226 1595 cit.
263 1550 578 1594 lnstructionem
622 1550 660 1593 S.
694 1549 862 1606 Congr.s
893 1550 943 1593 de
980 1550 1018 1592 Ρ,
1053 1549 1092 1592 F.
1127 1564 1174 1593 ex
1226 1549 1404 1606 benigna
1449 1547 1788 1607 interpretatione

158 1624 339 1678 practica
377 1634 496 1664 «nec
530 1633 552 1664 a
600 1620 784 1663 fidelium
820 1626 938 1664 coetu
989 1619 1214 1677 repellitur.
1251 1633 1384 1677 neque
1431 1620 1545 1663 aditu
1588 1620 1789 1664 ecclesiae

159 1692 413 1749 prohibetur,
449 1705 525 1735 nec
558 1704 578 1734 a
614 1691 790 1746 publicis
824 1690 1016 1747 precibus
1049 1691 1343 1745 excluditur»,
1376 1704 1483 1748 quae
1517 1693 1656 1748 praxis
1688 1704 1785 1748 erga

157 1763 409 1807 acatholicos
441 1768 657 1815 servatur,
694 1762 733 1819 b)
767 1763 804 1805 si
839 1762 1034 1806 vitandas
1072 1765 1277 1819 «passive
1309 1764 1528 1814 assistat»,
1566 1776 1660 1806 cum
1696 1762 1789 1806 talis

156 1835 320 1878 dicatur
355 1840 541 1890 respectu
572 1834 771 1889 tidelium,
796 1834 1068 1892 eoepellenslas
1092 1840 1166 1884 est,
1191 1847 1286 1877 nam
1321 1836 1435 1878 iuxta
1469 1834 1786 1891 praecedentem

157 1905 418 1961 disciplinam
465 1905 662 1961 implicite
706 1904 772 1948 hic
805 1910 1040 1948 contentam
1085 1908 1311 1948 sustinetur
1359 1918 1432 1961 pro
1464 1905 1612 1948 eodem
1645 1904 1785 1947 huius-

157 1976 265 2019 modi
301 1978 557 2019 assistentiae
591 1975 826 2032 prohibitio,
862 1976 957 2020 hinc
993 1978 1257 2033 prosequitur
1279 1988 1429 2019 canon:
1455 1981 1543 2029 aitt,
1566 1976 1603 2018 si
1630 1974 1787 2033 eoepelli

156 2052 334 2103 nequeat
371 2059 637 2103 quocumque
662 2049 832 2100 motivo,
858 2061 896 2090 v.
921 2060 983 2103 gr.
1008 2049 1104 2104 quia
1138 2059 1313 2103 persona
1347 2045 1526 2103 publica,
1550 2045 1602 2089 ob
1630 2045 1784 2088 malum

156 2117 256 2160 alias
280 2130 538 2174 consequens
564 2118 794 2171 vitandum,
818 2118 867 2160 ab
900 2118 1031 2175 officio
1065 2120 1189 2161 etiam
1224 2120 1414 2174 incoepto
1437 2116 1683 2160 cessandum
1711 2121 1783 2167 est,

156 2187 376 2231 dummodo
410 2187 454 2231 id
485 2201 652 2246 quoque
685 2188 778 2244 fieri
807 2189 941 2246 possit
975 2188 1065 2231 sine
1108 2188 1232 2245 qravi
1265 2188 1535 2238 incommodo,
1569 2187 1678 2245 quod
1713 2200 1782 2230 ex-

156 2263 274 2311 taret,
308 2261 338 2302 si
368 2272 404 2300 v.
439 2272 500 2315 gr.
537 2259 674 2315 plures
707 2259 851 2302 fideles
885 2262 1151 2316 privarentur
1173 2260 1319 2302 audire
1352 2257 1530 2305 Missam,
1558 2257 1620 2301 vel
1644 2260 1677 2301 si
1703 2260 1782 2301 iam

156 2331 371 2386 incoeptus
404 2334 510 2372 esset
543 2342 673 2373 canon
707 2329 877 2385 Missae,
913 2356 965 2360 —
991 2329 1040 2373 ab
1073 2330 1319 2373 assistentia
1352 2342 1447 2372 iero
1481 2329 1631 2379 activa,
1660 2342 1696 2371 v.
1721 2342 1781 2385 gr.

155 2401 368 2444 deserendi
402 2414 570 2444 cereum
605 2403 643 2444 in
680 2401 1026 2458 processionibus,
1056 2400 1189 2444 locum
1227 2400 1406 2444 habendi
1440 2402 1546 2443 inter
1578 2405 1782 2454 cantores,

155 2485 328 2528 nempe:
363 2486 468 2529 qaae
500 2471 689 2530 aliquam
722 2487 858 2515 secam
890 2471 1005 2530 ferat
1035 2471 1408 2529 participationem
1442 2471 1483 2514 in
1509 2470 1783 2525 celebrandis,

155 2542 214 2600 (v.
249 2556 310 2599 gr.
346 2545 400 2586 uti
438 2543 566 2586 laicus
599 2543 812 2587 deservire
844 2544 1049 2586 sacrificio
1102 2542 1276 2598 Missae),
1312 2555 1390 2585 non
1425 2542 1555 2585 solum
1593 2541 1785 2585 videndis

158 2614 219 2656 vel
255 2613 486 2665 audiendis,
519 2613 676 2657 divinis
708 2614 868 2672 officiis,
891 2627 998 2672 quae
1035 2626 1098 2657 «a
1131 2613 1228 2656 solis
1260 2613 1423 2657 clericis
1455 2614 1543 2656 fieri
1568 2616 1784 2670 queunt»,

153 2684 392 2742 repellatur
433 2698 609 2741 semper,
643 2688 739 2743 quia
783 2685 944 2729 facilius
986 2689 1059 2740 est,
1093 2698 1175 2728 non.
1218 2683 1351 2728 solnm
1393 2685 1435 2740 a)
1470 2683 1678 2735 vitandas,
1711 2685 1780 2740 qui

153 2756 347 2799 exclusus
382 2757 457 2798 fuit
490 2756 540 2799 ab
574 2756 703 2800 altera
747 2770 911 2814 quoque
945 2758 1190 2808 assistentia,
1221 2755 1294 2798 sed
1335 2755 1464 2798 etiam
1506 2754 1678 2812 quilibet
1711 2768 1780 2797 ex-

96 2870 100 2875 ,
153 2829 485 2870 communicatus
517 2840 538 2870 a
573 2829 660 2870 iure
697 2828 758 2870 vet
794 2827 845 2871 ab
889 2827 1055 2870 homine
1091 2826 1131 2883 b)
1163 2832 1258 2884 post
1299 2827 1550 2869 sententiam
1587 2825 1778 2868 deelara-

153 2897 307 2941 toriam
341 2897 403 2940 vel
434 2897 820 2941 condemnatoriam
853 2899 903 2942 ad
948 2911 1037 2941 can.
1072 2897 1184 2940 2258
1218 2897 1459 2954 explicatas,
1492 2896 1532 2953 c)
1568 2901 1641 2939 aut
1674 2895 1779 2949 alio-
