1950 3313
152 152 219 186 116
656 150 742 184 Lffl.
770 149 802 183 I.
831 169 843 174 -
870 150 1042 183 Normae
1071 150 1269 193 yeuerales

152 271 259 328 (can.
297 270 363 325 17,
396 269 423 328 ἓ
456 269 498 326 ⁶2>
523 271 818 326 aequiparatur
841 279 887 310 ac
913 269 1161 324 praefertur,
1186 272 1390 324 quatenus
1413 267 1660 324 legislatoris
1681 282 1773 312 con-

147 354 269 385 sensu
306 343 343 382 vi
378 342 546 383 canonis
581 339 764 395 praedita
799 337 851 381 ob
884 338 1197 381 diuturnitatem
1242 340 1437 395 exprimit
1478 338 1622 382 melius
1667 340 1773 383 facto

147 425 269 469 quam
310 410 447 454 verbis
479 423 643 453 sensum
686 409 788 465 legis
821 422 868 452 ac
901 409 1137 462 secumfert‚
1173 411 1414 466 inquantum
1451 410 1647 466 indigeat,
1680 424 1771 467 pro-

149 482 458 538 mulgationem,
494 480 627 537 leyum
664 478 956 537 quarumlibet,
992 481 1114 522 etiam
1150 479 1201 522 de
1223 479 1497 536 processibus,
1522 480 1770 536 poenalium,

151 551 513 599 inhabilitantium,
559 550 769 608 interpres
786 564 801 593 .·
833 563 932 606 ergo
965 549 1192 593 dummodo
1227 549 1320 593 illae
1352 552 1433 593 sint
1469 549 1669 594 obscurae
1701 564 1771 594 seu

147 622 379 678 ambiguae,
417 624 529 665 iuxta
562 621 671 678 quod
712 620 985 676 «Imperator
1017 621 1197 664 Severus
1231 623 1464 678 rescripsit:
1506 624 1544 664 in
1569 621 1770 678 ambigui-

147 693 298 736 tatibus
332 705 437 749 quae
471 705 518 735 ex
556 691 717 748 legibus
761 692 1081 747 proficiscuntur
1123 692 1482 746 consuetudinem,
1525 697 1592 735 aul
1633 706 1772 736 rerum

146 768 346 820 perpetuo
380 762 571 805 similiter
605 762 879 805 iudicatarum
915 763 1217 812 auctoritatem,
1263 764 1347 804 vim
1373 761 1475 819 legis
1493 762 1679 806 obtinere
1701 764 1773 807 de-

146 833 244 878 bere
268 849 287 875 »
319 834 344 876 ¹.

265 905 334 947 91.
371 905 784 950 (ῐοηειιεὲιιᾱίηιιηι
808 905 1061 949 revocatio
1094 905 1233 946 evenit
1265 903 1316 946 ad
1352 917 1537 947 normam
1573 918 1662 947 can.
1695 905 1768 947 30.

148 974 289 1018 Firmo
328 974 593 1032 praescripto
637 988 727 1017 eun.
769 976 797 1017 5
837 976 948 1017 circa
987 976 1221 1030 «vigentes
1257 976 1293 1016 in
1332 987 1526 1031 praesens
1570 975 1770 1032 (scilicetz

145 1049 259 1089 initio
296 1048 449 1102 vigoris
482 1044 664 1102 Codicis)
699 1050 841 1089 contra
877 1045 1025 1088 borum
1059 1044 1259 1102 (Codicis)
1283 1051 1434 1089 statuta
1458 1059 1661 1090 canonum
1681 1060 1772 1090 con-

144 1117 382 1160 suetudines
414 1119 503 1159 sive
529 1116 785 1159 universales
809 1118 899 1159 sive
924 1115 1255 1172 particulares»,
1292 1116 1501 1174 quaelibet
1520 1116 1772 1160 consuetudo

144 1190 267 1231 etiam
312 1190 412 1231 iuris
453 1192 600 1230 eontra
642 1186 773 1244 leyem
811 1186 1114 1230 «rationabilis
1147 1191 1185 1230 et
1227 1186 1411 1243 legitime
1455 1190 1770 1244 praescripta»,

144 1261 226 1301 imo
264 1260 543 1302 «centenaria
576 1263 615 1301 et
649 1257 1031 1301 immemorabilis»
1060 1257 1167 1315 (cau.
1202 1258 1272 1311 27,
1304 1260 1329 1312 ἓ
1367 1258 1422 1316 1),
1442 1258 1506 1301 vel
1524 1264 1698 1317 praeter
1720 1257 1770 1301 le-

142 1344 234 1387 yem
273 1332 470 1386 «pariter
513 1328 769 1373 rationabilis
801 1335 840 1372 et
874 1329 1057 1385 legitime
1103 1331 1399 1385 praescripta»
1448 1329 1557 1387 (can.
1593 1329 1679 1387 ⁶28),
1713 1329 1769 1387 3¹?

143 1406 298 1444 terutra
327 1414 404 1458 per
436 1400 696 1443 consumam
732 1399 866 1457 quoad
903 1400 1070 1443 modum
1095 1400 1244 1456 agendi
1270 1403 1504 1456 oppositum
1532 1401 1769 1456 praedictae

143 1470 484 1514 consuetudinem
516 1471 660 1514 eadem
696 1470 852 1527 duplici
891 1473 1080 1514 vestitam
1115 1471 1350 1514 conditione
1374 1476 1449 1514 aut
1473 1470 1602 1528 leqem
1625 1471 1772 1514 adver-

142 1556 211 1586 sus
235 1542 348 1596 illud,
372 1542 482 1599 quod
506 1547 698 1585 servatur
724 1541 791 1585 illa
814 1542 1128 1595 consuetudine,
1156 1542 1506 1598 praescribentem
1538 1548 1770 1594 revocatur,

142 1625 248 1671 quae
274 1617 445 1670 utraque
469 1615 670 1669 oppositio
694 1613 884 1656 eamdem
909 1612 1225 1669 amplitudinem
1254 1613 1407 1656 vinculi
1431 1615 1588 1670 antiqui
1612 1618 1651 1657 et
1674 1616 1771 1657 novi

141 1685 429 1740 praerequirit‚
464 1688 586 1740 atque
623 1683 698 1726 boc
733 1685 903 1727 canonis
936 1686 1236 1740 praescriptum
1274 1683 1442 1727 fulcitur
1476 1697 1559 1741 reg.
1597 1684 1767 1728 iurisl:

147 1751 336 1798 «Omnis
370 1767 446 1802 res,
484 1767 555 1809 per
587 1766 874 1811 quascumque
907 1766 1054 1798 causas
1088 1756 1284 1808 nascitur,
1320 1767 1393 1810 per
1426 1755 1591 1798 easdem
1626 1755 1769 1798 dissol-

145 1827 253 1867 vitur
278 1840 314 1878 )),
340 1838 433 1868 cum
459 1824 523 1868 lex
547 1837 595 1868 ac
620 1825 876 1868 consuetudo
906 1840 926 1866 «
949 1828 1031 1868 vim
1051 1841 1070 1866 »
1110 1824 1322 1881 obligandi
1356 1838 1417 1869 «a
1441 1838 1644 1869 consensu
1667 1828 1771 1869 eius-

140 1895 233 1938 dem
273 1895 505 1951 Superioris
547 1894 817 1938 ecclesiastici
862 1897 982 1939 unice
1025 1894 1279 1939 obtineant»
1330 1895 1438 1952 (can.
1486 1895 1574 1952 25).
1615 1895 1768 1940 Intacta

141 1978 277 2021 praec.
310 1978 453 2008 norma
487 1967 597 2008 circa
630 1966 944 2009 consuetudinis
978 1967 1287 2009 revocationem
1323 1979 1396 2023 per
1433 1965 1767 2024 subsequentem,

140 2035 328 2079 limitatio
370 2035 561 2079 subditur
599 2050 648 2079 ex
694 2037 961 2080 adversativa
1008 2036 1238 2093 particula:
1283 2035 1369 2090 sed,
1409 2036 1494 2079 nisi
1525 2050 1766 2095 expressam

144 2105 281 2149 verbis
313 2106 362 2149 ad
399 2108 532 2149 minus
572 2106 783 2163 implicite,
809 2110 861 2151 ita
898 2113 940 2151 ut
965 2106 1131 2165 liqueat,
1156 2106 1206 2150 de
1228 2106 1378 2150 iisdem
1401 2107 1769 2151 consuetudinibus

140 2176 360 2220 declaratis
393 2189 516 2232 supra
553 2181 594 2220 ut
628 2177 880 2234 abrogandis
912 2177 1161 2221 mentionem
1194 2176 1342 2236 feeerit
1383 2177 1607 2234 legislator,
1637 2178 1679 2235 a)
1701 2177 1769 2221 lea)

147 2262 167 2288 «
191 2247 335 2290 iisdem
360 2263 379 2288 »
419 2250 518 2290 iuris
551 2248 920 2292 consuetudinibus
953 2251 1155 2305 posterior
1188 2261 1481 2306 quaecumque
1502 2262 1583 2292 non
1606 2255 1772 2292 revocat

141 2317 217 2360 hac
252 2319 351 2360 iuris
390 2317 670 2361 declaratione
712 2322 880 2376 antiquo
915 2321 993 2362 iuri
1026 2320 1237 2363 conforme
1281 2318 1601 2362 eonsuetudines
1633 2324 1766 2362 eente-

139 2388 290 2431 narius
323 2393 396 2430 au!
430 2388 776 2432 immemorabiles
811 2392 891 2432 iam
924 2389 1157 2433 declaratas
1188 2390 1239 2433 ad
1274 2402 1364 2433 can.
1401 2380 1581 2444 2151,
1605 2394 1644 2433 et
1662 2402 1767 2447 quae

140 2458 216 2502 bac
249 2459 300 2502 de
333 2471 456 2502 causa
490 2458 610 2502 simul
646 2473 741 2502 cum
775 2460 958 2504 efficacia
992 2460 1149 2504 eisdem
1174 2459 1369 2504 attributa
1394 2462 1433 2503 in
1458 2473 1547 2504 can.
1574 2459 1660 2503 cit0.
1686 2473 1766 2503 me-

141 2531 218 2572 rito
251 2530 446 2573 dicuntur
479 2541 500 2572 a
539 2532 762 2573 canonistis
795 2531 1083 2587 privilegiatae
1119 2534 1309 2584 respectu
1343 2531 1394 2574 ad
1417 2535 1579 2575 ceteras
1601 2544 1769 2574 consue-

141 2600 316 2655 tudines,
353 2599 394 2656 b)
430 2612 503 2641 nee
535 2599 604 2641 lece
634 2600 848 2657 {senei-alis
881 2614 1058 2657 nempe:
1092 2613 1113 2644 a
1148 2596 1253 2645 Sede
1287 2601 1524 2657 Apostolica
1547 2603 1635 2644 sine
1659 2601 1765 2644 limi-

140 2672 294 2713 tatione
336 2670 386 2713 ad
432 2672 686 2712 territorium
732 2670 824 2715 lata.
853 2671 998 2727 supple
1037 2687 1057 2712 <t
1082 2685 1161 2714 non
1197 2676 1408 2714 revocat»
1449 2670 1767 2714 eonsuetudines

139 2740 426 2797 particulares
461 2739 682 2784 videlicet:
718 2754 824 2798 quae
858 2741 923 2784 hic
961 2741 1022 2784 vel
1060 2741 1112 2785 ibi
1147 2746 1380 2796 serventur,
1416 2743 1539 2785 etiam
1565 2755 1637 2798 per
1659 2755 1765 2785 com-

261 2894 273 2915 ι
301 2893 345 2927 D.
373 2893 458 2927 Lib.
488 2893 518 2935 1,
549 2894 614 2926 nt.
643 2892 716 2935 111,
746 2894 768 2926 1.
797 2892 853 2926 38.
