1950 3313
751 162 785 185 ix
818 163 892 187 iim*
920 154 1252 188 COMMEN'I'ARIUM
1770 155 1814 189 27

187 270 414 327 theologia:
441 286 460 311 <t
479 271 699 313 Sermones
721 272 895 314 morales¹
917 272 1173 315 unixcrsales
1200 275 1334 315 minus
1358 278 1451 316 sunt
1478 274 1611 327 utiles,
1635 288 1682 317 eo
1706 275 1813 330 quod

185 343 369 385 actiones
403 343 440 383 in
477 340 799 396 particularibus
832 346 923 384 sunt
951 358 990 395 »,
1024 343 1097 384 et¹
1138 344 1173 384 in
1210 356 1385 398 genere:
1426 340 1612 387 «Omnis
1645 346 1815 387 scientia

182 414 398 468 oper-auva
432 415 543 454 tanto
578 412 800 466 perfectior
833 418 905 460 est,
939 418 1092 469 (planto
1129 415 1260 469 magis
1286 414 1547 469 particularia
1582 414 1814 457 considerat

184 485 223 526 in
256 482 409 540 quibus
441 485 501 525 est
518 486 634 524 actus
659 499 704 526 »2
733 486 866 525 tamen
894 483 1003 525 iltius
1026 483 1233 526 obiectum
1259 489 1352 526 sunt
1370 498 1421 526 ss.
1447 498 1638 527 canones.
1663 484 1814 542 quibus

182 555 379 598 convenit
412 552 520 610 quod
558 552 822 608 luri-*peritus¹
855 554 976 597 dicit:
1004 553 1017 575 ²
1057 557 1189 597 «iura
1234 557 1425 597 &institui
1471 561 1630 611 oportet
1674 558 1709 597 iu
1754 555 1814 597 liis

185 637 291 681 quae
324 625 491 679 saepius
524 624 739 668 accidunt:
766 625 780 644 ²²*
815 638 863 667 ex
892 625 952 666 bis
976 632 1112 668 autem
1139 638 1244 682 quae
1270 628 1372 668 forte
1400 639 1478 668 uuo
1501 639 1597 668 casu
1623 626 1813 669 accidere

188 698 371 751 possunt,
406 696 494 737 iura
530 707 608 736 non
644 697 1011 738 constituuntur».
1047 695 1121 751 (ib.
1156 696 1205 739 ad
1242 696 1310 749 2⁰¹)
1348 712 1367 736 ((
1392 698 1430 739 §i
1461 698 1569 739 enim
1596 701 1729 739 essent
1756 701 1809 739 tot

187 763 356 821 regulae
394 763 456 807 vel
492 777 727 819 mensurae,
761 770 859 822 quot
893 771 984 808 sunt
1022 771 1256 809 mensurata
1306 766 1366 809 rel
1405 766 1602 821 regulata,
1636 771 1812 809 cessaret

183 838 326 893 utique
361 835 515 879 utilitas
550 835 718 892 regulae
770 836 831 879 vet
884 849 1114 887 mensurae,
1164 849 1269 893 quae
1318 841 1376 879 est
1413 841 1452 879 ut
1487 850 1534 879 ex
1574 850 1652 879 uno
1688 836 1811 879 multa

185 908 340 963 possint
373 909 591 963 cognosc&
627 911 665 950 et
701 908 752 950 lta
790 906 897 949 nulla
932 911 1038 950 esset
1074 906 1226 949 utilitas
1271 906 1383 963 legis,
1417 908 1447 948 si
1484 920 1561 949 non
1596 921 1638 949 se
1677 912 1813 949 exten-

182 978 315 1027 deret,
351 979 425 1021 nisi
460 977 509 1021 ad
548 990 674 1032 unum
709 977 962 1034 singularem
998 982 1150 1021 actum.
1185 977 1246 1020 Ad
1281 977 1512 1033 singulares
1557 980 1663 1020 euim
1700 983 1815 1019 actus

181 1048 424 1105 dirigendos
473 1048 625 1092 dantur
669 1048 895 1104 singularia
947 1053 1164 1104 praecepta
1214 1048 1488 1104 priulentum:
1539 1048 1609 1091 sed
1657 1048 1718 1090 lex
1755 1053 1812 1090 cst

183 1125 453 1176 praeceptum
486 1132 772 1163 commune».
805 1118 921 1171 Circa
957 1119 1201 1162 obiectionis
1245 1124 1400 1175 partem
1446 1132 1550 1175 quae
1591 1121 1627 1160 in
1663 1133 1713 1161 ss.
1749 1133 1812 1160 ra-

184 1203 336 1233 nonum
375 1190 639 1233 multitudine
674 1192 829 1238 nititur,
864 1190 1013 1233 solutio
1059 1194 1167 1246 patet
1210 1203 1257 1232 ex
1304 1189 1436 1243 dictis,
1483 1203 1559 1231 non
1605 1192 1711 1231 enim
1753 1204 1814 1231 ca-

183 1274 311 1305 nones
344 1275 488 1304 omnes
522 1275 543 1304 a
576 1261 751 1318 singulis
783 1266 876 1304 sunt
911 1261 1167 1304 addiscendi.

308 1331 372 1376 Π.
408 1333 616 1377 Munera
643 1334 691 1376 in
730 1345 983 1377 sacrorum
1018 1345 1257 1377 canonum
1282 1332 1444 1376 studio
1468 1332 1815 1387 prosequenda

180 1403 437 1460 deprehendi
475 1407 643 1459 possunt
676 1403 1002 1446 consideramlo:
1040 1404 1244 1458 imprimis
1280 1401 1390 1457 leges
1428 1401 1731 1445 ecclesiasticas
1765 1401 1815 1444 ob

182 1486 326 1518 earum
365 1473 682 1518 mutabilitatem
736 1474 1040 1516 xicissitudincs
1087 1471 1277 1526 subiisse,
1319 1485 1395 1515 nec
1438 1472 1575 1515 Codex
1619 1474 1717 1514 iuris
1750 1484 1814 1515 ca·

182 1547 317 1588 nonici
355 1544 444 1587 illas
476 1557 620 1587 omnes
639 1544 936 1601 praecedentes
955 1543 1187 1600 abrogarit,
1213 1548 1254 1586 ut
1277 1542 1444 1599 patebit.
1473 1542 1646 1585 Proinde
1675 1545 1816 1598 rigens

181 1615 401 1672 disciplina
435 1619 495 1658 est
528 1615 713 1658 eruenda
748 1628 826 1657 non
860 1615 993 1658 sotum
1029 1628 1078 1657 ex
1113 1628 1164 1657 ss.
1200 1627 1403 1657 canonum
1445 1613 1622 1670 simplici
1666 1613 1815 1666 studio,

179 1686 250 1730 sed
287 1688 411 1730 etiam
446 1700 496 1728 ex
535 1686 872 1742 praecedentium
911 1685 1045 1741 legum
1081 1687 1390 1741 comparatione
1429 1697 1525 1727 cum
1565 1686 1717 1740 rigenti
1743 1684 1816 1727 Co-

180 1757 288 1805 dice,
309 1762 351 1800 ut
383 1759 441 1800 sic
476 1760 624 1812 pateat.
645 1756 741 1813 quid
778 1770 827 1799 ex
865 1756 943 1798 illis
979 1757 1181 1809 posterius
1203 1757 1253 1798 sit
1277 1760 1344 1798 aut
1372 1759 1612 1797 rexocatum
1638 1759 1705 1797 aut
1730 1768 1816 1796 mu-

184 1832 328 1873 tatum.
363 1833 433 1871 aut
466 1830 589 1871 etiam
625 1827 723 1884 quid
762 1828 883 1870 tuerit
932 1831 1146 1869 serratum
1184 1825 1246 1869 vet
1283 1825 1361 1868 illis
1404 1825 1732 1881 superadditum.
1770 1824 1814 1867 Et

180 1912 280 1942 ecce
300 1913 448 1941 νηυηηε
467 1911 607 1941 sacros
625 1911 804 1941 canones
827 1900 1013 1953 rigentes
1031 1895 1316 1953 ‹liqnoseemli.
1338 1922 1389 1926 —
1409 1896 1599 1939 Secundo
1624 1898 1816 1953 quamvis

184 1972 296 2013 iuxta
335 1969 534 2013 isidorum
572 1971 610 2011 in
646 1967 830 2012 Gratiani
874 1968 1046 2011 Decreto
1072 1968 1085 1989 ⁴
1126 1967 1254 2010 «Erit
1290 1972 1426 2010 autem
1455 1966 1563 2010 lex...
1601 1967 1811 2008 manifesta

181 2053 362 2098 quoque,
397 2053 447 2083 ne
481 2039 636 2097 aliquid
675 2052 747 2095 per
779 2038 1075 2082 obscuritatem
1103 2040 1140 2080 in
1175 2039 1408 2094 captionem
1449 2039 1655 2080 contineat
1681 2053 1720 2081 »,
1756 2040 1812 2078 at-

182 2115 319 2154 tamen
356 2115 667 2167 nonnumquam
705 2111 741 2152 in
777 2108 928 2161 (lodice
964 2110 1063 2152 iuris
1096 2109 1283 2151 canonici
1331 2112 1496 2164 propter
1529 2106 1630 2149 alios
1663 2120 1714 2148 ss.
1750 2120 1814 2149 ca-

181 2195 322 2231 nones,
361 2182 422 2225 vet
460 2186 627 2238 propter
662 2180 866 2223 humanae
902 2179 1153 2236 loquutionis
1187 2179 1484 2231 infirmitatem,
1516 2177 1655 2220 addita
1690 2179 1811 2219 etiam

182 2252 392 2297 Ecclesiae
436 2252 729 2306 catllolicitate,
776 2251 913 2308 legum
958 2249 1335 2294 ecclesiasticarum
1381 2262 1526 2292 sensus
1568 2248 1718 2291 dubius
1761 2249 1817 2289 ot'-

182 2324 324 2368 fertur.
358 2329 398 2367 et
432 2324 527 2367 binc
560 2336 662 2380 opus
696 2327 754 2366 est
789 2323 1143 2378 interpretatione.

302 2394 414 2438 Haec
449 2398 585 2437 tamen
620 2397 780 2450 oportet
801 2406 878 2435 non
899 2394 949 2434 sit
968 2390 1200 2444 arbitraria,
1220 2390 1289 2433 sed
1318 2389 1472 2446 prolata
1499 2391 1609 2432 iuxta
1636 2394 1811 2431 mentem

183 2470 224 2507 S.
258 2465 388 2520 Sedis,
423 2478 530 2523 quae
565 2478 679 2508 meus
711 2464 813 2508 alias
847 2466 884 2506 iu
921 2465 1009 2506 iure
1043 2464 1243 2506 canonico
1275 2463 1351 2504 erit
1387 2459 1649 2504 invenienda.
1678 2458 1739 2501 ret
1765 2471 1810 2499 ex

183 2538 271 2593 ipso
306 2538 381 2579 rite
414 2536 614 2586 eruenda,
654 2535 715 2578 vel
750 2548 772 2578 a
806 2537 906 2578 iuris
940 2534 1044 2577 cani.
1091 2534 1232 2589 peritis
1275 2531 1490 2575 tradenda.
1536 2529 1581 2572 131
1621 2542 1667 2571 en
1703 2528 1811 2570 aliud

182 2620 333 2650 munus
365 2619 419 2649 ss.
454 2620 634 2649 canones
668 2603 996 2663 interpretandi.
1035 2629 1088 2634 --
1124 2602 1228 2646 Huic
1262 2604 1523 2646 connectitur
1546 2605 1582 2643 et
1607 2599 1813 2642 subservit

182 2680 303 2721 tertio
340 2690 488 2719 munus
523 2675 1018 2733 {radendisemdamenla
1042 2672 1301 2730 singularum
1327 2672 1479 2728 legum.
1507 2671 1631 2713 idest:
1661 2671 1812 2710 motixa

279 2854 288 2874 ¹
317 2852 335 2885 Ι
363 2851 406 2885 Ρ.
436 2863 471 2896 q.
501 2851 623 2885 XXII
649 2863 681 2885 a.
708 2850 729 2885 3
755 2850 801 2885 ad
833 2853 891 2884 1¹¹¹.
922 2870 965 2874 ——
992 2850 1005 2871 '2
1034 2850 1062 2883 1.
1083 2850 1115 2881 2.
1143 2859 1179 2892 q.
1208 2847 1333 2881 XCVI
1359 2858 1392 2879 a.
1425 2848 1454 2879 l.
1489 2844 1560 2878 Sed
1590 2850 1739 2893 centra.
1770 2861 1812 2866 —

179 2899 193 2922 3
224 2899 464 2942 Pomp-onius
489 2905 530 2932 et
557 2898 710 2933 Celsus.
734 2897 818 2932 11.4
844 2903 882 2931 ot
910 2898 930 2931 5
958 2897 1003 2930 D.
1036 2895 1119 2929 Lib.
1149 2895 1166 2928 1
1187 2895 1251 2928 tit.
1280 2893 1349 2927 ΙΙΙ.
1380 2913 1418 2918 -
1446 2893 1454 2913 ⁴
1484 2892 1523 2926 C.
1544 2892 1579 2925 ΙΙ
1609 2891 1707 2924 Uist.
1744 2889 1808 2922 lv.
