1950 3313
1523 168 1616 211 ca'n.
1643 176 1735 211 2257
1850 0 1895 195 ἶ

111 297 193 339 sola
231 296 365 339 vestior
396 297 787 349 excommunicatio,
823 294 921 338 illud
957 295 1212 348 adiectivum
1250 296 1361 340 velut
1395 295 1538 339 inutile
1562 298 1638 339 rite
1662 297 1738 339 fuit

111 381 175 409 om
185 369 306 409 issum
316 399 322 406 .

229 437 294 479 83.
333 439 585 483 Canonum
618 439 741 483 ordo
777 439 1020 494 perspicuus
1057 444 1131 483 est.
1173 437 1523 482 Praecedentibus
1570 451 1738 481 excom-

112 510 401 550 municationis
434 510 600 550 notione
633 520 680 550 ac
713 508 919 551 divisione
951 509 1028 552 sub
1066 522 1156 554 can.
1192 510 1320 564 2257,
1355 509 1482 557 2258,
1506 513 1740 566 sequuntur

107 590 285 621 canones
317 577 368 620 de
403 576 510 619 illius
543 577 772 621 effectibus.
809 580 857 622 Hi
893 579 1065 635 triplicis
1102 585 1196 623 sunt
1239 580 1396 634 classis,
1439 579 1575 636 quoad
1619 590 1736 621 sacra

111 661 270 703 nempe,
304 648 438 704 quoad
475 647 680 704 legitimos
713 653 829 692 actus
862 654 902 692 et
936 651 1039 704 iura,
1074 655 1113 694 et
1146 650 1282 708 quoad
1318 651 1533 706 profanam
1568 662 1739 693 conver-

108 720 322 761 sationem.
358 717 471 762 Haec
504 723 713 775 postremo
748 722 893 762 canoni
943 721 1196 764 moderanda
1232 721 1492 778 relinquitur.
1527 719 1568 763 In
1607 721 1738 763 sacris

112 802 209 831 vero
243 789 555 845 distinguuntur
588 789 731 832 divina
763 790 911 845 officia,
945 797 1203 835 sacramenta
1244 792 1379 848 quoad
1429 804 1573 834 eorum
1625 804 1737 834 rece-

110 861 303 914 ptionem.
338 859 636 902 confectionem
679 863 717 902 et
765 860 1182 916 administrationem,
1217 861 1382 918 aliaque
1414 873 1530 904 sacra
1578 863 1740 917 partici-

109 929 240 985 panda
276 942 296 972 a
331 929 537 972 fidelibus.
565 929 621 972 De
644 928 707 972 his
730 936 829 986 ergo
854 943 927 986 per
950 931 1137 974 ordinem
1163 935 1342 975 tractant
1364 943 1453 974 can.
1474 931 1735 975 2259-2662.

106 1000 234 1043 Actus
267 999 440 1056 legitimi
479 1000 540 1043 vel
579 1005 779 1043 vocantur
812 1000 1096 1055 ecclesiastici,
1122 1007 1311 1058 utsupra
1336 1001 1434 1061 dicti
1461 1002 1640 1055 suerunt,
1671 1001 1733 1045 vel

104 1075 199 1113 sunt
232 1070 540 1113 iurisdictionis.
566 1069 615 1113 Hi
642 1071 827 1126 proinde,
860 1073 892 1114 si
926 1071 1130 1128 adiungas
1162 1071 1240 1115 alia
1276 1074 1379 1126 iura,
1415 1076 1558 1128 petunt
1589 1071 1734 1115 saltem

104 1141 303 1185 claritatis
336 1154 460 1185 causa
496 1146 577 1184 tres
594 1153 774 1185 canones
794 1141 1056 1198 2263-2265,
1075 1145 1192 1198 queis
1213 1142 1482 1200 subsequitur
1510 1156 1600 1187 can.
1622 1142 1733 1186 2266

105 1212 156 1255 de
190 1211 280 1255 aliis
314 1211 484 1265 iuribus,
518 1217 814 1268 quae,tautum
851 1218 940 1269 post
972 1215 1219 1256 sententiam
1244 1213 1643 1256 comdemnatoriam
1672 1213 1734 1256 vel

105 1282 422 1325 declaratoriam
447 1285 892 1326 excommunicationis
910 1285 1051 1340 ipsius,
1074 1283 1136 1327 vel
1158 1283 1385 1327 inefficacia
1406 1283 1649 1334 redduntur,
1670 1283 1734 1326 vel

113 179 180 212 128
574 175 659 209 Lm.
688 150 734 209 V.
763 195 775 200 -
802 175 913 209 PARS
937 174 990 209 11.
1018 195 1033 201 -
1057 175 1114 210 De
1132 179 1272 220 poenis

44 1396 46 1398 ,
105 1355 227 1396 etiam
262 1353 521 1396 auferuntur.

223 1424 290 1466 84.
327 1426 860 1471 Excommunicationis
883 1427 1107 1472 definitio
1132 1427 1169 1468 in
1198 1439 1270 1468 usu
1295 1430 1377 1470 est:
1408 1442 1430 1467 α
1454 1438 1583 1482 poena
1609 1425 1735 1469 medi-

103 1494 248 1538 cinalis
281 1507 361 1552 qua
397 1494 624 1551 baptizatus
651 1495 898 1552 delinquens
921 1501 960 1539 et
982 1502 1206 1539 contumax
1232 1496 1415 1539 fidelium
1441 1498 1735 1540 communione

105 1568 293 1621 privatur
315 1581 352 1608 )).
388 1565 466 1621 Ipsi
501 1566 764 1623 aequipollet,
797 1579 922 1623 quam
956 1563 1219 1610 concorditer
1265 1568 1356 1611 aliis
1403 1566 1566 1611 Codicis
1617 1580 1732 1623 prae-

103 1638 267 1692 scriptis
299 1638 357 1679 sic
392 1636 516 1679 tradit
549 1651 640 1681 ean.
672 1638 814 1680 2257.
840 1663 892 1667 —
926 1637 954 1695 ξ
987 1640 1021 1680 1.
1041 1636 1433 1681 Eoeeommmziealio
1456 1643 1517 1681 est
1541 1651 1733 1691 censura,

104 1707 207 1750 idest
244 1723 262 1747 «
290 1720 419 1762 poena
454 1708 713 1751 medicinalis
737 1724 756 1749 >)
787 1710 891 1759 (can.
919 1709 1047 1761 2216,
1068 1709 1129 1766 10)
1154 1723 1235 1767 qua
1260 1709 1352 1767 quis
1377 1723 1538 1765 nempe:
1571 1709 1732 1753 «homo

104 1776 330 1833 baptizatus
362 1777 609 1835 delinquens
641 1783 680 1821 et
713 1784 982 1822 contumax»
1022 1779 1132 1835 (can.
1168 1779 1295 1835 2241,
1338 1780 1366 1837 ἓ
1403 1779 1443 1836 1)
1491 1779 1735 1822 eweluclitur

102 1862 127 1889 α
161 1848 448 1891 communione
480 1847 666 1905 fidelium
703 1849 919 1894 videlicet:
956 1849 1198 1906 prohibetur
1245 1850 1296 1894 ab
1334 1850 1527 1894 omnibus
1574 1850 1733 1896 iuribus

101 1919 361 1971 exercendis,
395 1932 500 1976 quae
537 1919 783 1975 baptismate
809 1920 872 1963 vel
896 1925 985 1976 post
1005 1921 1102 1964 illud
1123 1923 1346 1978 acquisivit
1364 1926 1403 1964 et
1420 1926 1732 1979 consequuntur

100 1989 406 2032 ecclesiasticae
439 1992 746 2033 communionis
782 1991 1009 2038 vinculum,
1051 2007 1069 2032 ((
1093 1991 1129 2034 id
1153 1996 1226 2046 est,
1249 1997 1368 2048 prout
1391 1994 1446 2035 ait
1471 1991 1607 2035 lnnoc.
1627 1992 1677 2034 lll
1703 1991 1730 2047 ¹,

101 2073 173 2116 per
205 2063 649 2104 excommunicationis
681 2064 927 2105 senteutiam
972 2062 1084 2105 velut
1133 2068 1319 2106 mortuus
1367 2076 1388 2106 a
1437 2066 1731 2107 communione

101 2130 285 2173 fidelium
319 2136 536 2187 separatur
555 2149 594 2187 a,
630 2131 780 2187 ligatus
813 2132 982 2190 quidem
1010 2135 1047 2175 in
1073 2133 1205 2186 coelo,
1229 2135 1330 2176 etin
1356 2136 1608 2177 conscientia
1632 2133 1730 2177 obli-

100 2205 231 2256 gatus,
265 2215 355 2244 eum
388 2201 599 2259 effectibus
634 2203 820 2245 iuridicis
853 2203 988 2260 quoad
1026 2216 1260 2246 mensuram
1289 2206 1546 2259 privationis,
1581 2204 1652 2261 qui
1685 2204 1729 2247 in

99 2271 339 2320 canonibus,
375 2272 446 2329 qui
478 2278 712 2330 sequuntur
745 2275 782 2316 in
807 2273 883 2316 hoc
909 2273 1183 2330 paragrapho,
1207 2280 1523 2329 enumerantur,
1542 2275 1613 2318 sed
1634 2288 1728 2318 cum

98 2344 339 2385 extensione
372 2343 564 2386 distincta
601 2357 672 2399 pro
707 2338 857 2400 triplici
892 2347 1348 2388 excommunicatorum
1384 2346 1532 2401 gradu,
1577 2346 1729 2403 quique
1789 2379 1791 2382 .

100 2415 137 2455 in
173 2427 422 2471 unoquoque
456 2414 587 2469 gradu
621 2414 819 2470 separari
843 2417 947 2457 inter
969 2428 1012 2457 se
1037 2417 1124 2457 iure
1151 2415 1213 2457 vel
1238 2414 1290 2459 ab
1314 2416 1480 2459 homme
1504 2422 1727 2474 nequeunt,

95 2498 215 2528 secus
247 2497 295 2527 ac
329 2487 365 2526 in
401 2484 492 2527 aliis
525 2487 712 2528 censuris
746 2487 917 2528 evenire
952 2490 1096 2541 potest.
1123 2511 1175 2516 —
1210 2485 1320 2529 Inter
1342 2491 1727 2532 excommunicatos

96 2557 271 2598 inveniri
307 2560 464 2612 queunt
497 2557 565 2612 qui
602 2555 702 2598 tales
738 2555 872 2599 effecti
906 2560 1001 2598 sunt
1034 2558 1120 2612 ipso
1155 2558 1255 2608 iure,
1282 2556 1350 2599 alii
1375 2561 1725 2602 excommunicati

96 2624 330 2667 huiusmodi
365 2624 436 2667 sed
473 2629 561 2680 post
594 2624 916 2668 declarationem
951 2637 1152 2668 censurae
1187 2639 1259 2679 per
1290 2629 1550 2679 sententiam,
1575 2627 1726 2684 quibus

93 2700 186 2738 sunt
222 2696 258 2737 in
295 2697 383 2737 iure
416 2695 611 2751 aequales
644 2697 995 2738 excommunicati
1030 2695 1081 2738 ab
1115 2695 1281 2738 liomine
1323 2710 1395 2740 seu
1447 2711 1518 2753 per
1561 2702 1727 2741 senten-

95 2768 191 2808 tiam
226 2766 625 2820 condemnatoriam,
659 2778 706 2808 ac
740 2766 910 2808 demum
943 2769 1292 2809 excommunicati
1331 2769 1499 2811 vitandi.
1551 2768 1727 2812 Excom-

214 2920 223 2940 ¹
253 2918 344 2962 Cap.
376 2918 417 2952 13
446 2931 464 2951 «
484 2918 560 2960 Qui
588 2918 661 2952 filii
687 2919 770 2954 sint
795 2920 966 2964 legitimi
992 2932 1011 2954 »
1041 2920 1121 2964 (IV,
1150 2921 1208 2964 22)
1237 2920 1286 2955 X.
