1950 3313
133 139 230 175 Can.
258 139 352 174 2:363
513 138 597 171 Tm.
626 137 732 171 XVI.
763 158 773 163 —
803 139 857 172 De
875 140 1025 174 delictis
1045 143 1085 174 in
1104 142 1255 175 ndmz'n.
1277 142 1384 174 Smer.
1690 143 1760 176 ‘275

133 264 359 314 servatam,
396 259 477 300 imo
510 256 559 300 ad
595 256 780 299 eiusdem
816 256 1115 301 absolutionem
1162 260 1270 315 quod
1306 261 1463 302 attinet.
1498 274 1575 302 non
1610 259 1681 303 alis
1717 274 1758 303 re

133 333 330 373 cavetur:
367 342 391 370 a
423 341 505 385 qua
539 326 683 383 nequi!
719 326 803 369 ullo
838 327 878 370 in
914 342 1011 370 casu
1047 327 1216 379 absolvi,
1250 332 1371 372 ctiam
1407 330 1456 373 ab
1491 332 1628 386 coqui
1656 330 1758 373 lianc

134 399 312 444 obtinuit
346 397 582 442 facultatem
622 396 683 439 vel
720 396 989 441 absolutionis
1022 402 1370 449 commissionem,
1406 400 1502 449 mlvi,
1537 403 1668 457 prouti
1694 414 1759 443 na-

136 469 268 514 turale
301 471 363 513 ius
396 470 539 525 exigit,
571 467 622 511 ab
656 467 840 511 Ecclesia
875 469 1193 512 determinatum
1229 473 1309 513 sic:
1345 471 1386 527 a)
1418 470 1572 528 fulsum
1607 470 1759 513 (lenun-

134 541 359 584 einnonem
378 538 636 597 formaliter,
656 540 856 582 conlitcns
876 539 1017 582 falsam
1039 554 1141 594 esse,
1156 541 1515 592 lenaeum-erit,tn
1533 547 1571 583 el
1589 541 1756 593 flauenti,

132 613 170 655 si
191 626 272 670 qua
292 611 389 654 inde
411 615 552 653 secula
571 610 656 652 sine
683 615 849 666 propter
884 611 1059 653 inflictas
1095 624 1257 667 poenas,
1283 616 1319 654 et
1345 613 1477 655 forsan
1505 613 1555 655 ol)
1579 614 1756 655 diminu-

134 686 285 726 tionem
337 682 470 724 l'amae
517 682 772 734 confessarii,
803 694 880 738 pro
927 680 1096 735 viribus,
1129 696 1198 724 seu
1234 687 1432 739 quantuni
1472 682 1662 739 possibile
1693 686 1755 737 sit,

132 752 414 810 Υνίψαι-(ιυθνίῖ,
460 757 499 794 ut
551 755 588 794 in
638 754 890 795 conscientia
924 751 1142 808 obligatur,
1178 752 1217 808 c)
1253 753 1447 809 imposita
1484 753 1653 810 insuper
1688 768 1759 809 pei·

132 823 416 868 absolventem
438 823 562 880 (ultra
590 822 821 880 praedicta)
847 823 1033 866 facienda
1055 824 1177 880 yram?
1204 826 1240 866 in
1266 838 1306 865 se
1327 838 1374 865 ae
1396 823 1598 865 (liutmun
1623 824 1754 880 quoad

130 895 393 937 durationem
433 893 493 936 vel
531 895 788 936 iterationem
825 893 1111 950 poenitentia,-
1145 899 1365 950 monetque
1389 907 1517 936 canon
1555 897 1664 936 iuxta
1700 897 1755 936 in-

132 966 473 1022 terpretationem
507 964 671 1008 datam:
706 963 825 1020 firmo
857 964 1121 1022 praescripto
1156 978 1246 1006 ean.
1280 968 1386 1007 894.
1419 991 1469 994 -
1504 964 1681 1020 Nempe:
1719 967 1755 1007 in

130 1035 296 1080 casibus
329 1035 661 1078 denunciationis
684 1035 792 1091 apud
821 1034 978 1077 iudices
1005 1035 1308 1078 ecclesiasticos
1335 1038 1414 1077 vnn
1442 1034 1641 1080 liabentis,
1669 1049 1758 1090 pec-

131 1111 269 1150 catum
306 1112 366 1149 est
399 1119 565 1162 semper
597 1107 772 1149 Sanctae
804 1105 897 1148 Sedi
935 1110 1207 1159 reservatum,
1247 1107 1440 1162 quamvis
1472 1105 1523 1149 ab
1557 1105 1630 1148 liae
1665 1120 1756 1147 cen-

129 1191 226 1221 sura
276 1178 440 1220 forsitan
490 1176 800 1234 delinquentem
842 1192 860 1216 c<
886 1181 1055 1219 excuset
1100 1178 1329 1232 ignorantia
1381 1176 1481 1232 legis
1523 1181 1590 1218 aut
1633 1175 1758 1217 solius

134 1261 305 1305 poenae,
339 1250 370 1291 si
406 1261 485 1290 non
522 1249 646 1291 fuerit
679 1260 814 1291 crassa
856 1247 918 1290 vel
953 1249 1100 1303 supina
1123 1263 1144 1287 »
1183 1246 1290 1303 (can.
1328 1247 1453 1298 2229,
1482 1248 1506 1300 g
1540 1246 1578 1301 3,
1608 1245 1679 1302 10),
1705 1249 1756 1289 ita

137 1324 177 1362 ut
212 1332 290 1362 nou
329 1321 465 1375 vigeat
501 1332 572 1375 pro
606 1318 751 1362 eodem
786 1331 883 1362 casu
919 1330 1060 1360 norma
1096 1330 1184 1361 ean.
1222 1317 1348 1370 2246,
1372 1318 1398 1374 3²
1423 1317 1469 1360 3:
1510 1332 1529 1357 <‹
1557 1330 1698 1360 verum
1724 1319 1754 1359 si

129 1391 226 1447 quis
256 1402 278 1432 a
312 1402 486 1433 censura
531 1394 755 1433 excusatur
791 1388 852 1432 vel
887 1389 938 1432 ab
982 1388 1125 1431 eadem
1163 1389 1236 1431 fuit
1270 1387 1497 1442 absolutus,
1532 1389 1756 1430 reservatio

137 1462 293 1517 peccati
330 1462 492 1517 penitus
524 1464 718 1504 cessat».

761 1649 994 1686 TITULUS
1026 1649 1132 1686 XVI.

330 1742 393 1785 De
428 1743 617 1786 delictis
651 1743 697 1785 in
730 1742 1140 1785 administratione
1172 1743 1244 1784 vel
1278 1742 1567 1796 susceptione

441 1813 665 1857 ordinum
700 1814 998 1868 aliorumque
1030 1812 1454 1856 Sacramentoruin.

989 1952 1137 1998 peccatis
1164 1952 1346 1987 reservatis
1371 1951 1558 1987 absolvere.
1579 1951 1651 1996 ipso
1672 1951 1758 1985 facto

184 1953 270 1990 Cim.
288 1952 392 1989 2364.
410 1975 426 1979 -
443 1953 602 1989 Minister
616 1953 673 1999 qui
689 1964 794 1988 ausus
811 1952 914 1988 fuerit

988 2011 1178 2046 suspensus
1212 2004 1263 2035 est
1295 1999 1338 2034 ab
1368 1999 1552 2034 audiendis
1578 1998 1760 2033 confessio-

135 2000 365 2038 Sacramenta
386 2001 633 2036 administrare
660 2000 728 2035 illis
754 2000 812 2046 qui
841 2000 914 2035 iure

134 2050 209 2085 sive
234 2049 354 2084 divino
380 2048 452 2084 sive
478 2047 710 2084 ecclesiastico
727 2048 846 2083 eadem
866 2058 914 2083 re-

134 2097 251 2143 cipere
277 2096 519 2143 prohibentur,
540 2095 775 2141 suspendatur
792 2094 835 2130 ab
853 2095 912 2130 ad-

137 2143 382 2179 ministrandis
408 2142 645 2178 Sacramentis
684 2153 744 2188 per
776 2147 914 2188 tempus

137 2191 298 2238 prudenti
316 2189 498 2227 Ordinarii
514 2190 658 2225 arbitrio
672 2189 912 2225 definiendum

134 2238 282 2284 aliisque
309 2238 430 2284 poenis
450 2249 510 2284 pro
528 2237 697 2281 gravitate
715 2237 836 2282 culpae
857 2248 914 2283 pu-

136 2286 266 2328 niatur,
296 2285 407 2320 firmis
446 2284 679 2331 peculiaribus
718 2284 838 2331 poenis
878 2284 910 2318 in

136 2333 255 2378 aliqua
280 2332 385 2368 huius
422 2332 560 2377 generis
593 2331 719 2367 delicta
747 2331 820 2367 iure
846 2337 912 2366 sta-

135 2379 231 2415 tutis.

181 2425 266 2462 Cis.
284 2424 376 2461 2365
410 2446 426 2454 -
445 2426 627 2473 Presbyter
645 2426 702 2472 qui
724 2436 788 2461 nec
805 2436 825 2461 a
841 2425 913 2460 iure

132 2485 197 2510 nec
222 2485 262 2510 ex
289 2473 434 2513 Romani
473 2473 650 2509 Pontificis
689 2472 913 2509 concessione

136 2521 336 2557 facultatem
357 2521 490 2556 babens
508 2526 766 2556 sacramentum
787 2519 911 2556 confir-

133 2568 299 2604 mationis
331 2568 533 2604 ministrare
569 2579 675 2604 ausus
714 2568 829 2611 fuerit,
856 2579 912 2602 su-

133 2616 343 2662 spendatur;
369 2615 396 2649 si
425 2626 504 2651 vero
523 2615 698 2651 facultatis
716 2615 780 2650 sibi
804 2615 912 2650 factae

134 2663 263 2698 limites
291 2662 520 2709 praetergredi
551 2662 834 2708 praesumpserit,
860 2672 912 2697 ea-

129 2710 209 2746 dem
238 2709 401 2746 facultate
423 2720 462 2745 eo
490 2709 564 2756 ipso
591 2709 749 2756 privatus
775 2709 911 2745 existat.

181 2757 267 2793 CAN.
288 2755 394 2792 2366.
426 2777 442 2782 -
470 2755 637 2792 Sacerdos
663 2757 721 2803 qui
750 2756 826 2792 sine
853 2768 911 2792 ne-

132 2805 283 2840 cessaria
308 2803 549 2840 iurisdictione
570 2804 839 2850 praesumpserit
859 2814 911 2838 sa-

132 2851 366 2888 cramentales
379 2851 615 2887 confessiones
633 2851 823 2892 audire,est
840 2851 912 2896 ipso

136 2898 226 2934 facto
251 2909 442 2945 suspensus
467 2909 487 2934 a
513 2898 664 2942 divinis;
693 2899 751 2944 qui
781 2908 859 2933 vero
892 2908 911 2932 a

989 2046 1105 2082 nibus.

1034 2094 1117 2129 CAN.
1146 2092 1249 2128 2367.
1268 2113 1289 2120 -
1308 2097 1327 2135 ξ
1352 2093 1379 2127 l.
1401 2092 1592 2128 Absotvens
1619 2092 1668 2127 vel
1699 2092 1759 2126 fin-

987 2152 1072 2185 gens
1097 2140 1274 2176 absoliere
1304 2140 1506 2186 complicem
1547 2141 1580 2174 in
1623 2144 1760 2185 peccato

988 2188 1077 2234 turpi
1107 2188 1253 2223 incurrit
1284 2188 1357 2233 ipso
1386 2188 1472 2222 facto
1501 2188 1532 2222 in
1561 2198 1757 2221 excommu-

987 2236 1199 2271 nicationem
1244 2235 1494 2281 specialissimo
1537 2235 1637 2269 modo
1679 2233 1756 2269 Scdi

988 2283 1205 2329 Apostolicae
1223 2287 1452 2323 reservatam
1480 2282 1582 2327 idque
1599 2281 1700 2316 ctiam
1723 2282 1756 2315 in

989 2331 1108 2365 mortis
1133 2330 1295 2373 articulo,
1321 2330 1347 2363 si
1375 2329 1465 2364 alius
1491 2329 1662 2369 sacerdos,
1682 2328 1759 2364 licet

987 2389 1056 2411 non
1098 2377 1310 2423 approbatus
1340 2377 1381 2411 ad
1410 2376 1655 2411 confossiones.
1684 2376 1759 2410 sine

986 2425 1081 2469 gravi
1109 2425 1228 2470 aliqua
1254 2425 1426 2459 exoritura
1447 2423 1589 2458 infamia
1610 2428 1641 2457 et
1659 2434 1758 2457 scan-

986 2473 1076 2507 dalo.
1104 2472 1209 2518 possit
1235 2471 1391 2517 excipere
1425 2471 1604 2505 morientis
1631 2472 1759 2505 confes-

987 2520 1133 2560 sionem,
1163 2523 1301 2564 excepto
1328 2529 1408 2553 casu
1435 2529 1502 2563 quo
1530 2517 1758 2552 moribundus

987 2572 1119 2602 recuset
1146 2567 1203 2601 alii
1232 2566 1399 2601 confiteri.

1034 2614 1094 2656 ἐῢ..
1108 2614 1258 2648 Eandem
1275 2612 1669 2648 excommunicationem
1688 2621 1755 2644 non

986 2660 1103 2705 effugit
1130 2661 1314 2695 absolvens
1342 2660 1392 2695 vel
1422 2659 1555 2703 fingens
1582 2658 1757 2692 alisolwre

985 2708 1189 2754 complicem
1218 2708 1274 2753 qui
1306 2712 1479 2753 peccatum
1507 2705 1645 2751 quidem
1665 2715 1755 2738 com-

988 2755 1163 2801 plu-itatis,
1184 2766 1289 2800 aquo
1310 2755 1462 2789 noudum
1490 2758 1541 2786 est
1567 2751 1756 2789 absolutus,

987 2814 1054 2837 non
1083 2802 1279 2837 confitetur.
1307 2802 1364 2836 sed
1395 2801 1467 2835 idco
1507 2801 1550 2833 ita
1589 2810 1622 2833 se
1652 2798 1752 2841 gerit,

986 2850 1067 2894 quia
1093 2849 1133 2884 ad
1164 2849 1194 2883 id
1223 2860 1241 2883 a
1269 2848 1434 2893 complice
1457 2846 1666 2882 confessarii»
1684 2845 1754 2879 sire

985 2898 1113 2931 directe
1139 2896 1209 2931 sire
1237 2896 1402 2929 indirecte
1431 2894 1590 2928 inductus
1616 2898 1675 2927 est.
