1950 3313
161 134 206 168 34
835 130 1112 165 INTRonucrlo

163 255 312 296 inserta
347 252 479 294 forent
504 266 542 306 ³),
577 254 621 293 ut
653 251 809 305 optime
843 248 1053 293 concludit
1086 248 1238 292 Bened.
1275 248 1378 294 XIV.
1418 249 1502 293 imo
1525 249 1626 294 haec
1655 252 1788 307 capita

162 337 232 367 seu
267 335 445 366 canones
477 321 728 379 quandoque
760 325 853 364 sunt
889 319 1123 363 Decretales
1166 324 1205 363 et
1252 320 1462 377 Rescripta
1507 320 1787 364 Romanorum

165 393 404 436 Pontificum
441 396 564 449 atque
598 403 777 435 canones
810 388 1186 435 Oecumenicorum
1227 390 1519 445 Conciliorum,
1551 391 1623 434 sed
1660 391 1786 435 multa

164 465 431 507 inveniuntur
467 462 529 505 vel
565 475 613 505 ex
649 462 687 505 S.
723 462 949 518 Scriptura,
987 451 1048 505 vel
1075 475 1124 504 ex
1150 461 1332 518 Synodis
1366 462 1696 518 particularibus,
1725 464 1789 508 vel

162 548 210 578 ex
245 534 312 578 SS.
349 532 536 576 Patribus
569 545 617 576 ac
651 532 941 576 ecclesiasticis
973 531 1244 589 scriptoribus
1271 532 1336 576 vel
1370 546 1421 576 ex
1455 532 1657 576 saeculari
1683 536 1785 578 iure.

162 604 245 648 Nec
278 603 608 647 obliviscendum
644 608 704 646 est
737 616 816 646 non
851 617 900 646 ex
936 602 1117 646 tontibus
1162 605 1352 659 genuinis
1384 604 1507 646 fuisse
1540 616 1561 646 a
1595 602 1792 648 Gratiano

163 675 320 730 hausta,
354 674 424 717 sed
460 688 509 717 ex
545 672 860 717 collectionibus
893 686 998 731 quae
1032 678 1128 717 tunc
1161 675 1359 730 temporis
1384 675 1547 717 fuerunt
1583 676 1621 717 in
1656 688 1744 718 usu.

282 746 349 789 26.
383 747 523 792 Aliae
556 747 774 803 quinque
810 745 1197 802 Compilationes
1230 757 1338 802 quae
1372 758 1481 788 nunc
1504 746 1697 803 antiquae
1720 759 1790 802 ap-

162 817 368 874 pellantur
402 816 643 873 prodierunt
678 817 715 858 in
753 820 951 871 tempore,
987 815 1095 873 quod
1131 820 1192 858 est
1225 815 1383 872 lapsum
1430 817 1535 858 inter
1567 815 1789 860 Decretum

161 887 344 932 Gratiani
379 892 417 930 et
451 891 693 945 sequentem
728 885 922 943 Corporis
959 886 1063 929 luris
1085 888 1271 930 canonici
1297 885 1599 931 collectionem.
1624 886 1791 931 lllarum

161 960 345 1017 quinque
378 957 719 1014 compilationum
757 957 801 999 1a
834 961 873 1000 et
909 956 953 999 ⁶2³
987 957 1154 999 fuerunt
1196 955 1461 999 collectiones
1506 958 1704 1012 privatae,
1739 970 1788 1000 ex

162 1028 293 1073 tribus
328 1027 624 1084 posterioribus
649 1027 694 1070 4ὃι
719 1029 831 1071 iuxta
855 1029 1101 1070 sententiam
1127 1027 1380 1070 sufficienter
1405 1026 1577 1070 solidam
1603 1026 1794 1084 aliaeque

162 1114 211 1144 ex
246 1104 357 1143 certa
391 1101 591 1142 sententia
628 1099 791 1142 fuerunt
826 1098 1103 1141 authenticae.
1141 1098 1219 1141 Sed
1244 1098 1293 1140 ad
1320 1100 1548 1154 practicum
1585 1100 1684 1141 iuris
1707 1103 1789 1142 stu-

162 1172 275 1214 dium
311 1183 454 1227 parum
495 1169 556 1213 vel
594 1168 694 1212 nihil
729 1170 960 1213 conferunt.

282 1242 348 1285 27.
384 1242 718 1287 Decretalium
763 1232 991 1297 Gregorii
1032 1242 1092 1286 IX
1130 1242 1424 1297 compilatio
1460 1240 1698 1284 inscribitur
1729 1254 1789 1284 se-

162 1313 296 1357 cunda
332 1315 369 1355 in
404 1311 585 1369 Corpore
620 1311 724 1357 luris
759 1310 953 1354 Canonici
987 1309 1199 1365 Collectio,
1232 1323 1339 1369 quae
1371 1313 1493 1354 etiam
1524 1312 1654 1355 audiit
1673 1311 1795 1356 Liber

162 1383 550 1440 Extravagantium,
585 1388 624 1426 et
652 1385 689 1426 in
716 1396 789 1426 usu
815 1382 967 1425 dicitur
992 1380 1228 1425 Decretales
1251 1380 1442 1438 Gregorii
1469 1380 1535 1436 tx,
1561 1384 1654 1439 quia
1680 1384 1791 1425 iussu

162 1457 250 1498 eius
283 1455 385 1498 sacta
421 1456 494 1497 tuit
526 1452 774 1510 Compilatio
810 1452 911 1495 haec
944 1465 964 1495 a
999 1452 1037 1496 S.
1074 1451 1320 1508 Raymundo
1353 1452 1404 1495 de
1440 1452 1654 1495 Pennafort
1688 1449 1792 1496 Ord.

164 1525 323 1574 Praed.‚
343 1529 382 1568 et
400 1524 508 1568 illius
530 1525 736 1568 pontilicis
759 1523 884 1567 multa
909 1525 1044 1579 capita
1067 1525 1263 1578 continet,
1291 1522 1483 1567 videlicet
1510 1523 1591 1565 195
1617 1525 1654 1566 in
1679 1523 1794 1567 calce

164 1595 342 1652 plurium
377 1594 607 1639 Titulorum
643 1593 876 1647 distributa,
910 1606 957 1637 36
1000 1593 1167 1636 demum
1202 1595 1297 1651 quia
1333 1606 1405 1650 per
1438 1593 1593 1637 dictum
1633 1594 1791 1637 Summ.

165 1667 405 1710 Pontificem
445 1667 518 1709 suit
551 1665 811 1722 promulgata
846 1669 974 1708 const.
1007 1680 1027 1705 «
1051 1664 1137 1708 Rex
1174 1666 1372 1720 pacilicus
1396 1680 1415 1705 »
1444 1663 1520 1708 sub
1545 1664 1611 1708 die
1634 1665 1657 1707 5
1681 1666 1792 1721 Sept.

164 1738 290 1793 1234,
324 1729 417 1781 cum
453 1750 533 1795 qua
571 1738 681 1780 misit
708 1736 816 1779 illam
853 1736 902 1779 ad
939 1736 1252 1779 florentissimas
1275 1743 1372 1779 tunc
1394 1735 1694 1779 Universitates
1719 1735 1792 1779 Bo-

163 1810 404 1851 noniensem
439 1820 486 1851 ac
523 1808 807 1851 Parisiensem.
846 1807 884 1850 ln
921 1807 1030 1850 dicta
1065 1811 1194 1851 const.
1221 1808 1334 1862 prius
1359 1811 1612 1849 memoratur
1636 1807 1728 1850 linis
1745 1819 1792 1850 ac

165 1882 387 1923 necessitas
422 1879 574 1935 legum,
608 1879 702 1922 dein
755 1882 1041 1935 proponuntur
1080 1890 1229 1921 causae
1272 1890 1376 1934 quae
1422 1882 1641 1920 moverunt
1674 1877 1791 1921 Rom.

166 1948 403 1993 Pontiticem
448 1950 497 1993 ad
544 1963 647 2006 opus
692 1948 1006 2006 perficiendum.
1043 1947 1184 1991 Postea
1225 1947 1402 1991 edicitur
1435 1949 1553 1991 cuius
1585 1959 1708 2004 opera
1742 1949 1793 1991 sit

164 2034 262 2064 usus
295 2023 332 2063 in
368 2020 512 2064 eadem
548 2020 789 2064 adornanda
825 2019 1088 2068 Collectione,
1123 2032 1170 2062 ac
1215 2018 1361 2062 modus
1403 2023 1606 2061 servatus.
1642 2018 1795 2063 Ultimo

163 2096 301 2135 autem
356 2090 622 2148 praescribit:
679 2106 698 2131 ((
726 2089 917 2134 Volentes
950 2092 1075 2146 igitur
1109 2094 1152 2133 ut
1184 2089 1259 2133 hac
1293 2094 1451 2132 tantum
1501 2089 1795 2145 compilatione

166 2164 347 2205 universi
384 2167 551 2205 utantur
586 2165 623 2205 in
660 2162 823 2205 iudiciis
856 2165 894 2204 et
929 2163 967 2204 in
998 2160 1162 2209 scholis
1187 2160 1414 2203 districtius
1438 2158 1717 2216 prohibemus,
1743 2172 1796 2203 116

165 2235 257 2290 quis
292 2237 527 2289 praesumat
559 2231 682 2275 aliam
719 2233 855 2275 facere
889 2231 1047 2288 absque
1080 2233 1325 2274 auctoritate
1372 2230 1489 2274 Sedis
1532 2230 1795 2287 Apostolicae

164 2303 390 2359 speciali».
429 2302 485 2346 Ex
514 2302 575 2346 his
601 2302 742 2346 verbis
765 2304 919 2359 optime
942 2303 1119 2345 eruitur:
1155 2301 1261 2345 hanc
1293 2299 1633 2357 Compilationem
1670 2302 1796 2344 fuisse

164 2376 305 2417 stricto
338 2387 458 2417 sensu
493 2373 792 2425 authenticam,
817 2376 856 2415 et
892 2373 1132 2415 universam
1168 2371 1394 2415 Ecclesiam
1429 2370 1634 2428 obligasse
1657 2371 1794 2428 quoad

166 2450 322 2501 partem
348 2444 627 2488 Decretalium
665 2444 953 2499 dispositivam
990 2447 1029 2485 et
1062 2442 1196 2500 quoad
1233 2441 1420 2485 rubricas
1453 2453 1558 2499 quae
1589 2440 1793 2485 habebant

165 2506 393 2572 perlectum
440 2528 605 2558 sensum
659 2528 694 2557 v.
739 2528 799 2570 gr.
870 2513 968 2557 «Ut
1019 2513 1087 2556 lile
1132 2513 1335 2569 pendente
1379 2512 1479 2556 nihil
1525 2514 1787 2555 innovetur»

167 2585 227 2643 (L.
263 2585 308 2640 tl,
341 2587 398 2630 tit.
436 2586 519 2641 16).
558 2584 775 2628 Videlicet:
810 2585 859 2628 ad
913 2597 1104 2627 normam
1146 2582 1492 2640 Compilationum
1529 2585 1794 2640 antiquarum

167 2658 240 2699 l'uit
274 2656 375 2700 haec
408 2656 642 2699 authentica
688 2658 725 2698 in
771 2657 960 2712 quinque
1003 2654 1129 2698 libros
1172 2654 1404 2698 distributa.
1453 2653 1563 2698 Libri
1607 2653 1793 2696 eiusdem

166 2729 204 2769 in
239 2726 394 2770 Titulos
427 2727 607 2770 distincti
646 2731 740 2769 sunt
786 2739 881 2769 cum
939 2725 1123 2769 relativis
1170 2723 1519 2781 inscriptionibus,
1568 2735 1674 2781 quae
1726 2735 1792 2765 ru-

165 2797 304 2841 bricae
337 2796 596 2851 dicebantur,
630 2801 670 2840 et
702 2796 778 2840 sub
811 2795 957 2840 Titulis
989 2795 1163 2851 singulis
1195 2795 1470 2851 disponuntur
1496 2794 1641 2837 ordine
1672 2792 1792 2836 chro-

169 2867 358 2924 nologico
394 2870 478 2924 ipsa
513 2869 662 2923 capita.
696 2866 901 2910 Rubricae
936 2866 1028 2910 illae
1061 2866 1310 2923 quandoque
1353 2866 1579 2921 perfectum
1622 2876 1788 2907 sensum
