1950 3313
176 164 243 198 182
635 161 721 195 Lm.
750 161 796 195 V.
825 180 837 186 -
865 160 975 195 PARS
1001 160 1052 194 ΙΙ.
1081 181 1094 186 -
1120 161 1177 196 De
1196 163 1335 206 poenis
1475 160 1568 196 Can.
1595 161 1800 196 2298-2299

290 284 337 326 6⁰
376 282 559 325 Privatio
589 278 798 338 poenalis,
833 294 905 324 seu
931 280 1068 324 delicti
1104 293 1242 333 causa,
1265 280 1452 337 beneficii
1486 283 1650 338 proprie
1689 281 1798 339 (can.

174 354 303 410 1409)
338 352 399 395 vel
431 351 563 409 officii
599 353 785 395 «stricto
818 364 941 394 sensu
965 366 986 391 ))
1024 351 1132 408 (can.
1168 352 1265 404 145)
1304 356 1342 394 et
1376 351 1426 394 de
1451 350 1517 394 illa
1544 351 1799 408 intelligatur

172 439 261 468 omn
295 423 357 466 rel
389 423 479 465 sine
508 422 709 479 pensione
741 435 790 464 ex
826 420 1015 464 beneficii
1056 420 1286 465 redditibus
1308 422 1489 465 officiive
1512 420 1802 465 emolumentis

174 494 439 552 percipienda
481 493 711 536 secundum
750 504 904 549 poenae
937 497 1007 535 aut
1039 495 1446 536 circumstantiarum
1491 493 1798 545 diversitatem

290 564 337 607 7⁰
374 563 604 607 Proltibi'tio
637 562 924 607 commorandi
956 562 1000 606 in
1033 568 1144 606 certo
1178 563 1266 607 loco
1298 562 1361 606 vel
1394 562 1625 619 territorio,
1660 563 1800 606 distin-

172 640 247 680 ctis
280 635 331 679 ob
364 634 708 691 amplitudinem3

289 706 338 750 8⁰
375 705 657 764 Praeseriptio
690 704 977 748 commorandi
1009 704 1053 748 in
1086 710 1197 748 certo
1216 704 1304 748 loco
1327 704 1389 748 vel
1413 704 1646 766 territorio,
1670 709 1713 748 ut
1735 718 1801 748 su·

173 791 272 835 pra:
307 789 413 835 quae
446 777 552 820 duae
586 789 741 834 poenae
776 776 1008 820 libertatem
1042 776 1182 820 clerici
1207 764 1554 834 coarctantsquin
1579 776 1629 820 ad
1654 775 1803 820 alteru·

172 854 279 892 trum
315 852 553 901 teneretur3

290 918 339 961 9⁰
373 917 562 961 Priralio
595 917 650 960 ad
684 922 842 975 tempus
885 916 1042 974 (aliquo
1087 917 1208 960 modo
1251 917 1591 974 determinatum)
1637 915 1803 959 habitas

170 989 460 1043 ecclesz'astici‚
496 993 616 1045 prout
649 988 714 1031 liic
748 988 982 1043 descriptus
1013 992 1073 1030 est
1108 989 1145 1030 in
1181 999 1271 1031 can.
1309 987 1404 1043 136,
1439 989 1464 1042 ἓ
1498 987 1538 1041 1,
1569 987 1641 1031 sed
1666 993 1803 1044 quate-

172 1074 250 1104 nus
282 1062 492 1104 constituit
527 1063 588 1103 ius
620 1061 867 1103 clericorum
915 1060 956 1101 vi
990 1071 1079 1102 can.
1121 1058 1216 1102 683.
1254 1084 1305 1089 -
1343 1059 1413 1101 10⁰
1448 1057 1664 1116 Depositio
1699 1059 1804 1102 infra

171 1131 419 1188 explicanda
455 1134 491 1173 in
527 1144 617 1175 can.
654 1130 780 1174 2303.
817 1156 869 1160 -—
904 1130 971 1173 11⁰
1006 1129 1123 1173 Hanc
1166 1134 1348 1186 superat,
1382 1143 1429 1173 eo
1463 1129 1570 1187 quod
1613 1135 1805 1186 praesup-

174 1208 297 1259 ponat
330 1202 440 1245 illam
476 1215 525 1245 ex
560 1214 649 1245 can.
685 1201 814 1256 (2304,
846 1200 1032 1258 privatio
1077 1206 1283 1258 perpetua
1317 1199 1484 1243 habitas
1516 1200 1803 1252 ecclesiastici,

169 1275 290 1317 cuius
322 1275 567 1330 privationis
599 1272 789 1330 sequelas
824 1273 948 1315 refert
980 1273 1064 1315 cit.S
1098 1284 1188 1315 can.
1224 1274 1262 1314 in
1295 1270 1340 1328 §⁰
1372 1271 1444 1323 2⁰;
1479 1298 1534 1304 —
1570 1271 1702 1315 Poena
1737 1284 1802 1328 po-

170 1349 323 1388 strema
357 1349 396 1387 et
413 1356 608 1401 suprema
641 1348 702 1387 est
734 1343 807 1386 12⁰
846 1341 1119 1400 Deqradatio,
1151 1344 1271 1386 cuius
1305 1345 1388 1385 vim
1423 1347 1463 1386 et
1494 1343 1799 1386 distinctionem

177 1414 411 1458 videbimus
444 1417 482 1457 in
515 1427 673 1458 canone
707 1413 851 1457 ultimo
884 1413 1008 1456 huius
1040 1412 1175 1456 Tituli.

295 1486 388 1529 132.
426 1487 498 1532 De
530 1487 810 1543 privatione
847 1486 1077 1531 beneficii
1120 1488 1270 1542 atque
1302 1485 1635 1541 prohibitione
1667 1486 1802 1529 mini-

175 1559 311 1604 sterii
344 1556 466 1600 simul
501 1556 818 1599 considerantur
852 1558 889 1598 in
925 1569 1016 1598 can.
1057 1557 1183 1598 ‘3999
1218 1559 1384 1611 propter
1418 1559 1602 1598 mutuam
1638 1554 1801 1597 illorum

177 1627 376 1671 bonorum
418 1629 735 1671 connexionem.
772 1627 831 1670 Ac
865 1629 998 1683 primo
1043 1627 1287 1682 privationis
1330 1638 1475 1669 causas
1509 1625 1696 1668 decernit
1727 1624 1804 1669 sub

174 1699 437 1743 distinctione
469 1698 497 1756 ἓ
530 1701 565 1741 1.
601 1698 647 1742 Si
679 1698 857 1741 clericas
895 1696 1093 1741 «solus»
1132 1697 1240 1753 (can.
1268 1696 1367 1752 118)
1387 1695 1626 1752 beneficiam
1648 1696 1805 1739 inamo-

174 1769 310 1825 bibile7
344 1784 416 1814 seu
450 1770 557 1827 quod
597 1785 619 1809 «
642 1770 850 1813 confertur
882 1770 922 1811 in
959 1774 1249 1825 perpetuum»
1288 1767 1397 1823 (can.
1433 1767 1559 1819 1141,
1595 1766 1673 1824 4⁰),
1707 1766 1803 1810 obti-

174 1847 272 1885 neat
304 1841 447 1885 saltem
484 1842 721 1897 provisione
755 1841 967 1883 canonica.
1000 1834 1141 1882 eodem,
1175 1838 1218 1881 in
1234 1851 1424 1896 poenam,
1449 1850 1497 1881 ac
1521 1838 1692 1894 proinde
1716 1851 1806 1894 pro-

175 1914 263 1970 prie
292 1911 460 1969 privari
488 1916 627 1969 potes!
659 1910 809 1964 solum,
840 1923 940 1966 ergo
974 1922 1053 1952 non
1090 1914 1257 1965 propter
1289 1907 1368 1952 alia
1391 1907 1555 1963 delicta,
1579 1907 1622 1950 in
1642 1907 1805 1951 casibus

174 1983 268 2026 iare
300 1982 523 2040 expressis,
560 1995 596 2024 v.
632 1995 693 2038 gr.
730 1980 936 2037 parochus
969 1979 1021 2023 ob
1044 1992 1190 2023 causas
1228 1990 1446 2035 expressas
1478 1980 1517 2021 in
1552 1991 1641 2022 can.
1677 1978 1803 2033 2147,

174 2054 193 2109 ξ
229 2053 266 2107 ⁶2,
300 2066 347 2096 ac
379 2058 543 2096 servata
578 2054 708 2095 torma
742 2054 843 2094 iuris
875 2064 947 2094 seu
983 2063 1177 2107 processu
1201 2051 1436 2093 necessario
1459 2050 1509 2093 ad
1536 2049 1804 2106 infligendam

176 2124 411 2167 huiusmodi
458 2136 660 2179 poenam:
695 2123 732 2165 si
765 2121 985 2165 aniovibile
1021 2121 1195 2178 supple:
1235 2136 1256 2161 ‹<
1279 2120 1526 2164 beneficium
1560 2119 1804 2174 obtineat»,

175 2199 375 2251 utsupra,
394 2194 503 2251 quod
529 2207 677 2249 nempe
698 2211 704 2234 2
745 2209 767 2234 «
791 2194 1003 2236 confertur
1026 2191 1319 2235 revocabiliter
1336 2206 1356 2232 »
1386 2190 1493 2248 (can.
1520 2190 1648 2245 1411,
1666 2195 1725 2235 n.⁰
1748 2190 1805 2247 4),

182 2281 202 2306 «
226 2267 382 2322 privari
419 2269 549 2320 potest
572 2280 592 2304 »
630 2264 773 2319 eliani,
798 2276 870 2307 seu
896 2267 1186 2319 praeterquam
1227 2277 1248 2302 «
1272 2263 1309 2304 in
1343 2260 1507 2305 casibus
1530 2263 1619 2304 iure
1642 2274 1807 2317 expres-

176 2339 231 2380 sis
256 2352 292 2388 »,
325 2334 371 2378 ob
395 2334 506 2378 alias
538 2333 816 2378 rationabiles
849 2347 1012 2387 causas,
1047 2346 1153 2390 quae
1177 2332 1392 2389 prudentis
1416 2332 1567 2375 iudicio
1593 2332 1703 2375 illam
1728 2333 1807 2388 pri-

178 2409 387 2450 vationem
422 2418 596 2463 aequam
630 2418 719 2449 esse
751 2404 964 2448 suadeant.
1000 2404 1262 2459 Quapropter
1299 2402 1349 2446 ad
1384 2402 1485 2445 haec
1510 2401 1711 2446 beneficia
1737 2415 1804 2458 pa-

179 2476 377 2520 rochialia
402 2478 568 2532 respicit
593 2478 773 2519 maxime
809 2474 982 2518 verbum
1017 2474 1121 2517 can.i
1158 2474 1284 2529 2147,
1305 2473 1333 2531 ξ
1358 2474 1400 2516 ⁶2⁰
1426 2475 1648 2517 insertum:
1679 2488 1699 2514 (c.
1718 2472 1804 2516 Hae

177 2559 327 2591 causae
359 2551 453 2589 sunt
482 2546 737 2604 praesertim
770 2557 875 2603 quae
908 2548 1166 2602 sequuntur:
1190 2560 1212 2584 »

296 2620 320 2672 ἓ
351 2620 394 2660 2.
433 2616 585 2659 Clerici
618 2616 860 2671 obtinentes,
895 2617 1151 2672 possessione
1184 2628 1350 2672 quoque
1382 2619 1570 2672 sequuta,
1604 2616 1642 2668 a)
1665 2612 1808 2669 benefi-

177 2689 243 2732 cia
276 2688 385 2741 (can.
425 2687 567 2744 1409),
610 2686 652 2744 b)
685 2686 827 2745 officia
867 2688 1050 2729 «stricto
1088 2698 1211 2728 sensu
1235 2700 1255 2727 >>
1294 2685 1402 2743 (can.
1441 2686 1536 2741 145,
1559 2685 1587 2744 ἓ
1614 2685 1666 2742 1),
1691 2685 1728 2741 c)
1748 2683 1810 2727 di-

174 2760 361 2817 qizitates
392 2760 557 2815 saepius
590 2758 832 2809 declaratas,
863 2770 968 2815 quae
1001 2756 1188 2812 singulae
1231 2759 1442 2800 continent
1485 2755 1642 2800 ratione
1684 2755 1808 2798 oflicii

179 2832 218 2873 in
240 2830 301 2873 his
319 2835 358 2873 et
376 2829 456 2873 illis
473 2829 752 2873 subintellecti
791 2845 812 2870 «
837 2841 986 2871 munus
1004 2827 1112 2884 quod
1133 2829 1172 2869 in
1195 2827 1450 2884 spiritualem
1476 2828 1599 2870 finem
1625 2825 1806 2881 legitime

178 2904 444 2944 exercetur»
483 2899 590 2957 (can.
618 2900 713 2952 145,
746 2900 774 2958 ἓ
807 2901 863 2956 1),
894 2903 1070 2956 possunt
1102 2897 1242 2950 etiam,
1285 2898 1415 2941 idest:
1450 2899 1546 2955 quin
1592 2898 1807 2953 priventur
