1950 3313
671 168 755 202 Tl'r.
785 168 830 202 V.
859 187 872 193 -
898 168 955 203 De
975 170 1197 213 privileyz'z's
1682 168 1757 204 169

120 289 242 332 idest:
280 290 361 330 vim
396 288 497 330 iuris
530 288 721 340 retinent,
741 292 780 331 et
814 287 891 332 lioc
925 290 1108 332 enuntiat
1135 290 1235 331 iuris
1258 290 1445 332 canonici
1482 289 1747 345 principium,

116 372 210 402 cum
245 358 321 402 hac
353 357 438 401 sola
471 360 735 413 exceptione:
773 358 857 401 ιιιέἱ
890 357 993 402 dala
1027 358 1190 416 suerin!
1223 372 1314 400 cuin
1346 358 1541 402 clausula
1565 362 1749 403 taxative

117 431 156 472 in
201 432 260 473 eis
304 431 481 472 inserta:
523 426 578 470 ad
616 426 918 482 beneplaeitmn
968 435 1170 481 nostrum,
1211 429 1271 472 rel
1313 429 1402 472 alia
1445 430 1751 489 aequipollenti

116 500 250 557 quoad
285 512 467 543 sensum.
504 525 556 531 —-
591 498 667 542 Hic
701 502 789 542 erui
818 505 952 556 potest
984 514 1032 544 ex
1068 512 1156 557 cap.
1182 502 1250 544 cit.
1275 499 1553 544 Decretalium
1580 500 1646 545 ubi
1672 502 1747 545 Bo—

116 573 292 615 nifacius
328 569 412 613 Vlll
446 572 599 627 inquit:
641 586 660 610 «
684 571 723 613 Si
758 573 941 627 gratiose
974 571 1045 615 tibi
1080 584 1100 615 a
1135 571 1321 615 Romano
1365 571 1561 615 Pontitico
1600 587 1747 617 conce-

116 642 251 696 datur,
275 646 315 685 ut
344 640 556 692 beneficia,
581 654 688 698 quae
714 647 899 698 tempore
934 647 1028 685 tuae
1064 645 1334 699 promotionis
1356 642 1584 697 obtinebas,
1609 658 1749 700 posses

116 726 245 770 usque
277 713 327 756 ad
363 725 463 755 suae
501 712 722 756 voluntatis
758 712 1061 770 beneplacitum
1099 717 1299 758 retinere:
1340 714 1575 757 huiusmodi
1615 718 1747 772 gratia

115 797 187 839 per
219 786 308 827 eius
341 783 502 827 obitum
539 797 611 840 per
644 797 764 841 quem
803 787 929 841 ipsius
954 785 1259 841 beneplacitum
1284 787 1451 828 omnino
1475 788 1747 843 extinguitur,

113 866 160 896 eo
195 855 282 909 ipso
316 856 490 910 expirat.
525 855 652 898 Secus
685 858 822 897 autem
858 857 889 897 si
927 869 1056 913 usque
1090 855 1139 898 ad
1173 855 1437 911 Apostolicae
1470 856 1588 900 Sedis
1623 856 1744 901 bene-

112 923 309 980 placitum
356 928 487 981 gratia
528 926 782 969 concedatur
817 926 1045 982 praedicta:
1083 931 1180 969 tunc
1212 928 1334 977 enim,
1367 929 1463 983 quia
1497 928 1624 971 Sedes
1659 931 1744 985 ipsa

112 1009 190 1039 non
218 998 404 1047 moritur,
441 996 607 1040 durabit
643 1001 858 1053 perpetuo,
892 999 967 1040 nisi
1002 1011 1024 1039 a
1056 1010 1296 1041 successore
1331 999 1453 1040 fuerit
1487 1004 1678 1042 revocata
1706 1015 1749 1044 )).,

110 1066 217 1110 Hinc
261 1067 444 1111 clausula
496 1067 702 1124 privilegii
737 1067 912 1123 alligans
959 1070 1042 1110 vim
1086 1070 1174 1111 eius
1218 1067 1418 1111 voluntati
1459 1070 1739 1121 concedentis,

114 1137 177 1181 vel
214 1141 460 1195 possessioni
497 1139 621 1181 officii
657 1151 728 1194 per
762 1140 912 1194 ipsum,
950 1138 1287 1196 «aequipollet»
1326 1139 1462 1196 quoad
1502 1153 1684 1185 sensum.

233 1209 330 1253 142.
365 1211 637 1255 Exstinctio
661 1211 864 1266 propria
893 1211 1138 1266 privilegii
1173 1212 1466 1266 personalis.
1490 1210 1689 1267 Regulam
1715 1213 1738 1255 7

110 1281 210 1322 iuris
243 1281 281 1322 in
318 1280 361 1321 6⁰
400 1295 419 1320 c<
444 1293 494 1323 ex
530 1282 690 1335 integro
725 1280 892 1323 refert»
933 1279 1041 1337 (can.
1068 1282 1104 1334 6,
1132 1279 1194 1336 60)
1229 1294 1320 1324 ean.
1356 1282 1429 1322 74.
1468 1280 1746 1338 l’ri'm'leffl'wn

105 1349 344 1408 personale,
380 1350 597 1393 videlicet:
634 1362 835 1406 personae
871 1349 1067 1407 physicae
1091 1355 1161 1393 aut
1185 1350 1329 1393 morali
1355 1350 1561 1407 collegiali
1586 1352 1749 1397 directe

107 1433 366 1476 concessum,
399 1434 624 1479 personam
657 1420 766 1464 illam
794 1420 979 1475 ubilibet,
1005 1427 1218 1479 tamquam
1242 1421 1475 1465 subiectum
1501 1425 1566 1466 cui
1591 1423 1742 1467 adbae-

108 1496 207 1546 reat,
240 1491 433 1549 sequitur
466 1497 504 1534 et
543 1506 634 1534 enm
668 1492 775 1549 ipsa,
820 1494 851 1535 si
897 1492 1058 1535 desinat
1101 1506 1190 1535 esse
1235 1505 1409 1549 persona
1454 1493 1624 1550 physica
1670 1509 1742 1551 ρει·

107 1567 282 1605 mortem
330 1562 392 1605 vel
440 1562 606 1605 moralis
648 1563 697 1606 ad
743 1576 931 1606 normam
975 1576 1065 1606 can.
1112 1563 1205 1616 102,
1244 1562 1598 1620 «privilegium»
1641 1565 1738 1609 illud

105 1632 394 1689 esstinqm'tm·
427 1635 592 1689 proprie
626 1633 678 1676 ob
711 1633 909 1677 deliciens
944 1636 1045 1677 iuris
1076 1633 1325 1677 subiectum.

230 1703 324 1746 143.
361 1704 587 1750 Cessatio
611 1707 814 1761 propria
838 1706 1208 1762 privilegiorum
1242 1708 1461 1751 realium.
1496 1706 1535 1749 ln
1572 1706 1647 1750 boc
1680 1721 1740 1751 se—

105 1777 245 1832 quenti
280 1779 319 1817 et
350 1774 480 1818 altero
516 1787 652 1831 praec.
686 1788 844 1818 canone
877 1778 1127 1831 exprimitur
1160 1778 1310 1819 divisio
1345 1778 1662 1833 privilegiorum
1700 1781 1736 1821 in

106 1845 335 1901 personalia
370 1850 409 1888 et
443 1845 584 1900 realia,
617 1858 723 1903 quae
758 1845 834 1889 hoc
879 1848 916 1888 in
962 1859 1120 1889 canone
1161 1846 1490 1891 subdividuntur
1533 1851 1571 1891 in
1614 1848 1739 1892 realia

104 1921 224 1972 prout
259 1915 359 1960 baec
392 1923 657 1973 opponuntur
692 1916 923 1973 privilegiis
948 1917 1161 1961 localibus.
1196 1918 1452 1974 SIgniticatio
1476 1918 1623 1962 horum
1653 1933 1747 1963 ver-⁷

104 1986 251 2030 borum
285 1989 483 2031 canonica
512 1988 676 2031 videtur
699 1990 757 2031 sic
782 1988 1038 2044 accipienda.
1064 1988 1321 2043 Subiectum,
1347 1991 1412 2032 cui
1444 1992 1505 2033 ius
1530 1991 1737 2047 privilegii

102 2057 260 2101 directe
303 2058 560 2113 conceditur,
607 2058 671 2101 vel
717 2061 952 2101 continetur
985 2058 1061 2102 sub
1094 2058 1181 2102 Lib.
1217 2059 1248 2101 ll
1282 2058 1445 2104 Codicis
1483 2074 1530 2104 ac
1566 2063 1738 2118 proinde

101 2133 161 2172 est
196 2142 369 2185 persona
405 2128 575 2185 physica
609 2134 679 2172 aut
715 2129 882 2172 moralis
916 2129 1145 2186 collegialis
1178 2133 1251 2173 etsi
1289 2130 1354 2174 illa
1389 2132 1540 2191 officio,
1581 2132 1642 2175 vel
1678 2133 1736 2175 di-

102 2201 258 2256 gnitate
293 2199 478 2255 praedita
503 2201 566 2245 sit,
591 2213 628 2242 v.
648 2214 708 2256 gr.
736 2200 955 2256 privilegia
980 2200 1019 2244 S.
1041 2200 1086 2243 R.
1108 2200 1149 2243 E.
1170 2200 1450 2245 Cardinalium
1479 2205 1516 2245 in
1542 2204 1736 2246 ca11.‘.¹23tl

100 2274 139 2313 et
174 2270 393 2327 privilegia
428 2269 728 2327 Episcoporum
763 2270 840 2314 sub
874 2284 964 2314 can.
991 2271 1073 2314 349
1097 2272 1125 2330 ἓ
1154 2273 1187 2325 l,
1211 2285 1258 2316 ac
1294 2273 1559 2329 privilegium
1597 2274 1735 2318 liuius-

101 2341 210 2384 modi
247 2347 420 2385 vocatur
455 2342 686 2399 personale,
724 2342 785 2385 vel
830 2342 1062 2386 subiectum
1111 2344 1338 2398 praefatum
1382 2347 1617 2388 continetur
1659 2345 1741 2389 sub·

103 2409 187 2454 Lib.
221 2411 286 2465 lll,
320 2425 367 2455 ac
403 2412 671 2468 privilegium
711 2418 882 2456 vocatur
918 2413 1041 2466 reale,
1076 2426 1199 2470 quam
1239 2414 1557 2471 appellationem
1591 2418 1733 2459 stricto

26 2491 31 2534 's
98 2493 220 2524 sensu
254 2484 417 2537 retinet,
451 2488 656 2541 quatenus
691 2497 757 2527 res
791 2483 857 2527 illa
894 2484 1114 2541 privilegio
1147 2485 1297 2528 donata
1325 2499 1360 2526 v.
1381 2499 1440 2541 gr.
1469 2485 1732 2533 beneficium,

26 2598 28 2610 k
98 2553 249 2607 imago,
280 2553 698 2610 conti-adistinguitur
734 2554 823 2598 loco
860 2568 896 2598 ι’.
917 2568 978 2612 gr.
1012 2557 1261 2609 sanctuario,
1297 2557 1429 2605 altari,
1452 2556 1560 2619 quq)
1596 2557 1733 2599 subie-

24 2635 29 2662 ι
95 2626 207 2665 ctum
241 2628 299 2666 est
336 2623 542 2680 privilegii
589 2627 757 2681 proprie
802 2625 955 2669 localis.
992 2652 1045 2656 —
1085 2625 1277 2673 Diximus
1313 2629 1430 2669 «etsi
1468 2640 1639 2682 persona
1675 2629 1731 2670 of-

24 2683 29 2740 J
97 2693 189 2736 ticio
217 2693 278 2736 vet
304 2693 505 2750 dignitate
531 2696 717 2751 praedita
742 2698 792 2739 sit
815 2712 851 2749 »,
876 2698 995 2739 cuius
1018 2696 1257 2752 exemplum
1293 2699 1503 2740 invenitur
1527 2700 1563 2740 in
1590 2711 1678 2754 cap.
1705 2700 1728 2739 tl

52 2823 54 2825 ,
102 2779 122 2804 «
145 2763 196 2806 de
230 2764 681 2820 praesumptionibus»
717 2766 780 2819 (ll,
817 2765 889 2822 23)
925 2780 996 2822 per
1030 2766 1130 2809 baec
1169 2766 1316 2810 verba:
1358 2767 1572 2810 «Proinde
1605 2781 1730 2823 super

26 2863 29 2892 :
96 2838 266 2878 cunctas
299 2833 496 2877 ecclesias
518 2834 682 2878 Siciliae
708 2841 745 2879 te
769 2836 1013 2892 (Maximum
1050 2836 1318 2893 Episcopum)
1347 2839 1456 2880 vices
1479 2837 1596 2880 Sedis
1620 2838 1729 2894 Apo-

25 2943 27 2965 ,
95 2905 264 2948 stolicae
298 2906 533 2948 ministrare
566 2905 845 2949 decernimus.
882 2904 995 2958 Quas
1029 2919 1106 2949 non
1144 2906 1232 2949 loco
1267 2906 1501 2961 tribuimus,
1533 2908 1602 2951 sed
1640 2921 1728 2964 per—
