1950 3313
141 134 234 170 Gan.
261 134 467 170 2409-2410
517 134 600 167 Trr.
631 134 742 169 XIX.
773 155 784 160 —
812 136 868 171 De
893 138 1017 172 abusu
1038 140 1119 182 pot.
1145 139 1199 173 vel
1225 137 1289 181 off.
1311 140 1394 173 eccl.
1704 141 1774 175 319

145 256 350 299 «ratione
384 254 572 299 beneficii
622 259 692 297 aut
724 257 824 298 certi
876 255 1052 300 alicuius
1085 258 1206 301 oflicii
1231 273 1272 312 )),
1308 264 1426 313 prout
1459 272 1505 302 eo
1543 261 1579 301 in
1615 272 1772 303 canone

141 325 398 369 declaratum
432 329 504 377 est,
537 326 597 368 sic
630 324 877 382 delinquens
911 327 1000 383 ipso
1034 326 1148 385 facto
1181 329 1434 372 concedendi
1472 331 1674 385 praelatas
1709 330 1770 373 lit-

141 400 249 440 teras
281 395 467 439 subiacet
498 395 766 453 suspensioni
801 411 824 438 o
859 396 1029 440 (livinis.
1062 398 1254 443 Scilicet:
1279 412 1385 456 quae
1423 416 1444 440 ‹<
1471 405 1577 443 vetat
1604 414 1768 443 omnem

139 471 276 511 actum
313 468 524 524 potestatis
556 466 714 509 ordinis
747 480 871 523 quam
906 471 998 525 quis
1030 471 1118 512 sive
1155 482 1226 525 per
1269 482 1430 513 sacram
1465 471 1768 514 ordinationem

138 540 228 582 sive
263 552 336 595 per
368 537 632 595 privilegium
668 537 886 581 obtinet».
922 538 1037 595 (Can.
1073 540 1202 592 2279,
1233 540 1262 598 g
1296 541 1332 593 2,
1370 541 1444 597 2⁰),

259 609 357 652 256.
406 611 591 655 Contra
638 609 930 666 Superiores
982 612 1235 667 illegitime
1287 614 1590 658 remittentes
1643 615 1771 658 ordi-

139 683 347 726 nandos.
380 705 438 711 ——
471 679 512 722 ln
547 679 692 722 eadem
730 682 900 723 materia
939 686 1128 724 versatur
1160 695 1337 739 sequens
1361 696 1451 724 ean.
1482 685 1614 727 2410.
1641 683 1767 740 Supe-

137 750 274 794 riores
305 749 500 808 reliyiosi
534 753 725 802 maiores,
759 753 834 794 etsi
867 749 1261 807 congregationum,
1310 753 1380 795 sod
1430 756 1622 809 exempti,
1673 757 1766 810 quia

137 821 200 865 his
233 823 431 878 competit
462 822 513 865 ad
548 834 735 864 normam
770 834 859 866 can.
886 822 984 876 964,
1010 821 1053 864 2Ο
1078 828 1116 865 et
1141 821 1184 865 3⁰
1210 822 1366 866 litteras
1399 823 1653 866 dimissorias
1685 827 1769 867 suis

136 892 312 937 subditis
345 892 600 947 concedere;
638 895 719 935 imo
752 892 819 935 alii
854 892 1097 949 Superiores
1131 896 1199 950 qui
1234 893 1470 937 lluiusn‘iodi
1502 894 1766 950 privilegium

136 964 405 1008 obtinuerunt
447 978 542 1008 cum
590 964 796 1008 servanda
831 978 879 1007 ex
916 966 1004 1008 iure
1055 965 1298 1008 limitatione
1331 965 1767 1023 can.³ci1.¹si0‚at‹p¹e

135 1049 266 1080 canon
300 1036 532 1093 applicatur
569 1035 876 1079 «societatibus
908 1035 1170 1079 clericalibus
1207 1038 1295 1079 sine
1333 1039 1450 1090 votis,
1474 1041 1677 1093 quatenus
1709 1051 1768 1079 so-

135 1109 263 1150 cietas
297 1106 516 1164 privilegio
549 1106 729 1163 gaudeat
777 1106 1034 1149 dimissorias
1071 1107 1326 1150 concedendi
1376 1106 1425 1150 ad
1476 1107 1641 1150 ordines
1684 1110 1768 1150 suis

135 1176 312 1220 subditis
335 1193 354 1219 ³>
380 1177 418 1233 ²;
443 1191 542 1234 ergo
565 1177 716 1234 singuli
741 1190 899 1228 eornm,
925 1176 996 1234 qni
1030 1182 1177 1220 contra
1197 1177 1509 1235 praeseriplwn
1539 1192 1629 1222 con.
1654 1180 1766 1220 965-

134 1250 242 1305 967,
286 1249 472 1293 scilicet:
507 1253 624 1292 extra
659 1251 845 1306 quinque
879 1260 999 1291 casus
1034 1251 1259 1292 recensitos
1291 1248 1367 1292 sul)
1411 1261 1500 1292 can.
1536 1249 1634 1302 966,
1667 1250 1694 1303 ξ
1732 1250 1766 1303 1,

139 1335 159 1361 <c
183 1325 253 1364 aut
285 1322 596 1364 concessionem
646 1319 878 1363 litterarum
924 1319 1270 1363 dimissoriarium
1321 1319 1370 1362 de
1406 1319 1604 1362 industria
1654 1321 1690 1362 in
1727 1319 1762 1362 id

133 1395 297 1447 tempus
329 1391 521 1434 differant
543 1406 565 1432 ))
604 1390 850 1443 (dummodo
885 1391 922 1434 id
958 1395 1129 1434 externe
1172 1390 1315 1433 saltem
1351 1404 1401 1433 ex
1445 1391 1767 1433 circumstantiis

135 1462 342 1517 pandatur
374 1467 414 1506 et
446 1464 505 1506 sic
538 1462 736 1506 delictum
770 1461 1010 1519 constituat)
1049 1478 1071 1503 α
1093 1475 1175 1519 quo
1199 1461 1427 1517 Episcopus
1454 1460 1516 1504 vel
1551 1460 1767 1504 abfuturus

136 1532 200 1576 vel
234 1532 370 1576 nullas
404 1532 620 1576 habiturus
653 1536 704 1576 sit
727 1533 1009 1576 ordinationes
1032 1548 1073 1586 »,
1106 1533 1146 1588 a)
1170 1531 1357 1575 subditos
1390 1545 1486 1575 suos
1511 1530 1552 1588 b)
1587 1530 1642 1574 acl
1663 1530 1763 1589 Epi-

133 1617 301 1661 scopum
333 1603 533 1658 aliemcm,
553 1604 738 1648 scilicet:
765 1603 873 1662 (can.
896 1603 999 1660 965)
1037 1604 1292 1654 «dioecesis,
1314 1606 1350 1645 in
1386 1615 1467 1660 qua
1491 1616 1569 1645 non
1605 1605 1679 1646 sita
1706 1608 1766 1646 est

75 1689 78 1693 ·
132 1675 281 1719 domus
314 1674 521 1731 religiosa,
555 1675 605 1718 ad
641 1674 977 1718 cuiusfamiliam
1003 1677 1179 1731 pertinet
1202 1674 1520 1726 ordinandus»,
1555 1674 1664 1717 unde
1689 1673 1765 1718 lioc

134 1748 379 1803 requisitum
412 1746 541 1800 deest,
572 1746 737 1803 quando
776 1762 797 1787 «
820 1747 1065 1802 Superiores
1089 1745 1270 1801 religiosi
1296 1748 1333 1787 in
1361 1745 1547 1788 fraudem
1573 1744 1763 1801 Episcopi

131 1816 412 1860 dioecesani»
453 1815 519 1860 ubi
553 1821 641 1860 erat
675 1819 801 1873 prius,
840 1815 1096 1859 «subditum
1131 1815 1406 1859 ordinandum
1442 1815 1492 1859 ad
1527 1814 1648 1858 aliam
1671 1815 1763 1858 reli·

131 1889 290 1943 giosam
322 1887 493 1931 domum
529 1889 730 1930 mittant»
770 1889 953 1943 praevie,
989 1892 1031 1930 ut
1063 1889 1100 1929 in
1130 1888 1302 1929 vei-itate
1323 1886 1372 1929 ad
1410 1885 1531 1929 liuius
1564 1885 1762 1929 familiam

131 1960 334 2015 pertineat
369 1963 594 2016 posteaque
627 1958 856 2011 ordinetur,
891 1961 1084 2015 quamvis
1119 1962 1290 2014 peccent
1322 1962 1465 2000 contra
1489 1969 1577 2000 can.
1614 1957 1695 1999 967
1718 1958 1759 2008 ²3

129 2029 200 2073 sed
235 2029 285 2073 ad
321 2030 618 2073 incurrendam
651 2028 975 2086 subsequentem
1011 2041 1200 2085 poenam,
1224 2041 1392 2072 necesse
1425 2034 1500 2081 est,
1538 2032 1579 2070 ut
1602 2026 1763 2070 duabus

130 2113 224 2144 cum
259 2099 677 2144 determinationibus
710 2100 751 2156 a)
784 2105 823 2143 et
858 2099 900 2156 b)
934 2098 1196 2142 ordinandos
1229 2097 1268 2155 c)
1307 2098 1537 2150 remittere,
1569 2099 1763 2155 quamtis

129 2170 401 2215 ordinationis
434 2171 625 2215 eflectum
660 2184 738 2214 non
774 2175 1098 2228 consequantur,
1121 2168 1559 2228 d)praesumpserinl,
1579 2181 1678 2224 ergo
1711 2167 1761 2211 ad

129 2255 317 2286 normam
352 2255 444 2287 can.
479 2243 608 2298 2229,
641 2245 666 2297 ᾖ
700 2243 738 2296 2,
775 2247 943 2299 propter
975 2241 1229 2298 explicatum
1277 2240 1473 2284 delictum
1519 2239 1610 2297 ipso
1649 2238 1762 2296 facto

129 2313 322 2370 suspensi
354 2319 544 2372 sum'per
568 2327 762 2367 mensem,
786 2326 915 2370 poena
936 2315 1061 2369 igitur
1088 2312 1340 2355 vindicativa
1364 2323 1453 2354 can.
1480 2310 1606 2364 2286,
1631 2311 1760 2365 2298,

129 2382 188 2438 2⁰,
223 2397 249 2426 α
281 2383 440 2427 Missae
473 2384 753 2427 celebratione
787 2383 1088 2427 tantummodo.

249 2454 346 2499 257.
382 2457 693 2513 Recipientes
727 2457 1042 2501 candidatum
1067 2469 1163 2500 non
1196 2456 1424 2500 idoneum
1448 2454 1524 2498 vel
1559 2454 1664 2498 sine
1687 2453 1758 2497 lit-

127 2527 248 2571 teris
270 2528 702 2573 testimonialibus.
721 2549 774 2557 —
794 2525 968 2569 Easdem
991 2537 1187 2582 personas
1209 2537 1256 2568 ac
1281 2523 1545 2581 praecedens,
1569 2522 1638 2565 sed
1664 2535 1758 2565 cnm

247 2654 257 2675 ¹
286 2653 384 2688 Vide
411 2654 643 2689 citationem
670 2655 717 2689 ad
743 2666 831 2700 pag.
860 2654 930 2688 322
958 2654 998 2688 in
1026 2658 1133 2688 nota.

246 2700 260 2723 ²
287 2700 379 2736 Can.
404 2701 485 2737 967.
513 2702 689 2737 Caveant
731 2702 961 2747 Superiores
1000 2701 1175 2746 religiosi
1214 2712 1262 2734 ne
1290 2701 1329 2734 in
1369 2699 1543 2733 fraudem
1575 2697 1758 2741 Episcopi

128 2746 348 2782 dioecesani
387 2748 594 2783 subditum
632 2749 896 2784 ordinandum
923 2749 970 2782 ad
996 2749 1114 2782 aliam
1140 2747 1363 2793 religiosam
1392 2747 1548 2781 domum
1575 2745 1756 2787 mittent,

126 2798 192 2828 aut
217 2796 509 2830 concessionem
547 2796 773 2831 litterarum
811 2796 1121 2830 dimissoriarum
1160 2795 1206 2829 de
1233 2794 1430 2829 industria
1469 2794 1509 2826 in
1538 2791 1574 2825 id
1603 2796 1757 2834 tempus

126 2841 324 2887 differant,
355 2855 432 2888 quo
460 2843 677 2889 Episcopus
703 2844 766 2879 vel
793 2843 1012 2887 absmarus,
1042 2843 1105 2877 vel
1132 2843 1263 2876 nullas
1289 2842 1498 2875 habiturus
1529 2839 1577 2873 sit
1606 2838 1758 2872 ordina-

126 2889 268 2924 tiones.
868 2906 873 2909 ·
