1950 3313
127 133 197 168 258
498 131 584 165 LIB.
605 131 650 164 V.
672 150 684 156 -
703 131 814 165 PARS
831 131 902 164 III.
925 151 938 156 -
956 130 1013 165 De
1025 133 1163 175 poenis
1181 133 1224 166 in
1241 132 1382 167 delicta
1418 131 1525 172 Can.
1551 131 1757 192 23:353-2354
1780 141 1784 145 ⁴

127 252 271 296 lierem
302 264 425 307 supra
460 249 712 293 declaratam
746 249 924 292 minoris
956 249 1124 303 aetatis,
1159 263 1308 306 nempe
1336 266 1358 291 «
1381 250 1482 294 infra
1511 252 1753 295 vicesimum

129 326 306 380 primum
351 335 504 365 anuum
549 320 805 376 expletum»
843 323 954 364 iuxta
998 323 1023 375 ἓ
1067 321 1133 375 1¹¹¹,
1176 327 1284 365 can.⁸
1318 321 1385 378 88,
1429 323 1589 365 etiamsi
1629 321 1751 366 aliam

127 405 361 437 mensuram
397 391 459 435 lex
495 391 630 435 civilis
652 396 818 445 statuat,
841 390 1165 434 consentientem
1190 390 1356 449 quidem
1381 393 1418 434 in
1443 390 1750 447 abductionem,

126 476 230 521 quae
265 462 436 519 proinde
471 475 548 505 non
584 466 641 504 est
677 463 751 505 nisi
787 466 1036 518 apparenter
1072 461 1249 505 violenta
1281 467 1350 506 aut
1383 461 1540 516 dolosa7
1572 462 1645 505 sed
1672 463 1749 507 hoc

125 538 328 592 quatenus
360 534 404 576 tit
438 532 504 576 illa
538 532 684 575 insciis
717 531 779 575 vel
811 531 1192 575 contradicentibus
1225 532 1291 590 (ac
1314 533 1560 577 alterutrum
1583 534 1751 591 sufficit)

121 603 369 663 parentibus
402 608 477 646 aut
511 602 730 659 tutoribus,
764 605 882 661 queis
916 617 988 659 pro
1020 603 1262 647 diversitate
1294 617 1465 647 casuum
1489 603 1748 648 subiiciatur.

246 674 378 717 Poena
416 687 513 717 vero
546 676 605 717 sic
638 676 888 717 enuntiatur.
921 672 1019 716 Tan]
1064 673 1298 717 declaratus
1333 679 1484 731 raptor,
1518 687 1643 732 quam
1680 690 1700 715 <r
1727 676 1750 717 ii

126 758 290 803 quoque
324 745 375 788 de
409 744 559 801 quibus
593 746 631 787 in
665 757 755 789 can.
791 744 902 787 2209
937 746 989 798 §g
1024 744 1061 797 l,
1096 746 1179 799 3‚...
1213 747 1244 787 si
1281 744 1418 801 plures
1460 745 1510 788 ad
1556 744 1750 788 delictum

126 815 359 873 (quodlibet
393 818 431 858 in
467 828 625 859 canone
649 814 911 872 expressum)
938 815 1257 871 perpetrandum
1283 818 1570 859 concurrerint
1592 832 1612 857 »
1641 816 1748 869 (can.

129 886 275 944 2231),
311 889 596 945 unusquisque
629 886 719 944 ipso
753 885 847 928 iure
878 885 1071 928 exclusus
1104 891 1164 929 est
1187 899 1235 929 ac
1259 885 1463 929 habeatur
1486 889 1524 929 in
1551 888 1638 930 toro
1656 900 1754 944 quo-

126 971 206 1016 que
239 963 410 1001 externo
444 957 495 1001 ob
529 957 667 1001 delicti
702 962 890 1000 naturam
926 955 976 999 ab
1019 955 1178 999 aclibus
1212 956 1414 1013 leqitimt's
1446 957 1753 1012 ecclesiasticis,

125 1031 194 1087 qui
226 1028 303 1073 sub
337 1028 396 1072 n.⁰
431 1029 488 1077 2⁰,
523 1034 629 1073 can.⁸
663 1028 775 1070 2256
812 1032 1092 1083 recensentur,
1126 1032 1166 1070 et
1198 1027 1372 1085 insuper
1403 1041 1474 1071 seu
1499 1028 1754 1072 cumulative

128 1113 220 1143 cum
257 1112 388 1157 poena
422 1099 488 1143 illa
526 1099 780 1142 vindicativa
815 1098 921 1142 latae
953 1101 1182 1142 sententiae
1214 1097 1315 1142 aliis
1341 1099 1491 1156 poenis
1529 1112 1579 1142 ex
1622 1100 1753 1143 vindi-

127 1173 275 1215 cativis
310 1171 369 1214 vel
406 1169 721 1214 medicinalibus
751 1183 829 1228 pro
859 1170 1073 1227 qravz'tate
1105 1169 1253 1227 culpae
1278 1170 1557 1214 dimetiendae
1589 1184 1640 1214 ex
1678 1173 1755 1214 cir-

128 1244 387 1285 cumstantiis
419 1241 679 1298 singulorum
713 1253 884 1284 casuum
916 1240 1141 1297 plectatur.
1178 1240 1311 1284 Poena
1344 1241 1539 1298 equidem
1578 1241 1755 1285 indeter-

132 1315 281 1356 minata
315 1313 424 1370 (can.
460 1313 589 1364 2217,
622 1315 646 1366 g
681 1313 716 1367 1,
756 1312 828 1369 1⁰),
861 1312 931 1355 sed
973 1331 987 1351 «
1016 1311 1081 1355 lex
1108 1309 1243 1355 'utitur
1268 1311 1407 1356 verbis
1432 1314 1707 1369 praeceptivis
1728 1328 1751 1354 »

130 1383 237 1441 (can.
272 1383 384 1427 2223
419 1389 445 1438 g
478 1383 534 1441 3).

251 1455 346 1497 196.
384 1456 455 1500 De
487 1457 675 1501 iniuriis
708 1458 757 1500 et
788 1456 969 1500 damno
1001 1456 1120 1499 dato
1152 1457 1213 1497 est
1246 1452 1411 1497 rubrica
1435 1455 1494 1497 tit.
1520 1453 1573 1496 36
1596 1452 1698 1497 Lib.¹
1726 1452 1754 1495 V

133 1526 422 1570 Decretalium.
459 1525 610 1568 lniuria
644 1528 682 1568 in
716 1538 869 1581 genere
902 1529 962 1568 est
1008 1524 1091 1568 «id
1133 1524 1241 1581 quod
1286 1524 1330 1567 fit
1373 1529 1514 1567 contra
1559 1526 1754 1567 iustitiam

130 1598 474 1641 commutativam
499 1612 539 1640 ».
575 1596 799 1652 Praecipua
839 1595 988 1638 divisio
1031 1599 1105 1649 est,
1148 1599 1191 1638 ut
1232 1594 1311 1638 alia
1354 1597 1406 1638 sit
1452 1594 1642 1649 verbalis,
1677 1594 1756 1638 alia

132 1667 252 1711 realis
277 1667 304 1708 ².
343 1666 527 1711 Verbalis
562 1669 709 1709 iniuria
750 1667 935 1718 infertur,
979 1666 1145 1723 quando
1187 1679 1260 1722 per
1307 1665 1430 1709 verba
1475 1665 1753 1720 detractionis,

128 1738 362 1782 calumniae
397 1738 461 1781 vel
497 1737 797 1782 contumeliosa
830 1738 940 1780 fama
976 1737 1038 1780 vel
1074 1736 1205 1780 honor
1242 1736 1412 1780 alterius
1455 1736 1644 1780 laeditur.
1689 1737 1750 1780 Ad

130 1809 236 1854 hanc
270 1810 483 1853 reducitur
516 1812 639 1853 etiam
676 1808 839 1852 libellus
871 1821 942 1852 seu
976 1820 1144 1852 carmen
1189 1809 1406 1851 famosum.
1440 1799 1592 1851 iniuria
1635 1807 1758 1851 realis

131 1881 282 1924 (licitur
315 1893 375 1935 ea,
410 1893 516 1938 quae
551 1879 689 1937 aliquo
725 1880 831 1923 facto
866 1879 1055 1929 infertur,
1090 1878 1441 1936 quemadmodum
1476 1880 1508 1922 si
1540 1880 1632 1935 quis
1666 1892 1756 1934 per-

131 1964 273 1995 sonam
305 1951 606 2008 aggrederetur
643 1950 704 1993 vel
741 1954 975 2007 percuteret
1008 1949 1137 2006 alapis
1169 1954 1239 1993 aut
1274 1948 1533 2003 verberibus,
1569 1948 1633 1992 vel
1673 1951 1756 1992 vio·

133 2022 264 2066 lenter
296 2022 472 2065 alienam
507 2021 677 2065 domum
712 2023 911 2076 introiret,
949 2020 1010 2064 vel
1045 2020 1156 2064 aliud
1199 2025 1342 2076 ageret
1382 2021 1420 2063 in
1464 2019 1757 2063 contumeliam
1803 2072 1807 2073 ⁷

136 2098 176 2137 et
208 2095 246 2136 in
281 2097 564 2149 contemptum
600 2093 795 2136 alienum.

253 2164 295 2207 ln
331 2163 497 2207 rubrica
531 2165 697 2206 nomine
730 2163 870 2206 damni
905 2162 1148 2219 intelligitur
1191 2161 1308 2215 illud,
1352 2161 1461 2219 quod
1506 2163 1600 2219 quis
1641 2160 1758 2205 alteri

135 2236 256 2279 infert
288 2234 443 2292 absque
479 2236 645 2291 proprio
678 2234 897 2277 commodo
935 2233 997 2277 vel
1023 2233 1211 2277 utilitate.
1235 2232 1310 2276 Ex.
1335 2246 1395 2289 gr.
1420 2234 1451 2275 si
1476 2234 1568 2289 quis
1590 2232 1758 2276 domum

116 2305 312 2373 ‘alienam
350 2305 556 2357 incendat,
594 2309 727 2348 vestes
761 2304 926 2359 laceret,
960 2308 1039 2349 eto.
1072 2302 1208 2348 Codex
1244 2303 1394 2347 delicta
1433 2305 1692 2346 iniuriarium
1722 2305 1762 2346 in

135 2389 288 2433 genere
309 2375 470 2432 plenius
488 2375 738 2429 considerat,
757 2376 931 2431 puniens
949 2387 1011 2429 ea,
1033 2376 1065 2417 si
1089 2373 1283 2428 verbalia,
1311 2375 1348 2416 in
1372 2385 1462 2417 can.
1481 2372 1761 2430 subsequenti,

132 2452 256 2504 atque
289 2447 524 2490 σαη.2354
556 2445 687 2489 reales
719 2446 891 2488 iniurias
922 2446 1090 2501 respicit
1110 2443 1187 2487 sub
1208 2444 1470 2488 distinctione
1488 2443 1764 2501 delinquentis

135 2520 173 2560 in
208 2516 372 2561 duobus
407 2515 690 2573 paragraphis.

250 2587 278 2646 ξ
310 2591 346 2632 1.
380 2586 548 2642 Latous,
583 2592 703 2644 prout
741 2603 763 2628 «
785 2589 825 2629 in
858 2586 1043 2630 Ecclesia
1087 2598 1108 2629 a
1153 2585 1316 2629 clericis
1358 2585 1575 2629 distinctus
1597 2600 1618 2626 ›>
1653 2584 1760 2641 (can.

137 2660 249 2714 107),
282 2661 372 2702 sive
407 2660 469 2701 vir
501 2660 591 2701 sive
625 2657 786 2712 mulier,
822 2656 893 2715 qui
924 2655 1058 2714 fuerit
1090 2655 1276 2714 leyt‘time
1309 2656 1434 2699 idest:
1477 2668 1499 2699 a
1542 2655 1653 2699 civili
1695 2657 1763 2698 tri-

139 2729 278 2773 bunali
312 2730 562 2785 competenti
597 2732 720 2785 atque
754 2731 866 2772 iuxta
901 2727 1013 2784 leges
1036 2728 1360 2783 uniuscuiusque
1384 2727 1573 2781 nationis,
1598 2739 1675 2768 non
1699 2738 1761 2768 so·

139 2883 161 2905 O
204 2882 225 2916 5
257 2836 268 2857 1
296 2834 423 2869 Santi.
453 2834 746 2868 Praelectiones
773 2833 876 2867 Iuris
902 2832 1090 2867 canonici.
1119 2832 1204 2866 Lib.
1225 2832 1271 2873 V,
1292 2832 1357 2867 tit.
1386 2830 1572 2872 XXXVI,
1598 2841 1702 2865 num.
1738 2831 1763 2871 t,

141 2904 174 2923 Η,
230 2908 237 2916 .
