1950 3313
182 167 227 200 22
856 162 1135 196 INTRODUCTm

181 287 388 341 Principes
420 283 510 340 (seu
544 282 593 326 ad
630 280 839 325 Ecclesiae
874 280 1109 337 Pastores);
1145 280 1224 324 alia
1257 293 1364 338 quae
1400 282 1550 324 retinet
1589 294 1812 325 commune

181 369 328 400 nomen
365 354 567 411 politicae,
602 365 708 410 quae
742 356 801 395 est
834 353 945 395 circa
977 351 1218 408 singularia.
1240 350 1489 395 Huiusmodi
1516 356 1653 395 autem
1677 354 1815 408 singu-

180 427 277 470 laria
314 437 527 482 peragere,
563 425 740 480 pertinet
773 424 898 465 etiam
931 421 979 465 ad
1015 421 1217 465 subditos.
1251 421 1360 478 Ergo
1396 422 1617 478 prudentia
1652 421 1721 480 (ad
1747 421 1814 466 bo·

178 511 276 541 num
311 508 532 540 commune
567 492 773 550 ordinata)
809 506 887 535 non
922 497 983 536 est
1015 492 1148 536 solum
1185 492 1435 549 Principum,
1470 493 1542 536 sed
1568 495 1691 536 etiam
1715 492 1812 537 sub-

178 569 357 611 ditorum
386 582 403 608 n
441 572 530 622 <seu
564 563 765 613 fidelium,
798 565 866 621 qui
902 563 1076 620 proinde
1094 577 1145 606 ss.
1166 575 1344 607 canones
1362 576 1613 620 cognoscere
1646 563 1811 613 debent.

182 644 222 682 ut
257 639 362 681 infra
396 637 589 681 diceturl.

300 709 363 752 13.
386 710 648 755 Distinctio
667 711 793 755 inter
811 710 932 754 luris
951 710 1173 754 canonici
1192 710 1503 765 disciplinam
1527 711 1575 754 et
1593 708 1641 754 S.
1654 709 1813 753 Theo·

178 783 377 838 logiam.
396 806 448 810 —
473 778 642 822 Videtur
675 780 783 836 quod
806 781 868 822 ius
887 780 1133 822 canonicum
1167 790 1189 821 a
1212 790 1329 822 sacra
1352 777 1601 834 Theologiae
1625 777 1811 821 doctrina

178 865 257 895 non
292 851 467 894 differat.
503 849 606 893 Nam
640 850 796 893 eisdem
831 850 869 893 S.
904 849 1154 906 Theologiae
1188 849 1289 893 locis
1315 848 1535 892 videlicet:
1570 848 1607 893 S.
1633 848 1814 905 Scriptu-

178 935 258 967 rae.
304 921 564 973 Traditionis,
612 923 869 964 auctoritatis
901 921 940 964 S.
976 920 1119 963 Pontis.
1153 934 1200 963 ac
1233 918 1512 964 Conciliorum
1546 919 1811 963 Sanctorum-

177 1006 257 1051 que
292 992 471 1040 Patrum‚
510 987 773 1035 utitur'iuris
806 993 993 1035 canonici
1029 991 1230 1045 doctriua,
1256 995 1380 1048 atque
1404 989 1454 1033 de
1474 989 1658 1033 fidelium
1684 992 1808 1033 actio-

177 1064 297 1108 nibus
332 1066 369 1106 in
409 1066 534 1106 vitam
570 1068 782 1106 aeternam
818 1062 1048 1119 dirigendis
1093 1067 1267 1120 utraque
1305 1063 1401 1118 agit.
1439 1061 1553 1105 Unde
1599 1060 1811 1118 Pignatelli

177 1136 275 1179 dicit
297 1135 337 1174 ¹:
377 1150 397 1175 «
422 1134 489 1177 Est
524 1136 635 1177 enim
672 1136 734 1177 ius
767 1136 1012 1177 canonicum
1060 1135 1192 1189 portio
1225 1132 1430 1189 quaedam
1456 1131 1731 1188 theologiae...
1764 1131 1811 1175 Et

177 1205 361 1263 partialis
379 1205 583 1263 quaedam
605 1205 812 1261 theologia
831 1217 937 1262 quae
958 1207 1139 1261 practica
1163 1209 1335 1247 vocatur
1360 1220 1378 1244 »
1430 1203 1479 1246 Et
1501 1202 1621 1247 Card.
1647 1201 1809 1248 Ostien-

177 1279 258 1320 sis:
299 1292 320 1317 ((
342 1275 456 1320 Haec
490 1281 628 1319 nostra
665 1275 728 1318 lex
763 1277 852 1318 sive
876 1277 1047 1318 scientia
1074 1279 1204 1331 potest
1227 1276 1494 1317 scientiarum
1520 1275 1690 1317 scientia
1713 1286 1812 1316 nun·

178 1350 319 1405 cupari
340 1364 387 1401 »3
422 1347 530 1404 quod
566 1348 719 1390 Sacrae
753 1347 966 1390 doctrinae
999 1348 1210 1402 competit.

293 1418 371 1462 Sed
421 1422 563 1462 contra
613 1423 686 1468 est,
720 1417 828 1475 quod
865 1419 902 1459 in
951 1416 1061 1460 Couc
1114 1415 1264 1459 Τνῑᾰ.2
1314 1416 1364 1459 de
1416 1415 1717 1472 promovendis
1760 1415 1809 1458 ad

176 1489 382 1534 Ecclesias
415 1488 599 1532 cathedr.
635 1489 815 1532 dicitur:
856 1503 876 1528 (c
900 1493 1019 1531 antea
1055 1490 1091 1530 iu
1138 1489 1409 1530 universitate
1453 1486 1686 1529 studiorum
1728 1499 1810 1528 ma-

176 1564 315 1618 gister.
364 1562 453 1603 sive
503 1560 662 1612 doctor,
695 1564 764 1603 aut
810 1559 1044 1602 licentiatus
1089 1561 1126 1601 iu
1180 1571 1297 1601 sacra
1338 1557 1559 1613 theologia,
1616 1556 1676 1600 vel
1723 1559 1811 1600 iure

176 1633 390 1681 canonico,
441 1632 587 1674 merito
634 1633 683 1673 sit
720 1634 975 1686 promotus...
1002 1645 1038 1673 )).
1075 1628 1182 1685 Ergo
1229 1633 1323 1671 sunt
1361 1628 1575 1671 doctrinae
1620 1627 1811 1670 diversae

178 1715 205 1745 s,
245 1697 523 1757 theologia'et
561 1702 622 1744 ius
661 1702 922 1745 canonicum.

296 1772 541 1828 Respoudeo
575 1771 813 1821 dicendum,
838 1771 946 1828 quod
1050 1787 1071 1811 ((
1095 1768 1247 1815 Omnia
1274 1774 1579 1827 pertractantur
1613 1771 1650 1811 in
1691 1781 1807 1811 sacra

177 1843 365 1886 doctrina
397 1841 682 1899 (Theologiae)
717 1842 793 1886 sub
840 1844 996 1885 ratione
1042 1841 1142 1891 Dei;
1181 1841 1242 1884 vel
1288 1843 1385 1898 quia
1415 1845 1508 1883 sunt
1554 1842 1639 1896 ipse
1673 1838 1808 1892 Deus,

179 1914 244 1958 vel
292 1916 388 1972 quia
430 1913 581 1957 habent
625 1913 815 1957 ordinem
849 1913 898 1956 ad
951 1912 1098 1967 Deum,
1135 1918 1176 1955 ut
1215 1912 1265 1956 ad
1307 1914 1554 1968 principium
1589 1916 1628 1954 et
1672 1912 1809 1953 tinem.

178 1984 294 2029 Unde
327 1987 514 2042 sequitur
547 1985 656 2042 quod
693 1983 802 2028 Deus
839 1997 935 2027 vere
970 1986 1020 2026 sit
1054 1983 1287 2027 subiectum
1313 1983 1434 2026 huius
1456 1984 1665 2026 scientiae.
1689 1980 1808 2036 Quod

178 2058 301 2099 etiam
337 2056 598 2098 manifestum
634 2056 676 2098 tit
711 2068 760 2098 ex
798 2056 1012 2111 principiis
1046 2054 1168 2097 huius
1200 2055 1412 2105 scientiae,
1447 2065 1553 2111 quae
1586 2056 1681 2095 sunt
1713 2053 1809 2094 arti-

179 2126 258 2170 culi
294 2126 388 2169 tidei
424 2138 529 2183 quae
563 2131 620 2169 est
657 2126 707 2169 de
740 2125 837 2169 Deo.
873 2125 986 2168 ldem
1006 2130 1144 2168 autem
1164 2130 1223 2168 est
1241 2124 1474 2168 subiectum
1496 2124 1808 2180 principiorum,

179 2201 217 2240 et
251 2198 374 2239 totius
406 2198 630 2240 scientiae:
666 2209 760 2240 cum
798 2200 879 2239 tota
912 2198 1084 2239 scientia
1123 2197 1274 2238 virtute
1308 2196 1568 2238 contineatur
1601 2196 1638 2236 in
1665 2194 1811 2250 princi-

180 2269 318 2324 piis».
353 2267 455 2310 luris
492 2280 588 2310 vero
621 2269 810 2310 canonici
846 2267 1034 2310 doctri-na
1070 2270 1292 2323 pertractat
1327 2265 1378 2308 de
1413 2264 1660 2308 rectitudine
1684 2274 1807 2320 quam

178 2338 329 2382 debent
365 2338 549 2382 lidelium
584 2343 700 2381 actus
735 2337 922 2392 induere,
957 2339 1071 2380 iuxta
1094 2337 1253 2380 Summi
1277 2335 1489 2380 Ecclesiae
1515 2335 1691 2379 Pastoris
1716 2348 1810 2391 pru-

177 2409 374 2462 dentiam,
408 2421 514 2466 quae
539 2410 706 2464 respicit
742 2408 980 2451 immediate
1003 2412 1170 2451 actuum
1197 2407 1385 2450 ordinem
1409 2407 1459 2450 ad
1482 2405 1664 2449 fidelium
1690 2417 1806 2448 sanc-

176 2481 443 2523 titicationem
478 2478 686 2522 socialiter
719 2478 1036 2536 assequendam.
1073 2478 1242 2533 lnsuper
1267 2479 1328 2520 ius
1361 2479 1606 2520 canonicum
1643 2477 1806 2532 proprie

175 2550 333 2594 dictum
368 2562 447 2592 non
482 2550 604 2593 datur
637 2550 687 2592 de
724 2549 784 2592 his
817 2562 923 2606 quae
957 2563 1028 2605 per
1061 2549 1247 2597 divinam
1284 2548 1579 2591 revelationem
1616 2548 1693 2590 iam
1714 2550 1809 2589 sunt

176 2621 466 2669 determinata,
503 2620 564 2663 vel
601 2622 834 2663 necessario
871 2622 1040 2663 rationis
1074 2632 1182 2662 nexu
1215 2632 1401 2670 connexa
1436 2631 1529 2662 cum
1565 2617 1659 2660 tidei
1698 2618 1806 2660 veri-

179 2690 342 2734 tatibus.
378 2691 574 2747 Sequitur
607 2703 705 2746 ergo
738 2689 847 2747 quod
884 2691 984 2733 iuris
1006 2691 1194 2733 canonici
1218 2689 1404 2732 doctrina
1432 2687 1551 2731 valde
1574 2690 1669 2730 sita
1687 2699 1804 2730 sacra

300 2867 310 2888 1
338 2866 381 2900 T.
421 2868 449 2899 1.
486 2866 663 2900 Consult.
696 2866 786 2900 Can.
815 2865 982 2900 consult.
1011 2866 1067 2909 14,
1096 2854 1135 2899 n.
1162 2866 1214 2899 11.
1243 2886 1285 2890 —
1325 2867 1338 2886 ”-’
1366 2864 1466 2899 Sess.
1496 2864 1627 2907 XXII,
1656 2875 1685 2897 c.
1712 2864 1733 2896 ⁴2
1759 2862 1805 2897 de

178 2913 263 2947 Rex.
295 2934 333 2938 —
362 2914 375 2935 ³
403 2913 446 2947 D.
475 2912 544 2947 Th.
572 2925 605 2958 q.
633 2913 662 2947 I.
693 2925 726 2947 a.
757 2914 790 2948 7.
819 2924 920 2958 corp.
