<?xml version="1.0" encoding="UTF-8"?>
<!DOCTYPE html PUBLIC "-//W3C//DTD XHTML 1.0 Transitional//EN"
    "http://www.w3.org/TR/xhtml1/DTD/xhtml1-transitional.dtd">
<html xmlns="http://www.w3.org/1999/xhtml" xml:lang="en" lang="en">
 <head>
  <title>
</title>
<meta http-equiv="Content-Type" content="text/html;charset=utf-8" />
  <meta name='ocr-system' content='tesseract 3.04.00' />
  <meta name='ocr-capabilities' content='ocr_page ocr_carea ocr_par ocr_line ocrx_word'/>
</head>
<body>
  <div class='ocr_page' id='page_1' title='image "./commentariumtext01blatuoft_0208.png"; bbox 0 0 1950 3313; ppageno 0'>
   <div class='ocr_carea' id='block_1_1' title="bbox 740 534 1261 613">
    <p class='ocr_par' dir='ltr' id='par_1_1' title="bbox 740 534 1261 613">
     <span class='ocr_line' id='line_1_1' title="bbox 740 534 1261 613; baseline 0.004 -2"><span class='ocrx_word' id='word_1_1' title='bbox 740 563 930 612; x_wconf 81' lang='lat' dir='ltr'>PARS</span> <span class='ocrx_word' id='word_1_2' title='bbox 970 534 1261 613; x_wconf 73' lang='lat' dir='ltr'><strong>TERTIA.</strong></span> 
     </span>
    </p>
   </div>
   <div class='ocr_carea' id='block_1_2' title="bbox 453 683 1543 760">
    <p class='ocr_par' dir='ltr' id='par_1_2' title="bbox 453 683 1543 760">
     <span class='ocr_line' id='line_1_2' title="bbox 453 683 1543 760; baseline 0.003 -16"><span class='ocrx_word' id='word_1_3' title='bbox 453 683 554 744; x_wconf 87' lang='lat' dir='ltr'><strong>De</strong></span> <span class='ocrx_word' id='word_1_4' title='bbox 599 687 827 760; x_wconf 87' lang='lat' dir='ltr'><strong>poenis</strong></span> <span class='ocrx_word' id='word_1_5' title='bbox 873 687 938 745; x_wconf 90' lang='lat' dir='ltr'><strong>in</strong></span> <span class='ocrx_word' id='word_1_6' title='bbox 984 686 1237 760; x_wconf 82' lang='lat' dir='ltr'><strong>singula</strong></span> <span class='ocrx_word' id='word_1_7' title='bbox 1282 686 1543 748; x_wconf 81' lang='lat' dir='ltr'><strong>delicta.</strong></span> 
     </span>
    </p>
   </div>
   <div class='ocr_carea' id='block_1_3' title="bbox 165 918 1851 2953">
    <p class='ocr_par' dir='ltr' id='par_1_3' title="bbox 165 918 1851 2953">
     <span class='ocr_line' id='line_1_3' title="bbox 300 918 1814 975; baseline 0 -14"><span class='ocrx_word' id='word_1_8' title='bbox 300 918 397 961; x_wconf 78' lang='lat'><strong>149.</strong></span> <span class='ocrx_word' id='word_1_9' title='bbox 424 920 680 975; x_wconf 81' lang='lat' dir='ltr'><strong>Inscriptio</strong></span> <span class='ocrx_word' id='word_1_10' title='bbox 702 919 864 964; x_wconf 84' lang='lat' dir='ltr'><strong>Partis</strong></span> <span class='ocrx_word' id='word_1_11' title='bbox 887 920 1091 975; x_wconf 89' lang='lat' dir='ltr'><strong>eiusque</strong></span> <span class='ocrx_word' id='word_1_12' title='bbox 1114 920 1160 963; x_wconf 83' lang='lat' dir='ltr'><strong>in</strong></span> <span class='ocrx_word' id='word_1_13' title='bbox 1184 920 1354 965; x_wconf 85' lang='lat' dir='ltr'><strong>titulos</strong></span> <span class='ocrx_word' id='word_1_14' title='bbox 1377 921 1675 965; x_wconf 84' lang='lat' dir='ltr'><strong>distributio.</strong></span> <span class='ocrx_word' id='word_1_15' title='bbox 1694 944 1746 949; x_wconf 94' lang='lat'><strong>—</strong></span> <span class='ocrx_word' id='word_1_16' title='bbox 1773 918 1814 961; x_wconf 96' lang='lat' dir='ltr'><strong>In</strong></span> 
     </span>
     <span class='ocr_line' id='line_1_4' title="bbox 179 987 1815 1046; baseline -0.001 -13"><span class='ocrx_word' id='word_1_17' title='bbox 179 989 289 1033; x_wconf 88' lang='lat' dir='ltr'><strong>Libri</strong></span> <span class='ocrx_word' id='word_1_18' title='bbox 327 988 355 1031; x_wconf 90' lang='lat' dir='ltr'>V</span> <span class='ocrx_word' id='word_1_19' title='bbox 390 989 695 1032; x_wconf 77' lang='lat' dir='ltr'><strong>introductione</strong></span> <span class='ocrx_word' id='word_1_20' title='bbox 728 990 804 1032; x_wconf 91' lang='lat' dir='ltr'><strong>fuit</strong></span> <span class='ocrx_word' id='word_1_21' title='bbox 839 987 1095 1032; x_wconf 88' lang='lat' dir='ltr'><strong>declaratum</strong></span> <span class='ocrx_word' id='word_1_22' title='bbox 1132 1002 1212 1046; x_wconf 87' lang='lat' dir='ltr'><strong>quo</strong></span> <span class='ocrx_word' id='word_1_23' title='bbox 1248 989 1369 1032; x_wconf 86' lang='lat' dir='ltr'><strong>modo</strong></span> <span class='ocrx_word' id='word_1_24' title='bbox 1403 994 1539 1032; x_wconf 88' lang='lat' dir='ltr'><strong>essent</strong></span> <span class='ocrx_word' id='word_1_25' title='bbox 1565 989 1815 1033; x_wconf 71' lang='lat' dir='ltr'><strong>correlativa</strong></span> 
     </span>
     <span class='ocr_line' id='line_1_5' title="bbox 178 1059 1816 1118; baseline 0 -14"><span class='ocrx_word' id='word_1_26' title='bbox 178 1061 379 1104; x_wconf 88' lang='lat' dir='ltr'><strong>delictum</strong></span> <span class='ocrx_word' id='word_1_27' title='bbox 424 1065 463 1103; x_wconf 93' lang='lat' dir='ltr'><strong>et</strong></span> <span class='ocrx_word' id='word_1_28' title='bbox 507 1072 651 1116; x_wconf 89' lang='lat' dir='ltr'><strong>poena.</strong></span> <span class='ocrx_word' id='word_1_29' title='bbox 698 1059 917 1118; x_wconf 88' lang='lat' dir='ltr'><strong>Postquam</strong></span> <span class='ocrx_word' id='word_1_30' title='bbox 968 1072 1068 1116; x_wconf 86' lang='lat' dir='ltr'><strong>ergo</strong></span> <span class='ocrx_word' id='word_1_31' title='bbox 1118 1059 1329 1115; x_wconf 85' lang='lat' dir='ltr'><strong>legislator</strong></span> <span class='ocrx_word' id='word_1_32' title='bbox 1372 1062 1410 1102; x_wconf 92' lang='lat' dir='ltr'><strong>in</strong></span> <span class='ocrx_word' id='word_1_33' title='bbox 1455 1059 1606 1104; x_wconf 80' lang='lat' dir='ltr'><strong>Codice</strong></span> <span class='ocrx_word' id='word_1_34' title='bbox 1648 1072 1816 1104; x_wconf 89' lang='lat' dir='ltr'><strong>normas</strong></span> 
     </span>
     <span class='ocr_line' id='line_1_6' title="bbox 179 1130 1814 1189; baseline -0.001 -14"><span class='ocrx_word' id='word_1_35' title='bbox 179 1132 305 1187; x_wconf 81' lang='lat' dir='ltr'><strong>(ledit,</strong></span> <span class='ocrx_word' id='word_1_36' title='bbox 325 1130 476 1189; x_wconf 87' lang='lat' dir='ltr'><strong>quibus</strong></span> <span class='ocrx_word' id='word_1_37' title='bbox 495 1135 696 1187; x_wconf 90' lang='lat' dir='ltr'><strong>reguntur</strong></span> <span class='ocrx_word' id='word_1_38' title='bbox 718 1135 804 1173; x_wconf 90' lang='lat' dir='ltr'><strong>tum</strong></span> <span class='ocrx_word' id='word_1_39' title='bbox 829 1130 979 1174; x_wconf 86' lang='lat' dir='ltr'><strong>delicta</strong></span> <span class='ocrx_word' id='word_1_40' title='bbox 998 1135 1083 1173; x_wconf 91' lang='lat' dir='ltr'><strong>tum</strong></span> <span class='ocrx_word' id='word_1_41' title='bbox 1106 1143 1262 1187; x_wconf 91' lang='lat' dir='ltr'><strong>poenae</strong></span> <span class='ocrx_word' id='word_1_42' title='bbox 1280 1130 1575 1174; x_wconf 90' lang='lat' dir='ltr'><strong>universaliter</strong></span> <span class='ocrx_word' id='word_1_43' title='bbox 1594 1131 1814 1188; x_wconf 86' lang='lat' dir='ltr'><strong>loquendo,</strong></span> 
     </span>
     <span class='ocr_line' id='line_1_7' title="bbox 180 1201 1811 1259; baseline -0.001 -13"><span class='ocrx_word' id='word_1_44' title='bbox 180 1203 257 1246; x_wconf 79' lang='lat' dir='ltr'><strong>liae</strong></span> <span class='ocrx_word' id='word_1_45' title='bbox 290 1215 391 1245; x_wconf 80' lang='lat' dir='ltr'><strong>vero</strong></span> <span class='ocrx_word' id='word_1_46' title='bbox 425 1206 510 1244; x_wconf 90' lang='lat' dir='ltr'><strong>tum</strong></span> <span class='ocrx_word' id='word_1_47' title='bbox 546 1203 584 1243; x_wconf 91' lang='lat' dir='ltr'><strong>in</strong></span> <span class='ocrx_word' id='word_1_48' title='bbox 619 1214 772 1257; x_wconf 87' lang='lat' dir='ltr'><strong>genere</strong></span> <span class='ocrx_word' id='word_1_49' title='bbox 816 1206 902 1244; x_wconf 91' lang='lat' dir='ltr'><strong>tum</strong></span> <span class='ocrx_word' id='word_1_50' title='bbox 949 1203 986 1244; x_wconf 92' lang='lat' dir='ltr'><strong>in</strong></span> <span class='ocrx_word' id='word_1_51' title='bbox 1029 1203 1168 1258; x_wconf 88' lang='lat' dir='ltr'><strong>specie</strong></span> <span class='ocrx_word' id='word_1_52' title='bbox 1207 1201 1507 1255; x_wconf 73' lang='lat' dir='ltr'><strong>consideratae,</strong></span> <span class='ocrx_word' id='word_1_53' title='bbox 1543 1203 1640 1259; x_wconf 87' lang='lat' dir='ltr'><strong>quin</strong></span> <span class='ocrx_word' id='word_1_54' title='bbox 1675 1206 1811 1245; x_wconf 88' lang='lat' dir='ltr'><strong>tamen</strong></span> 
     </span>
     <span class='ocr_line' id='line_1_8' title="bbox 175 1272 1813 1329; baseline -0.001 -13"><span class='ocrx_word' id='word_1_55' title='bbox 175 1276 387 1318; x_wconf 89' lang='lat' dir='ltr'><strong>omitteret</strong></span> <span class='ocrx_word' id='word_1_56' title='bbox 435 1277 709 1329; x_wconf 73' lang='lat' dir='ltr'><strong>opportunam</strong></span> <span class='ocrx_word' id='word_1_57' title='bbox 746 1274 827 1315; x_wconf 92' lang='lat' dir='ltr'><strong>imo</strong></span> <span class='ocrx_word' id='word_1_58' title='bbox 868 1273 1127 1329; x_wconf 82' lang='lat' dir='ltr'><strong>frequentem</strong></span> <span class='ocrx_word' id='word_1_59' title='bbox 1176 1272 1553 1316; x_wconf 83' lang='lat' dir='ltr'><strong>considerationem</strong></span> <span class='ocrx_word' id='word_1_60' title='bbox 1602 1272 1813 1315; x_wconf 83' lang='lat' dir='ltr'><strong>relationis</strong></span> 
     </span>
     <span class='ocr_line' id='line_1_9' title="bbox 179 1341 1814 1399; baseline -0.001 -13"><span class='ocrx_word' id='word_1_61' title='bbox 179 1346 285 1387; x_wconf 90' lang='lat' dir='ltr'><strong>inter</strong></span> <span class='ocrx_word' id='word_1_62' title='bbox 317 1343 467 1387; x_wconf 88' lang='lat' dir='ltr'><strong>delicta</strong></span> <span class='ocrx_word' id='word_1_63' title='bbox 501 1348 540 1386; x_wconf 92' lang='lat' dir='ltr'><strong>et</strong></span> <span class='ocrx_word' id='word_1_64' title='bbox 574 1356 740 1399; x_wconf 76' lang='lat' dir='ltr'><strong>poenas,</strong></span> <span class='ocrx_word' id='word_1_65' title='bbox 779 1341 882 1385; x_wconf 76' lang='lat' dir='ltr'><strong>Pars</strong></span> <span class='ocrx_word' id='word_1_66' title='bbox 917 1342 1045 1385; x_wconf 74' lang='lat' dir='ltr'><strong>tertia</strong></span> <span class='ocrx_word' id='word_1_67' title='bbox 1078 1342 1188 1386; x_wconf 87' lang='lat' dir='ltr'><strong>Libri</strong></span> <span class='ocrx_word' id='word_1_68' title='bbox 1224 1341 1256 1384; x_wconf 88' lang='lat' dir='ltr'>V</span> <span class='ocrx_word' id='word_1_69' title='bbox 1292 1342 1533 1387; x_wconf 87' lang='lat' dir='ltr'><strong>inscribitur</strong></span> <span class='ocrx_word' id='word_1_70' title='bbox 1566 1343 1617 1387; x_wconf 91' lang='lat' dir='ltr'><strong>ab</strong></span> <span class='ocrx_word' id='word_1_71' title='bbox 1650 1342 1719 1386; x_wconf 89' lang='lat' dir='ltr'><strong>illo</strong></span> <span class='ocrx_word' id='word_1_72' title='bbox 1756 1342 1814 1386; x_wconf 82' lang='lat' dir='ltr'><strong>De</strong></span> 
     </span>
     <span class='ocr_line' id='line_1_10' title="bbox 171 1413 1813 1473; baseline -0.001 -15"><span class='ocrx_word' id='word_1_73' title='bbox 171 1415 321 1473; x_wconf 70' lang='lat' dir='ltr'><strong>poenis</strong></span> <span class='ocrx_word' id='word_1_74' title='bbox 354 1414 594 1471; x_wconf 89' lang='lat' dir='ltr'><strong>singillatim</strong></span> <span class='ocrx_word' id='word_1_75' title='bbox 628 1416 791 1457; x_wconf 88' lang='lat' dir='ltr'><strong>statutis</strong></span> <span class='ocrx_word' id='word_1_76' title='bbox 825 1416 914 1457; x_wconf 89' lang='lat' dir='ltr'><strong>iure</strong></span> <span class='ocrx_word' id='word_1_77' title='bbox 947 1415 1159 1457; x_wconf 88' lang='lat' dir='ltr'><strong>communi</strong></span> <span class='ocrx_word' id='word_1_78' title='bbox 1193 1413 1237 1457; x_wconf 74' lang='lat' dir='ltr'><strong>in</strong></span> <span class='ocrx_word' id='word_1_79' title='bbox 1270 1413 1441 1471; x_wconf 70' lang='lat' dir='ltr'><strong>siwyula</strong></span> <span class='ocrx_word' id='word_1_80' title='bbox 1474 1414 1728 1457; x_wconf 88' lang='lat' dir='ltr'><strong>recensenda</strong></span> <span class='ocrx_word' id='word_1_81' title='bbox 1748 1413 1813 1456; x_wconf 82' lang='lat' dir='ltr'><strong>de-</strong></span> 
     </span>
     <span class='ocr_line' id='line_1_11' title="bbox 176 1483 1809 1541; baseline -0.002 -13"><span class='ocrx_word' id='word_1_82' title='bbox 176 1485 279 1528; x_wconf 75' lang='lat' dir='ltr'><strong>licta</strong></span> <span class='ocrx_word' id='word_1_83' title='bbox 315 1484 561 1528; x_wconf 87' lang='lat' dir='ltr'><strong>vindicanda</strong></span> <span class='ocrx_word' id='word_1_84' title='bbox 599 1484 661 1528; x_wconf 86' lang='lat' dir='ltr'><strong>vel</strong></span> <span class='ocrx_word' id='word_1_85' title='bbox 689 1487 726 1527; x_wconf 92' lang='lat' dir='ltr'><strong>in</strong></span> <span class='ocrx_word' id='word_1_86' title='bbox 751 1484 1086 1528; x_wconf 86' lang='lat' dir='ltr'><strong>emendationem</strong></span> <span class='ocrx_word' id='word_1_87' title='bbox 1121 1483 1451 1541; x_wconf 84' lang='lat' dir='ltr'><strong>delinquentium</strong></span> <span class='ocrx_word' id='word_1_88' title='bbox 1486 1484 1730 1528; x_wconf 89' lang='lat' dir='ltr'><strong>coercenda.</strong></span> <span class='ocrx_word' id='word_1_89' title='bbox 1757 1510 1809 1514; x_wconf 92' lang='lat'><strong>—</strong></span> 
     </span>
     <span class='ocr_line' id='line_1_12' title="bbox 176 1554 1808 1612; baseline -0.001 -13"><span class='ocrx_word' id='word_1_90' title='bbox 176 1556 226 1601; x_wconf 90' lang='lat' dir='ltr'><strong>Ut</strong></span> <span class='ocrx_word' id='word_1_91' title='bbox 261 1570 359 1599; x_wconf 91' lang='lat' dir='ltr'><strong>vero</strong></span> <span class='ocrx_word' id='word_1_92' title='bbox 393 1555 494 1599; x_wconf 88' lang='lat' dir='ltr'><strong>haec</strong></span> <span class='ocrx_word' id='word_1_93' title='bbox 529 1569 601 1612; x_wconf 90' lang='lat' dir='ltr'><strong>per</strong></span> <span class='ocrx_word' id='word_1_94' title='bbox 644 1556 832 1599; x_wconf 91' lang='lat' dir='ltr'><strong>ordinem</strong></span> <span class='ocrx_word' id='word_1_95' title='bbox 879 1560 1188 1611; x_wconf 71' lang='lat' dir='ltr'><strong>enumerentur,</strong></span> <span class='ocrx_word' id='word_1_96' title='bbox 1224 1556 1300 1598; x_wconf 83' lang='lat' dir='ltr'><strong>fuit</strong></span> <span class='ocrx_word' id='word_1_97' title='bbox 1343 1556 1447 1598; x_wconf 83' lang='lat' dir='ltr'><strong>sacta</strong></span> <span class='ocrx_word' id='word_1_98' title='bbox 1491 1554 1726 1598; x_wconf 83' lang='lat' dir='ltr'><strong>distributio</strong></span> <span class='ocrx_word' id='word_1_99' title='bbox 1772 1557 1808 1598; x_wconf 93' lang='lat' dir='ltr'><strong>in</strong></span> 
     </span>
     <span class='ocr_line' id='line_1_13' title="bbox 175 1625 1809 1684; baseline -0.001 -14"><span class='ocrx_word' id='word_1_100' title='bbox 175 1627 330 1680; x_wconf 79' lang='lat' dir='ltr'><strong>titulos,</strong></span> <span class='ocrx_word' id='word_1_101' title='bbox 353 1627 402 1670; x_wconf 91' lang='lat' dir='ltr'><strong>ad</strong></span> <span class='ocrx_word' id='word_1_102' title='bbox 427 1639 604 1684; x_wconf 86' lang='lat' dir='ltr'><strong>quorum</strong></span> <span class='ocrx_word' id='word_1_103' title='bbox 629 1627 983 1670; x_wconf 87' lang='lat' dir='ltr'><strong>coordinationem</strong></span> <span class='ocrx_word' id='word_1_104' title='bbox 1018 1626 1369 1670; x_wconf 90' lang='lat' dir='ltr'><strong>considerandum</strong></span> <span class='ocrx_word' id='word_1_105' title='bbox 1403 1631 1485 1669; x_wconf 91' lang='lat' dir='ltr'><strong>est:</strong></span> <span class='ocrx_word' id='word_1_106' title='bbox 1521 1628 1627 1669; x_wconf 81' lang='lat' dir='ltr'><strong>inter</strong></span> <span class='ocrx_word' id='word_1_107' title='bbox 1659 1625 1809 1670; x_wconf 84' lang='lat' dir='ltr'><strong>delicta</strong></span> 
     </span>
     <span class='ocr_line' id='line_1_14' title="bbox 174 1696 1809 1755; baseline -0.001 -13"><span class='ocrx_word' id='word_1_108' title='bbox 174 1712 263 1742; x_wconf 91' lang='lat' dir='ltr'><strong>esse</strong></span> <span class='ocrx_word' id='word_1_109' title='bbox 295 1698 446 1755; x_wconf 87' lang='lat' dir='ltr'><strong>aliqua,</strong></span> <span class='ocrx_word' id='word_1_110' title='bbox 472 1710 577 1755; x_wconf 84' lang='lat' dir='ltr'><strong>quae</strong></span> <span class='ocrx_word' id='word_1_111' title='bbox 609 1697 661 1741; x_wconf 86' lang='lat' dir='ltr'><strong>ab</strong></span> <span class='ocrx_word' id='word_1_112' title='bbox 694 1697 886 1741; x_wconf 89' lang='lat' dir='ltr'><strong>omnibus</strong></span> <span class='ocrx_word' id='word_1_113' title='bbox 920 1699 958 1740; x_wconf 93' lang='lat' dir='ltr'><strong>in</strong></span> <span class='ocrx_word' id='word_1_114' title='bbox 984 1697 1167 1741; x_wconf 87' lang='lat' dir='ltr'><strong>Ecclesia</strong></span> <span class='ocrx_word' id='word_1_115' title='bbox 1204 1699 1354 1753; x_wconf 91' lang='lat' dir='ltr'><strong>patrari</strong></span> <span class='ocrx_word' id='word_1_116' title='bbox 1392 1701 1573 1753; x_wconf 78' lang='lat' dir='ltr'><strong>possunt,</strong></span> <span class='ocrx_word' id='word_1_117' title='bbox 1596 1696 1674 1740; x_wconf 92' lang='lat' dir='ltr'><strong>alia</strong></span> <span class='ocrx_word' id='word_1_118' title='bbox 1712 1710 1809 1740; x_wconf 86' lang='lat' dir='ltr'><strong>vero</strong></span> 
     </span>
     <span class='ocr_line' id='line_1_15' title="bbox 173 1767 1807 1827; baseline -0.002 -14"><span class='ocrx_word' id='word_1_119' title='bbox 173 1782 280 1827; x_wconf 85' lang='lat' dir='ltr'><strong>quae</strong></span> <span class='ocrx_word' id='word_1_120' title='bbox 312 1782 335 1813; x_wconf 84' lang='lat' dir='ltr'><strong>a</strong></span> <span class='ocrx_word' id='word_1_121' title='bbox 370 1768 649 1826; x_wconf 87' lang='lat' dir='ltr'><strong>peculiaribus</strong></span> <span class='ocrx_word' id='word_1_122' title='bbox 684 1770 881 1825; x_wconf 88' lang='lat' dir='ltr'><strong>personis.</strong></span> <span class='ocrx_word' id='word_1_123' title='bbox 917 1769 1028 1811; x_wconf 90' lang='lat' dir='ltr'><strong>Inter</strong></span> <span class='ocrx_word' id='word_1_124' title='bbox 1061 1767 1129 1811; x_wconf 88' lang='lat' dir='ltr'><strong>illa</strong></span> <span class='ocrx_word' id='word_1_125' title='bbox 1162 1770 1358 1822; x_wconf 88' lang='lat' dir='ltr'><strong>eminent,</strong></span> <span class='ocrx_word' id='word_1_126' title='bbox 1393 1780 1499 1824; x_wconf 87' lang='lat' dir='ltr'><strong>quae</strong></span> <span class='ocrx_word' id='word_1_127' title='bbox 1542 1768 1807 1811; x_wconf 73' lang='lat' dir='ltr'><strong>fundamenta</strong></span> 
     </span>
     <span class='ocr_line' id='line_1_16' title="bbox 174 1837 1803 1897; baseline -0.002 -15"><span class='ocrx_word' id='word_1_128' title='bbox 174 1842 301 1897; x_wconf 90' lang='lat' dir='ltr'><strong>ipsius</strong></span> <span class='ocrx_word' id='word_1_129' title='bbox 338 1842 549 1883; x_wconf 86' lang='lat' dir='ltr'><strong>societatis</strong></span> <span class='ocrx_word' id='word_1_130' title='bbox 579 1839 908 1895; x_wconf 89' lang='lat' dir='ltr'><strong>supernaturalis</strong></span> <span class='ocrx_word' id='word_1_131' title='bbox 943 1841 1159 1895; x_wconf 87' lang='lat' dir='ltr'><strong>impetunt,</strong></span> <span class='ocrx_word' id='word_1_132' title='bbox 1180 1851 1227 1882; x_wconf 88' lang='lat' dir='ltr'><strong>ac</strong></span> <span class='ocrx_word' id='word_1_133' title='bbox 1261 1839 1434 1895; x_wconf 89' lang='lat' dir='ltr'><strong>proinde</strong></span> <span class='ocrx_word' id='word_1_134' title='bbox 1472 1838 1676 1881; x_wconf 86' lang='lat' dir='ltr'><strong>«Titulus</strong></span> <span class='ocrx_word' id='word_1_135' title='bbox 1710 1837 1803 1881; x_wconf 84' lang='lat' dir='ltr'><strong>XI»</strong></span> 
     </span>
     <span class='ocr_line' id='line_1_17' title="bbox 172 1909 1805 1965; baseline -0.001 -11"><span class='ocrx_word' id='word_1_136' title='bbox 172 1919 234 1955; x_wconf 87' lang='lat' dir='ltr'><strong>est</strong></span> <span class='ocrx_word' id='word_1_137' title='bbox 273 1910 375 1954; x_wconf 84' lang='lat' dir='ltr'><strong>«De</strong></span> <span class='ocrx_word' id='word_1_138' title='bbox 409 1910 571 1954; x_wconf 88' lang='lat' dir='ltr'><strong>delictis</strong></span> <span class='ocrx_word' id='word_1_139' title='bbox 603 1914 747 1953; x_wconf 88' lang='lat' dir='ltr'><strong>contra</strong></span> <span class='ocrx_word' id='word_1_140' title='bbox 780 1910 904 1953; x_wconf 85' lang='lat' dir='ltr'><strong>tidem</strong></span> <span class='ocrx_word' id='word_1_141' title='bbox 929 1914 969 1953; x_wconf 91' lang='lat' dir='ltr'><strong>et</strong></span> <span class='ocrx_word' id='word_1_142' title='bbox 992 1912 1192 1952; x_wconf 84' lang='lat' dir='ltr'><strong>unitatem</strong></span> <span class='ocrx_word' id='word_1_143' title='bbox 1226 1909 1501 1964; x_wconf 83' lang='lat' dir='ltr'><strong>Ecclesiae»,</strong></span> <span class='ocrx_word' id='word_1_144' title='bbox 1537 1913 1628 1965; x_wconf 87' lang='lat' dir='ltr'><strong>post</strong></span> <span class='ocrx_word' id='word_1_145' title='bbox 1660 1909 1805 1952; x_wconf 87' lang='lat' dir='ltr'><strong>eadem</strong></span> 
     </span>
     <span class='ocr_line' id='line_1_18' title="bbox 172 1980 1851 2038; baseline -0.003 -14"><span class='ocrx_word' id='word_1_146' title='bbox 172 1985 333 2037; x_wconf 88' lang='lat' dir='ltr'><strong>oportet</strong></span> <span class='ocrx_word' id='word_1_147' title='bbox 366 1986 410 2024; x_wconf 92' lang='lat' dir='ltr'><strong>ut</strong></span> <span class='ocrx_word' id='word_1_148' title='bbox 442 1985 670 2038; x_wconf 85' lang='lat' dir='ltr'><strong>sequantur</strong></span> <span class='ocrx_word' id='word_1_149' title='bbox 711 1980 790 2023; x_wconf 86' lang='lat' dir='ltr'><strong>alia</strong></span> <span class='ocrx_word' id='word_1_150' title='bbox 829 1980 1059 2024; x_wconf 89' lang='lat' dir='ltr'><strong>secundum</strong></span> <span class='ocrx_word' id='word_1_151' title='bbox 1105 1980 1348 2036; x_wconf 86' lang='lat' dir='ltr'><strong>dignitatem</strong></span> <span class='ocrx_word' id='word_1_152' title='bbox 1396 1992 1666 2036; x_wconf 90' lang='lat' dir='ltr'><strong>personarum</strong></span> <span class='ocrx_word' id='word_1_153' title='bbox 1701 1991 1807 2036; x_wconf 85' lang='lat' dir='ltr'><strong>quae</strong></span> <span class='ocrx_word' id='word_1_154' title='bbox 1848 2015 1851 2018; x_wconf 77' lang='grc'>,</span> 
     </span>
     <span class='ocr_line' id='line_1_19' title="bbox 173 2050 1808 2107; baseline -0.001 -14"><span class='ocrx_word' id='word_1_155' title='bbox 173 2064 245 2106; x_wconf 88' lang='lat' dir='ltr'><strong>per</strong></span> <span class='ocrx_word' id='word_1_156' title='bbox 278 2050 428 2094; x_wconf 90' lang='lat' dir='ltr'><strong>delicta</strong></span> <span class='ocrx_word' id='word_1_157' title='bbox 461 2051 728 2094; x_wconf 83' lang='lat' dir='ltr'><strong>offenduntur</strong></span> <span class='ocrx_word' id='word_1_158' title='bbox 763 2050 827 2093; x_wconf 84' lang='lat' dir='ltr'><strong>vel</strong></span> <span class='ocrx_word' id='word_1_159' title='bbox 864 2050 1064 2094; x_wconf 90' lang='lat' dir='ltr'><strong>bonorum</strong></span> <span class='ocrx_word' id='word_1_160' title='bbox 1100 2063 1206 2107; x_wconf 83' lang='lat' dir='ltr'><strong>quae</strong></span> <span class='ocrx_word' id='word_1_161' title='bbox 1231 2050 1387 2102; x_wconf 89' lang='lat' dir='ltr'><strong>ledunt,</strong></span> <span class='ocrx_word' id='word_1_162' title='bbox 1412 2055 1451 2093; x_wconf 91' lang='lat' dir='ltr'><strong>et</strong></span> <span class='ocrx_word' id='word_1_163' title='bbox 1472 2063 1522 2106; x_wconf 86' lang='lat' dir='ltr'><strong>ex</strong></span> <span class='ocrx_word' id='word_1_164' title='bbox 1549 2054 1724 2107; x_wconf 85' lang='lat' dir='ltr'><strong>utraque</strong></span> <span class='ocrx_word' id='word_1_165' title='bbox 1749 2062 1808 2092; x_wconf 87' lang='lat' dir='ltr'><strong>ra-</strong></span> 
     </span>
     <span class='ocr_line' id='line_1_20' title="bbox 172 2120 1805 2178; baseline -0.001 -14"><span class='ocrx_word' id='word_1_166' title='bbox 172 2123 282 2164; x_wconf 89' lang='lat' dir='ltr'><strong>tione</strong></span> <span class='ocrx_word' id='word_1_167' title='bbox 306 2121 517 2178; x_wconf 90' lang='lat' dir='ltr'><strong>praecellit</strong></span> <span class='ocrx_word' id='word_1_168' title='bbox 542 2138 563 2162; x_wconf 86' lang='grc'><strong>((</strong></span> <span class='ocrx_word' id='word_1_169' title='bbox 585 2120 745 2164; x_wconf 87' lang='lat' dir='ltr'><strong>Titulus</strong></span> <span class='ocrx_word' id='word_1_170' title='bbox 768 2120 854 2165; x_wconf 87' lang='lat' dir='ltr'>XII.</span> <span class='ocrx_word' id='word_1_171' title='bbox 879 2120 937 2164; x_wconf 92' lang='lat' dir='ltr'><strong>De</strong></span> <span class='ocrx_word' id='word_1_172' title='bbox 961 2121 1123 2164; x_wconf 85' lang='lat' dir='ltr'><strong>delictis</strong></span> <span class='ocrx_word' id='word_1_173' title='bbox 1156 2125 1298 2164; x_wconf 90' lang='lat' dir='ltr'><strong>contra</strong></span> <span class='ocrx_word' id='word_1_174' title='bbox 1334 2120 1576 2176; x_wconf 84' lang='lat' dir='ltr'><strong>religionem</strong></span> <span class='ocrx_word' id='word_1_175' title='bbox 1601 2135 1639 2175; x_wconf 83' lang='lat'><strong>»,</strong></span> <span class='ocrx_word' id='word_1_176' title='bbox 1665 2125 1805 2176; x_wconf 87' lang='lat' dir='ltr'><strong>postea</strong></span> 
     </span>
     <span class='ocr_line' id='line_1_21' title="bbox 171 2190 1804 2249; baseline -0.001 -14"><span class='ocrx_word' id='word_1_177' title='bbox 171 2205 220 2235; x_wconf 86' lang='lat' dir='ltr'><strong>ex</strong></span> <span class='ocrx_word' id='word_1_178' title='bbox 257 2195 413 2235; x_wconf 86' lang='lat' dir='ltr'><strong>motivo</strong></span> <span class='ocrx_word' id='word_1_179' title='bbox 458 2204 730 2248; x_wconf 89' lang='lat' dir='ltr'><strong>personarum</strong></span> <span class='ocrx_word' id='word_1_180' title='bbox 772 2194 961 2249; x_wconf 84' lang='lat' dir='ltr'><strong>sequitui·</strong></span> <span class='ocrx_word' id='word_1_181' title='bbox 999 2191 1202 2234; x_wconf 81' lang='lat' dir='ltr'><strong>«Titulus</strong></span> <span class='ocrx_word' id='word_1_182' title='bbox 1235 2190 1341 2234; x_wconf 89' lang='lat' dir='ltr'>XIII.</span> <span class='ocrx_word' id='word_1_183' title='bbox 1375 2190 1434 2234; x_wconf 91' lang='lat' dir='ltr'><strong>De</strong></span> <span class='ocrx_word' id='word_1_184' title='bbox 1467 2190 1629 2234; x_wconf 89' lang='lat' dir='ltr'><strong>delictis</strong></span> <span class='ocrx_word' id='word_1_185' title='bbox 1661 2195 1804 2234; x_wconf 87' lang='lat' dir='ltr'><strong>contra</strong></span> 
     </span>
     <span class='ocr_line' id='line_1_22' title="bbox 170 2260 1803 2319; baseline -0.001 -13"><span class='ocrx_word' id='word_1_186' title='bbox 170 2265 451 2316; x_wconf 86' lang='lat' dir='ltr'><strong>auctoritates,</strong></span> <span class='ocrx_word' id='word_1_187' title='bbox 486 2275 695 2319; x_wconf 76' lang='lat' dir='ltr'><strong>personas,</strong></span> <span class='ocrx_word' id='word_1_188' title='bbox 731 2275 796 2305; x_wconf 90' lang='lat' dir='ltr'><strong>res</strong></span> <span class='ocrx_word' id='word_1_189' title='bbox 829 2262 1132 2306; x_wconf 86' lang='lat' dir='ltr'><strong>ecclesiasticas</strong></span> <span class='ocrx_word' id='word_1_190' title='bbox 1156 2277 1195 2317; x_wconf 79' lang='grc'><strong>)),</strong></span> <span class='ocrx_word' id='word_1_191' title='bbox 1221 2267 1260 2304; x_wconf 89' lang='lat' dir='ltr'><strong>et</strong></span> <span class='ocrx_word' id='word_1_192' title='bbox 1283 2275 1331 2305; x_wconf 84' lang='lat' dir='ltr'><strong>ex</strong></span> <span class='ocrx_word' id='word_1_193' title='bbox 1357 2261 1486 2304; x_wconf 90' lang='lat' dir='ltr'><strong>altero</strong></span> <span class='ocrx_word' id='word_1_194' title='bbox 1512 2263 1667 2304; x_wconf 87' lang='lat' dir='ltr'><strong>motivo</strong></span> <span class='ocrx_word' id='word_1_195' title='bbox 1695 2277 1718 2302; x_wconf 85' lang='grc'>«</span> <span class='ocrx_word' id='word_1_196' title='bbox 1739 2260 1803 2304; x_wconf 93' lang='lat' dir='ltr'><strong>Ti-</strong></span> 
     </span>
     <span class='ocr_line' id='line_1_23' title="bbox 169 2331 1802 2389; baseline -0.001 -13"><span class='ocrx_word' id='word_1_197' title='bbox 169 2333 280 2377; x_wconf 88' lang='lat' dir='ltr'><strong>tulus</strong></span> <span class='ocrx_word' id='word_1_198' title='bbox 303 2333 410 2377; x_wconf 91' lang='lat' dir='ltr'>XIV.</span> <span class='ocrx_word' id='word_1_199' title='bbox 437 2333 491 2377; x_wconf 85' lang='lat' dir='ltr'><strong>De</strong></span> <span class='ocrx_word' id='word_1_200' title='bbox 515 2334 676 2377; x_wconf 89' lang='lat' dir='ltr'><strong>delictis</strong></span> <span class='ocrx_word' id='word_1_201' title='bbox 709 2337 852 2376; x_wconf 90' lang='lat' dir='ltr'><strong>contra</strong></span> <span class='ocrx_word' id='word_1_202' title='bbox 878 2335 1020 2385; x_wconf 79' lang='lat' dir='ltr'><strong>vitam,</strong></span> <span class='ocrx_word' id='word_1_203' title='bbox 1045 2332 1291 2387; x_wconf 87' lang='lat' dir='ltr'><strong>libertatem,</strong></span> <span class='ocrx_word' id='word_1_204' title='bbox 1318 2334 1627 2389; x_wconf 85' lang='lat' dir='ltr'><strong>proprietatem,</strong></span> <span class='ocrx_word' id='word_1_205' title='bbox 1653 2331 1802 2375; x_wconf 88' lang='lat' dir='ltr'><strong>bonam</strong></span> 
     </span>
     <span class='ocr_line' id='line_1_24' title="bbox 170 2402 1800 2460; baseline -0.002 -13"><span class='ocrx_word' id='word_1_206' title='bbox 170 2405 320 2448; x_wconf 83' lang='lat' dir='ltr'><strong>samam</strong></span> <span class='ocrx_word' id='word_1_207' title='bbox 365 2417 412 2448; x_wconf 92' lang='lat' dir='ltr'><strong>ac</strong></span> <span class='ocrx_word' id='word_1_208' title='bbox 458 2404 586 2448; x_wconf 91' lang='lat' dir='ltr'><strong>bonos</strong></span> <span class='ocrx_word' id='word_1_209' title='bbox 634 2417 833 2457; x_wconf 81' lang='lat' dir='ltr'><strong>mores»,</strong></span> <span class='ocrx_word' id='word_1_210' title='bbox 867 2405 933 2447; x_wconf 91' lang='lat' dir='ltr'><strong>cui</strong></span> <span class='ocrx_word' id='word_1_211' title='bbox 977 2403 1146 2447; x_wconf 90' lang='lat' dir='ltr'><strong>additur</strong></span> <span class='ocrx_word' id='word_1_212' title='bbox 1194 2407 1389 2460; x_wconf 82' lang='lat' dir='ltr'><strong>tanquam</strong></span> <span class='ocrx_word' id='word_1_213' title='bbox 1440 2415 1534 2458; x_wconf 91' lang='lat' dir='ltr'><strong>pars</strong></span> <span class='ocrx_word' id='word_1_214' title='bbox 1572 2402 1623 2445; x_wconf 91' lang='lat' dir='ltr'><strong>ab</strong></span> <span class='ocrx_word' id='word_1_215' title='bbox 1656 2402 1800 2446; x_wconf 89' lang='lat' dir='ltr'><strong>eodem</strong></span> 
     </span>
     <span class='ocr_line' id='line_1_25' title="bbox 166 2473 1803 2529; baseline -0.001 -11"><span class='ocrx_word' id='word_1_216' title='bbox 166 2477 353 2518; x_wconf 87' lang='lat' dir='ltr'><strong>seiuncta</strong></span> <span class='ocrx_word' id='word_1_217' title='bbox 378 2474 580 2518; x_wconf 78' lang='lat' dir='ltr'><strong>«Titulus</strong></span> <span class='ocrx_word' id='word_1_218' title='bbox 615 2473 698 2517; x_wconf 90' lang='lat' dir='ltr'><strong>XV.</strong></span> <span class='ocrx_word' id='word_1_219' title='bbox 735 2473 793 2517; x_wconf 93' lang='lat' dir='ltr'><strong>De</strong></span> <span class='ocrx_word' id='word_1_220' title='bbox 826 2476 1001 2517; x_wconf 87' lang='lat' dir='ltr'><strong>crimine</strong></span> <span class='ocrx_word' id='word_1_221' title='bbox 1034 2473 1123 2517; x_wconf 87' lang='lat' dir='ltr'><strong>falsi</strong></span> <span class='ocrx_word' id='word_1_222' title='bbox 1147 2489 1187 2516; x_wconf 84' lang='grc'><strong>&gt;).</strong></span> <span class='ocrx_word' id='word_1_223' title='bbox 1222 2473 1332 2516; x_wconf 86' lang='lat' dir='ltr'><strong>Inter</strong></span> <span class='ocrx_word' id='word_1_224' title='bbox 1365 2473 1513 2516; x_wconf 87' lang='lat' dir='ltr'><strong>delicta</strong></span> <span class='ocrx_word' id='word_1_225' title='bbox 1548 2486 1648 2516; x_wconf 88' lang='lat' dir='ltr'><strong>vero</strong></span> <span class='ocrx_word' id='word_1_226' title='bbox 1683 2486 1803 2529; x_wconf 91' lang='lat' dir='ltr'><strong>pecu-</strong></span> 
     </span>
     <span class='ocr_line' id='line_1_26' title="bbox 168 2543 1799 2603; baseline -0.002 -14"><span class='ocrx_word' id='word_1_227' title='bbox 168 2545 284 2589; x_wconf 88' lang='lat' dir='ltr'><strong>liaria</strong></span> <span class='ocrx_word' id='word_1_228' title='bbox 308 2546 586 2603; x_wconf 88' lang='lat' dir='ltr'><strong>quarumdam</strong></span> <span class='ocrx_word' id='word_1_229' title='bbox 611 2558 895 2601; x_wconf 88' lang='lat' dir='ltr'><strong>personarum,</strong></span> <span class='ocrx_word' id='word_1_230' title='bbox 920 2543 971 2588; x_wconf 92' lang='lat' dir='ltr'><strong>ab</strong></span> <span class='ocrx_word' id='word_1_231' title='bbox 994 2544 1187 2588; x_wconf 86' lang='lat' dir='ltr'><strong>omnibus</strong></span> <span class='ocrx_word' id='word_1_232' title='bbox 1211 2544 1377 2601; x_wconf 85' lang='lat' dir='ltr'><strong>quidem</strong></span> <span class='ocrx_word' id='word_1_233' title='bbox 1403 2546 1604 2587; x_wconf 88' lang='lat' dir='ltr'><strong>committi</strong></span> <span class='ocrx_word' id='word_1_234' title='bbox 1629 2548 1799 2601; x_wconf 87' lang='lat' dir='ltr'><strong>queunt,</strong></span> 
     </span>
     <span class='ocr_line' id='line_1_27' title="bbox 165 2614 1801 2673; baseline -0.002 -13"><span class='ocrx_word' id='word_1_235' title='bbox 165 2619 239 2660; x_wconf 88' lang='lat' dir='ltr'><strong>etsi</strong></span> <span class='ocrx_word' id='word_1_236' title='bbox 277 2616 507 2673; x_wconf 86' lang='lat' dir='ltr'><strong>peculiares</strong></span> <span class='ocrx_word' id='word_1_237' title='bbox 552 2616 763 2672; x_wconf 81' lang='lat' dir='ltr'><strong>religionis</strong></span> <span class='ocrx_word' id='word_1_238' title='bbox 795 2619 911 2659; x_wconf 88' lang='lat' dir='ltr'><strong>actus</strong></span> <span class='ocrx_word' id='word_1_239' title='bbox 943 2615 1193 2665; x_wconf 87' lang='lat' dir='ltr'><strong>exercendo,</strong></span> <span class='ocrx_word' id='word_1_240' title='bbox 1226 2627 1332 2672; x_wconf 86' lang='lat' dir='ltr'><strong>quae</strong></span> <span class='ocrx_word' id='word_1_241' title='bbox 1365 2616 1501 2658; x_wconf 88' lang='lat' dir='ltr'><strong>statim</strong></span> <span class='ocrx_word' id='word_1_242' title='bbox 1538 2619 1628 2671; x_wconf 92' lang='lat' dir='ltr'><strong>post</strong></span> <span class='ocrx_word' id='word_1_243' title='bbox 1660 2614 1801 2657; x_wconf 89' lang='lat' dir='ltr'><strong>titulos</strong></span> 
     </span>
     <span class='ocr_line' id='line_1_28' title="bbox 167 2683 1798 2744; baseline -0.001 -14"><span class='ocrx_word' id='word_1_244' title='bbox 167 2688 466 2744; x_wconf 89' lang='lat' dir='ltr'><strong>praecedentes</strong></span> <span class='ocrx_word' id='word_1_245' title='bbox 509 2687 645 2731; x_wconf 89' lang='lat' dir='ltr'><strong>locum</strong></span> <span class='ocrx_word' id='word_1_246' title='bbox 689 2685 968 2743; x_wconf 83' lang='lat' dir='ltr'><strong>expostulant,</strong></span> <span class='ocrx_word' id='word_1_247' title='bbox 1003 2685 1097 2729; x_wconf 82' lang='lat' dir='ltr'><strong>liinc</strong></span> <span class='ocrx_word' id='word_1_248' title='bbox 1135 2685 1327 2729; x_wconf 84' lang='lat' dir='ltr'><strong>subditur</strong></span> <span class='ocrx_word' id='word_1_249' title='bbox 1366 2684 1568 2728; x_wconf 86' lang='lat' dir='ltr'><strong>«Titulus</strong></span> <span class='ocrx_word' id='word_1_250' title='bbox 1599 2683 1705 2727; x_wconf 89' lang='lat' dir='ltr'>XVI.</span> <span class='ocrx_word' id='word_1_251' title='bbox 1741 2684 1798 2728; x_wconf 90' lang='lat' dir='ltr'><strong>De</strong></span> 
     </span>
     <span class='ocr_line' id='line_1_29' title="bbox 165 2755 1796 2813; baseline -0.002 -13"><span class='ocrx_word' id='word_1_252' title='bbox 165 2757 328 2801; x_wconf 88' lang='lat' dir='ltr'><strong>delictis</strong></span> <span class='ocrx_word' id='word_1_253' title='bbox 362 2761 400 2801; x_wconf 92' lang='lat' dir='ltr'><strong>in</strong></span> <span class='ocrx_word' id='word_1_254' title='bbox 434 2758 792 2802; x_wconf 90' lang='lat' dir='ltr'><strong>administratione</strong></span> <span class='ocrx_word' id='word_1_255' title='bbox 828 2756 890 2800; x_wconf 88' lang='lat' dir='ltr'><strong>vel</strong></span> <span class='ocrx_word' id='word_1_256' title='bbox 925 2759 1188 2813; x_wconf 87' lang='lat' dir='ltr'><strong>susceptione</strong></span> <span class='ocrx_word' id='word_1_257' title='bbox 1221 2756 1414 2799; x_wconf 89' lang='lat' dir='ltr'><strong>ordinum</strong></span> <span class='ocrx_word' id='word_1_258' title='bbox 1443 2755 1703 2812; x_wconf 87' lang='lat' dir='ltr'><strong>aliorumque</strong></span> <span class='ocrx_word' id='word_1_259' title='bbox 1726 2755 1796 2798; x_wconf 88' lang='lat' dir='ltr'><strong>Sa-</strong></span> 
     </span>
     <span class='ocr_line' id='line_1_30' title="bbox 165 2826 1800 2883; baseline -0.002 -12"><span class='ocrx_word' id='word_1_260' title='bbox 165 2833 538 2872; x_wconf 85' lang='lat' dir='ltr'><strong>cramentorum».</strong></span> <span class='ocrx_word' id='word_1_261' title='bbox 576 2828 665 2870; x_wconf 86' lang='lat' dir='ltr'><strong>Post</strong></span> <span class='ocrx_word' id='word_1_262' title='bbox 715 2827 816 2870; x_wconf 75' lang='lat' dir='ltr'><strong>llaec</strong></span> <span class='ocrx_word' id='word_1_263' title='bbox 865 2826 1043 2883; x_wconf 88' lang='lat' dir='ltr'><strong>plurium</strong></span> <span class='ocrx_word' id='word_1_264' title='bbox 1092 2831 1186 2869; x_wconf 87' lang='lat' dir='ltr'><strong>sunt</strong></span> <span class='ocrx_word' id='word_1_265' title='bbox 1236 2827 1417 2883; x_wconf 87' lang='lat' dir='ltr'><strong>propria,</strong></span> <span class='ocrx_word' id='word_1_266' title='bbox 1455 2838 1561 2882; x_wconf 88' lang='lat' dir='ltr'><strong>quae</strong></span> <span class='ocrx_word' id='word_1_267' title='bbox 1611 2829 1800 2868; x_wconf 90' lang='lat' dir='ltr'><strong>recenset</strong></span> 
     </span>
     <span class='ocr_line' id='line_1_31' title="bbox 172 2895 1796 2953; baseline -0.001 -14"><span class='ocrx_word' id='word_1_268' title='bbox 172 2898 374 2943; x_wconf 83' lang='lat' dir='ltr'><strong>«Titulus</strong></span> <span class='ocrx_word' id='word_1_269' title='bbox 406 2898 530 2943; x_wconf 92' lang='lat' dir='ltr'>XVII.</span> <span class='ocrx_word' id='word_1_270' title='bbox 566 2898 623 2941; x_wconf 92' lang='lat' dir='ltr'><strong>De</strong></span> <span class='ocrx_word' id='word_1_271' title='bbox 657 2897 818 2941; x_wconf 88' lang='lat' dir='ltr'><strong>delictis</strong></span> <span class='ocrx_word' id='word_1_272' title='bbox 851 2902 992 2940; x_wconf 82' lang='lat' dir='ltr'><strong>contra</strong></span> <span class='ocrx_word' id='word_1_273' title='bbox 1027 2896 1300 2953; x_wconf 84' lang='lat' dir='ltr'><strong>obligationes</strong></span> <span class='ocrx_word' id='word_1_274' title='bbox 1333 2898 1521 2953; x_wconf 90' lang='lat' dir='ltr'><strong>proprias</strong></span> <span class='ocrx_word' id='word_1_275' title='bbox 1553 2900 1682 2939; x_wconf 90' lang='lat' dir='ltr'><strong>status</strong></span> <span class='ocrx_word' id='word_1_276' title='bbox 1715 2895 1796 2938; x_wconf 84' lang='lat' dir='ltr'><strong>cle·</strong></span> 
     </span>
    </p>
   </div>
   <div class='ocr_carea' id='block_1_4' title="bbox 1897 1223 1950 3313">
    <p class='ocr_par' dir='ltr' id='par_1_4' title="bbox 1897 1223 1950 3313">
     <span class='ocr_line' id='line_1_32' title="bbox 1897 1223 1950 3313; baseline 0 0"><span class='ocrx_word' id='word_1_277' title='bbox 1897 1223 1950 3313; x_wconf 95' lang='lat' dir='ltr'><strong> </strong></span> 
     </span>
    </p>
   </div>
  </div>
 </body>
</html>
