1950 3313
147 140 192 174 46
821 136 1099 171 INTRODUcrio

147 257 412 314 obligationis
446 258 484 298 in
520 268 792 312 unoquoque3
837 260 947 312 patet
985 268 1063 298 non
1097 255 1277 299 defuisse
1312 256 1618 312 providentiam
1653 255 1775 299 valde

147 329 424 371 necessariam
458 328 496 369 in
538 325 632 370 belli
671 327 865 369 immanis
901 327 1236 381 circumstantiis,
1272 340 1344 383 per
1380 326 1505 370 verba
1540 326 1681 370 Bullae
1714 328 1774 370 sic

148 400 454 456 prosequentis:
496 412 516 438 (ε
534 396 585 441 Ut
622 401 761 440 autem
809 409 967 452 omnes,
1000 397 1051 440 ad
1095 410 1198 454 quos
1248 399 1424 453 pertinet
1459 397 1551 454 (pro
1585 396 1771 440 eiusdem

146 468 308 513 Codicis
339 467 520 510 diversis
551 466 810 521 canonibus),
844 465 970 523 probe
1010 471 1225 523 perspecta
1263 467 1416 510 habere
1451 468 1605 524 possint
1639 466 1772 523 (iuxta

145 552 289 583 eorum
323 538 616 595 obligationem
651 537 914 594 addiscendi)
940 537 1062 580 huius
1085 536 1247 582 Codicis
1272 540 1525 595 praescripta
1548 542 1771 596 antequam

145 610 195 653 ad
240 609 432 652 effectum
475 608 750 663 adducantur,
786 608 900 665 (cum
944 610 1185 666 ceteroquin
1231 622 1304 665 per
1336 608 1599 665 disciplinam
1644 621 1776 665 usque

147 685 244 724 tunc
278 682 489 736 vigentem
521 679 742 723 sufficienti
783 678 995 722 Ecclesiae
1028 681 1218 735 regimini
1251 680 1374 723 fuerit
1407 680 1654 736 provisum),
1689 679 1774 722 edi·

147 753 279 795 cimus
311 762 359 793 ac
394 749 584 794 iubemus
618 749 735 807 (quin
772 752 898 806 priori
924 751 1093 793 iussioni
1127 750 1493 806 contradicamus),
1528 754 1567 792 ut
1607 762 1654 792 ea
1689 751 1775 792 vim

147 821 359 878 obligandi
393 822 616 879 (quatenus
640 833 661 864 a
687 823 829 864 notitia
856 821 1118 864 subditorum
1152 823 1382 864 necessaria
1418 821 1586 877 pendet)
1620 819 1777 864 habere

149 906 227 936 non
273 894 470 949 incipiant
504 892 600 949 (etsi
635 893 749 948 prius
781 891 833 935 ab
871 891 1063 935 omnibus
1098 891 1159 935 vel
1185 891 1434 949 quibusdam
1459 891 1579 949 plene
1602 904 1777 948 cognos-

148 963 330 1019 cantur),
365 965 441 1006 nisi
475 975 496 1006 a
531 963 597 1006 die
632 963 894 1006 Pentecostes
926 964 1020 1006 anni
1048 965 1224 1019 proximi
1271 964 1432 1006 venturi
1469 962 1578 1020 (post
1619 974 1775 1005 annum

149 1034 386 1090 liturgicum
421 1046 443 1076 a
478 1032 843 1090 promulgatione),
868 1033 971 1076 idest
1004 1046 1025 1076 a
1059 1033 1126 1076 die
1154 1033 1315 1077 decima
1348 1045 1455 1076 nona
1487 1032 1662 1090 (etcum
1688 1031 1778 1089 illa)

149 1107 302 1148 mensis
335 1103 428 1148 Maii
450 1107 545 1148 anni
581 1103 788 1147 millesimi
815 1107 1115 1160 nongentesimi
1139 1104 1528 1148 duodevicesimi».
1566 1103 1665 1147 Data
1699 1105 1778 1147 uti-

149 1189 230 1234 que
264 1176 483 1221 laudanda.
510 1180 552 1219 ut
586 1175 624 1218 lii
659 1189 836 1233 quorum
861 1176 1106 1219 sufficientia
1141 1189 1190 1219 ex
1225 1175 1310 1219 Deo
1333 1180 1524 1231 est‚tune
1547 1177 1778 1232 inciperent

149 1246 340 1304 obligari,
382 1247 547 1304 quando
592 1260 641 1290 ex
686 1246 880 1303 liturgiae
924 1251 1144 1303 praecepto
1189 1248 1383 1290 universa
1427 1245 1609 1290 Ecclesia
1645 1244 1778 1289 Deum

149 1318 411 1374 deprecatur,
448 1322 491 1360 ut
522 1317 591 1360 det
624 1318 821 1373 Spiritum
859 1317 1012 1361 bonum
1047 1317 1283 1374 petentibus
1318 1331 1374 1361 se.

268 1388 334 1433 40.
360 1390 489 1434 Finis
514 1389 804 1434 Documenti
829 1390 1242 1445 promulgationis
1267 1387 1390 1432 habet
1412 1387 1643 1444 simplicem
1667 1387 1780 1431 clau-

148 1460 279 1503 sulam
304 1459 610 1516 derogatoriam
635 1472 682 1502 ex
709 1463 905 1502 contextu
939 1461 1106 1502 omnino
1138 1459 1427 1502 sufficientem.
1467 1474 1486 1500 ((
1505 1458 1594 1502 Non
1618 1458 1779 1502 obstan-

147 1530 257 1574 tibus
303 1529 557 1588 quibuslibet
604 1529 948 1582 ordinationibus,
991 1529 1125 1587 (velut
1175 1529 1508 1586 particularibus,
1556 1529 1618 1573 vel
1664 1541 1770 1587 quae

149 1601 261 1658 leges
295 1615 373 1644 non
407 1603 520 1658 sint),
554 1600 931 1654 constitutionibus,
968 1600 1148 1658 (legibus
1192 1614 1341 1657 nempe
1385 1600 1679 1644 ecclesiasticis
1711 1613 1775 1643 su-

151 1686 318 1730 premae
365 1671 657 1729 auctoritatis),
701 1671 933 1729 privilegiis
973 1671 1123 1729 (atque
1174 1677 1215 1715 ut
1262 1671 1549 1715 cavillationes
1582 1673 1779 1726 vitentur,

150 1744 396 1800 simpliciter
429 1743 614 1800 additur)
649 1745 774 1787 etiam
807 1742 977 1800 speciali
1011 1743 1199 1800 (propter
1232 1756 1377 1786 eorum
1410 1742 1618 1786 clausulas
1649 1741 1780 1785 salva-

153 1814 296 1872 torias)
331 1819 453 1873 atque
488 1814 705 1858 individua
739 1813 1086 1871 (uniuscuiusque
1119 1819 1251 1870 ,prout
1283 1813 1334 1857 de
1369 1815 1457 1857 iure
1500 1814 1779 1856 necessarium

152 1886 277 1944 esset)
314 1888 520 1930 mentione
551 1886 704 1942 dignis,
737 1898 897 1929 necnon
942 1885 1312 1928 consuetudinibus
1344 1884 1470 1942 (quae
1502 1883 1580 1928 sub
1614 1896 1780 1940 praece-

153 1957 346 2001 dentibus
369 1970 448 2000 non
476 1956 684 2013 venti-ent)
719 1959 843 2000 etiam
869 1955 1270 2000 immemorabilibus
1294 1955 1418 2014 (quae
1441 1956 1646 1998 firmiores
1667 1953 1782 2012 sunt)

153 2030 385 2086 ceterisque
418 2030 639 2071 contrariis
672 2027 931 2085 quibusvis»
969 2029 1001 2070 si
1035 2039 1142 2084 quae
1175 2029 1325 2084 opponi
1360 2030 1538 2083 possent.

277 2097 465 2142 «Datum
491 2099 564 2141 fuit
589 2098 656 2141 die
683 2098 944 2141 Pentecostes
963 2113 1002 2151 2),
1036 2100 1132 2155 quia
1163 2097 1333 2153 dignum
1361 2098 1447 2152 fuit,
1472 2101 1514 2140 ut
1539 2109 1587 2140 eo
1610 2096 1677 2140 die
1699 2108 1781 2153 quo

153 2168 349 2212 solemnis
383 2168 661 2225 promulgatio
697 2168 815 2225 Legis
847 2168 989 2211 Novae
1022 2172 1386 2216 commemoratur,
1416 2166 1555 2211 Codex
1586 2168 1687 2210 iuris
1718 2179 1784 2210 ca·

155 2241 307 2293 nonici‚
339 2252 421 2297 quo
455 2239 523 2282 illa
557 2241 671 2283 iuxta
707 2239 920 2282 hominum
945 2243 1134 2282 naturam
1163 2238 1406 2295 completur,
1431 2236 1780 2294 promulgaretur.

272 2309 424 2354 Ultimo
444 2311 455 2332 1
482 2309 565 2353 «de
585 2309 871 2367 novisAplcis.
886 2308 1255 2353 Constitutionibus
1272 2308 1476 2352 edendis»
1502 2312 1590 2365 post
1609 2320 1655 2351 ea
1675 2319 1782 2365 quae

156 2383 194 2424 in
228 2381 370 2438 Apost.
402 2378 701 2424 Constitutione
739 2381 959 2437 «Sapienti
993 2379 1203 2423 consilio»
1241 2383 1392 2422 statuta
1425 2383 1533 2433 sunt,
1573 2397 1588 2417 ‹
1619 2378 1712 2421 Pius
1745 2377 1780 2420 X

154 2451 381 2495 decernere
414 2450 607 2507 dignatus
639 2455 711 2505 cst,
748 2455 790 2493 ut
821 2449 1190 2494 Constitutionibus
1224 2449 1458 2493 huiusmodi
1494 2451 1534 2492 in
1568 2453 1779 2505 posterum

158 2534 236 2565 una
270 2521 533 2566 subscribant
564 2520 796 2565 Cardinalis
826 2521 865 2564 S.
899 2520 945 2564 R.
980 2520 1022 2564 E.
1057 2520 1350 2575 Cancellarius‚
1378 2525 1419 2564 et
1451 2519 1684 2564 Cardinalis
1711 2519 1781 2575 qui

155 2593 290 2636 otlicio
325 2599 485 2649 praeest
518 2592 569 2636 ad
603 2594 720 2636 cuius
760 2593 1079 2648 competentiam
1116 2604 1180 2634 res
1213 2593 1389 2648 pertinet
1423 2593 1462 2634 in
1496 2590 1646 2634 eadem
1677 2588 1780 2634 Con-

156 2665 367 2708 stitutione
406 2667 712 2718 pertractata»,
746 2675 853 2720 quae
891 2675 985 2706 cum
1019 2664 1071 2704 sit
1104 2661 1379 2718 promulgatio
1413 2660 1577 2705 Codicis
1621 2674 1692 2717 pro
1736 2673 1780 2703 u-

158 2737 322 2777 niversa
357 2733 554 2782 Ecclesia,
578 2732 700 2778 Card⁸
723 2746 744 2776 a
768 2733 945 2777 Secretis
977 2733 1114 2776 Status
1145 2732 1363 2776 evidenter
1397 2734 1472 2776 fuit
1506 2733 1652 2775 unicus
1674 2743 1782 2775 com-

278 2888 288 2909 1
317 2886 354 2920 S.
385 2887 526 2932 Congr.
554 2887 724 2922 Consist.
758 2887 800 2920 15
826 2887 920 2931 Apr.
950 2886 1050 2919 1910.
1081 2884 1156 2920 CO.
1182 2885 1234 2929 II,
1263 2885 1344 2920 287.
