1950 3313
665 194 749 228 Tm.
778 194 841 231 1V.
867 215 877 220 -
906 195 963 229 De
988 197 1190 239 rescriptis
1681 193 1749 227 133

119 326 167 357 ac
202 315 239 356 in
275 326 417 356 eorum
453 312 719 368 expeditione
751 317 974 356 servantur
1005 312 1288 356 solemnitates
1324 313 1545 368 requisitae
1574 311 1624 354 de
1660 314 1747 354 iure

118 388 156 427 et
189 383 296 440 stylo
327 382 488 427 Curiae.
526 382 726 425 For-malis
761 385 1056 439 rescriptorum
1092 387 1236 426 natura
1261 384 1425 438 exurgit
1460 395 1511 424 ex
1545 383 1748 425 contentis

120 457 157 497 in
184 457 384 510 rescripto
407 453 541 511 quoad
569 466 711 496 eorum
734 454 1096 510 significationem.
1122 454 1183 496 Au
1210 453 1314 496 lianc
1341 455 1566 510 requiritur
1594 453 1633 494 1υ
1659 465 1747 495 nar-

50 575 58 587 ·
120 527 222 569 ratio
255 538 325 569 seu
360 526 520 581 species
555 525 662 571 tacti,
684 524 753 567 sed
781 538 859 567 non
884 537 1049 580 semper
1074 527 1110 566 in
1137 538 1184 567 eo
1209 525 1416 575 inseritur,
1443 526 1480 566 in
1506 536 1585 580 qua
1620 537 1747 580 expo-

119 600 273 639 nuntur
304 594 511 639 obiectum
547 599 585 637 et
617 608 741 638 causa
773 595 1086 651 supplicationis
1121 597 1231 637 iuxta
1268 593 1451 637 libellum
1487 596 1525 637 5.
1563 594 1746 637 l'ontilici

116 679 187 709 seu
220 667 257 708 S.
291 665 611 721 Congregationi
647 664 857 720 oblatumg
892 664 935 707 2⁰
972 668 1057 721 ipsa
1089 664 1350 721 supplicatio³
1385 677 1490 721 quae
1531 678 1624 707 cuni
1661 676 1748 707 nar-

119 738 289 788 ratione,
322 738 353 778 si
390 735 491 778 haec
527 738 677 779 inserta
713 738 848 786 t'uerit,
873 738 1084 779 constituit
1108 749 1259 791 corpus
1282 748 1352 778 seu
1378 734 1585 778 obiectum
1611 737 1747 791 signa-

116 812 245 858 turae,
266 807 371 850 idest
405 812 564 864 partem
600 810 892 863 expositivam,
917 809 982 850 cui
1018 807 1060 849 30
1095 809 1283 864 sequitur
1308 820 1402 862 pars
1425 806 1683 862 (lispositixa,
1709 809 1746 850 in

115 890 195 936 qua
231 877 277 922 R.
313 878 498 921 Pontifex
537 878 599 921 vel
636 881 674 922 S.
709 877 985 935 Congregatio
1018 880 1213 934 exprimit
1243 882 1282 919 et
1316 890 1400 920 rem
1436 890 1674 920 concessam
1711 883 1749 921 et

115 949 373 992 conditiones
418 950 549 993 iactae
591 951 883 1001 concessionis,
918 949 967 992 de
1011 935 1162 1006 q'uibus
1207 950 1243 990 in
1288 961 1445 991 canone
1484 948 1638 990 dictum
1675 953 1747 992 est.

116 1019 260 1074 Quoad
308 1020 564 1063 materialem
612 1022 906 1076 rescriptorum
954 1024 1160 1067 naturam,
1194 1019 1329 1076 (pior-ml
1366 1032 1411 1061 ea
1452 1032 1600 1074 nempe
1643 1031 1750 1076 quae

115 1092 252 1133 statim
289 1092 326 1133 in
362 1092 421 1134 eis
455 1093 743 1147 inspiciuntur:
769 1095 829 1133 est
855 1090 1037 1147 legitima
1065 1092 1212 1143 t'orma,
1235 1092 1266 1133 si
1294 1091 1572 1146 praemittitur
1601 1103 1748 1132 nomen

114 1164 152 1204 S.
187 1160 530 1218 Congregationis
566 1161 628 1205 131
664 1160 801 1206 Officii
837 1161 1118 1215 rescribentis,
1152 1163 1247 1218 qula
1276 1162 1285 1183 ¹
1327 1176 1346 1200 «
1371 1160 1577 1217 Epistolae
1611 1172 1658 1203 ac
1693 1174 1751 1203 rc-

115 1235 267 1289 scripta
303 1233 545 1289 redigentur
576 1235 856 1276 communiter
881 1235 918 1274 in
944 1232 1064 1282 soliis,
1084 1244 1189 1289 quae
1214 1234 1458 1288 inscriptum
1484 1237 1627 1287 gerant
1652 1244 1750 1274 suae

113 1301 457 1359 Congregationis
491 1317 656 1355 nomen,
703 1303 959 1360 induentque
1003 1304 1177 1345 1011113111
1223 1316 1271 1345 ex
1319 1304 1503 1344 instituto
1541 1301 1751 1345 Romanae

114 1372 263 1418 Curiae
309 1377 581 1431 vigentem».
628 1374 733 1418 Hinc
778 1375 1000 1418 adiiciatur
1043 1378 1204 1431 oportet
1249 1386 1393 1416 annus,
1438 1373 1540 1422 dies,
1587 1375 1752 1426 mensis,

115 1444 241 1499 locus,
266 1449 390 1503 atque
414 1445 509 1489 illae
532 1445 669 1489 adsint
691 1445 1017 1496 subscriptiones
1049 1458 1096 1489 ac
1129 1444 1312 1501 sigillum
1348 1457 1455 1501 quae
1489 1458 1536 1487 ex
1573 1447 1660 1487 iure
1688 1443 1748 1487 131

111 1515 218 1572 stylo
251 1514 400 1559 Curiae
434 1515 646 1559 Romanae
682 1518 954 1573 requiruntur
988 1529 1062 1571 pro
1096 1515 1340 1558 diversitate
1371 1516 1665 1571 rescriptorum
1701 1528 1748 1557 ex

114 1585 180 1631 SS.
217 1585 299 1630 Ru.
333 1586 736 1643 Congregationilms
770 1588 1120 1643 promanantium.

233 1656 378 1709 Quoad
415 1659 588 1700 termam
623 1662 661 1701 et
695 1650 1022 1714 subscriptiones
1055 1657 1254 1700 Actorum
1281 1655 1749 1713 SS.Congregatiomim

115 1732 153 1770 et
186 1727 470 1771 Tribunalium
518 1741 565 1772 ac
610 1726 854 1773 Olliciorum
891 1730 929 1772 S.
964 1728 1094 1779 Sedis,
1129 1728 1180 1770 de
1214 1741 1391 1785 quorum
1437 1726 1751 1770 authenticitate

115 1798 274 1842 facilius
298 1801 336 1842 111
363 1801 478 1855 praxi
504 1804 677 1844 constat.
699 1799 857 1843 consuli
886 1804 1055 1855 possunt
1074 1799 1253 1842 Norinae
1280 1798 1528 1855 peculiares:
1549 1798 1646 1854 Cap.
1670 1796 1748 1840 Vll.

114 1894 171 1900 —
193 1869 280 1912 Art.
317 1869 342 1914 l.
377 1868 525 1926 Congr.
562 1870 602 1914 S.
637 1867 773 1914 0111311
811 1869 868 1912 6⁰.
895 1896 947 1900 ——
972 1870 1060 1914 Art.
1088 1869 1132 1911 ll.
1157 1868 1308 1925 Congr.
1332 1869 1636 1912 (Iouslstorialis
1664 1868 1748 1911 100.

118 1966 168 1971 -—
203 1941 289 1985 Art.
326 1941 388 1983 111.
423 1940 572 1997 Congr.
598 1942 648 1984 de
682 1943 962 1985 sacramentis
1007 1940 1189 1990 130-1'1'0,
1218 1941 1304 1983 240.
1326 1967 1376 1970 —
1401 1941 1487 1984 Art.
1509 1939 1573 1982 tv.
1599 1939 1749 1996 Congr.

113 2010 283 2055 Concilii
319 2012 376 2055 70.
418 2028 438 2052 «
461 2011 715 2068 Congressus
749 2017 886 2055 autem
922 2017 997 2063 est,
1032 2012 1080 2055 ad
1123 2025 1310 2055 normam
1357 2013 1458 2054 iuris
1504 2013 1751 2064 communis,

114 2082 391 2125 ...ordinarias
415 2095 479 2125 res
503 2082 717 2138 expedire,
737 2082 879 2125 solitas
897 2084 1052 2138 gratias
1071 2082 1305 2125 concedere
1330 2083 1489 2124 usitatis
1515 2083 1749 2125 l'ormis...».

114 2178 166 2183 —
191 2153 279 2210 Art.
308 2152 353 2195 X.
379 2151 529 2209 Congr.
556 2167 628 2210 pro
653 2155 829 2209 negotiis
860 2153 1156 2196 ecclesiasticis
1191 2152 1547 2196 extraordinariis.
1579 2151 1751 2194 «Huius

114 2225 267 2280 pariter
299 2222 465 2280 Congr.S
502 2227 649 2268 ...ratio
683 2224 928 2280 disciplinae
963 2226 1179 2266 immutata
1207 2213 1396 2267 manet...
1423 2239 1460 2263 )).
1489 2249 1540 2252 —
1568 2223 1653 2265 Art.
1683 2221 1746 2264 Xi.

112 2293 262 2351 Congr.
296 2295 581 2339 Studiorum...
624 2311 643 2335 «
669 2295 714 2337 40
748 2296 786 2338 Si
822 2308 902 2352 qua
939 2294 1035 2337 13111
1073 2297 1109 2336 111
1147 2299 1357 2350 posterum
1393 2294 1624 2337 studiorum
1654 2293 1749 2337 Uni-

116 2367 288 2408 versitas
322 2370 390 2409 331
427 2365 615 2409 Facultas
649 2378 755 2408 11013
791 2367 999 2419 constitui,
1032 2379 1135 2421 opus
1179 2369 1236 2407 est
1284 2364 1320 2408 id
1369 2366 1456 2407 lieri
1497 2378 1568 2421 per
1602 2364 1746 2407 breve.

113 2434 230 2477 Nulla
282 2438 435 2491 pariter
469 2438 506 2479 in
543 2441 802 2493 praesentem
840 2435 1096 2479 Facultatum
1144 2440 1183 2478 et
1224 2435 1551 2480 Universitatum
1595 2440 1747 2477 statum

113 2507 282 2561 gravior
315 2507 547 2549 immutatio
583 2507 721 2550 induci
759 2510 907 2563 poterit
954 2508 1027 2549 nisi
1076 2519 1148 2562 per
1194 2506 1324 2549 Breve
1351 2522 1389 2548 ».
1424 2533 1478 2539 -
1512 2506 1608 2561 Cap.
1649 2503 1746 2546 Vlll.

114 2575 202 2618 Art.
236 2575 262 2621 l.
298 2575 422 2620 Sacra
458 2577 790 2621 Poenitentiaria.
831 2593 850 2618 ‹<
878 2578 920 2619 3⁰
958 2577 1072 2620 luxta
1109 2581 1365 2620 memoratae
1399 2575 1535 2619 Const.
1571 2575 1616 2618 Ιη
1642 2576 1747 2632 Ape-

113 2645 287 2689 scoticae
310 2645 325 2667 ²
360 2646 509 2690 Bened.
545 2647 635 2690 xlv
672 2651 940 2704 praescripta,
979 2650 1117 2691 omnia
1160 2653 1317 2689 ,vect-eto
1351 2653 1389 2688 et
1421 2646 1561 2703 [χι-(11111
1596 2648 1633 2688 111
1670 2646 1744 2688 boc

112 2729 230 2760 sacro
265 2716 459 2760 tribunali
494 2718 771 2774 expedientur
796 2735 832 2761 >).
861 2718 929 2761 1113
954 2719 1091 2761 Const.
1117 2731 1194 2761 non
1231 2719 1398 2773 respicit
1433 2718 1741 2759 concessionem

112 2792 151 2830 et
170 2800 288 2830 usum
316 2787 669 2843 indulgentiarum
690 2802 799 2832 nunc
819 2791 1017 2845 temporis
1036 2791 1110 2831 sita
1131 2788 1208 2831 sub
1229 2790 1355 2844 ipsius
1374 2787 1609 2830 Tribunalis
1633 2799 1742 2828 com-

247 2941 257 2962 1
287 2939 389 2974 Ordo
414 2940 674 2974 servandus...
705 2940 799 2974 Pars
826 2941 877 2983 Π,
907 2940 1031 2981 QVI.v
1051 2941 1155 2973 1150.
1179 2940 1254 2974 CO.
1276 2940 1306 2979 Ι,
1328 2939 1384 2973 73.
1408 2959 1448 2964 -
1465 2941 1477 2961 '-'
1496 2939 1515 2973 7
1531 2940 1622 2983 Apr.
1648 2939 1748 2972 1'124.
