1950 3313
196 147 262 181 ΠΒ
658 145 743 178 Lm.
772 144 818 178 V.
847 163 860 168 -
887 143 998 177 PARS
1023 143 1076 177 11.
1107 163 1117 169 .
1144 144 1200 179 De
1219 118 1359 189 poenis
1495 142 1590 179 oan.
1615 143 1821 179 2294-2296

192 267 420 310 secuudum
457 278 540 321 reg.
576 265 628 307 87
664 266 765 307 iuris
800 266 837 307 in
874 264 917 307 60
956 263 1224 308 «infamibus
1268 269 1409 321 portae
1447 276 1527 307 non
1562 268 1727 320 pateant
1757 263 1818 306 di-

190 339 393 393 gnitatum
416 351 438 376 ›)
476 338 771 391 exposcuntur,
805 347 930 392 quam
963 337 1091 378 ceteri
1114 334 1190 379 sub
1213 348 1289 391 cap
1342 335 1391 377 13
1430 350 1450 375 (c
1474 335 1525 377 de
1549 333 1813 378 haereticis»

188 407 248 461 (Υ,
284 406 328 463 7)
362 412 401 449 et
432 405 509 449 sub
542 405 712 449 ExtraV.
748 407 959 449 communi
993 405 1156 449 Ioannis
1191 405 1301 449 ΧΧΙΙ
1336 407 1457 448 unica
1495 421 1517 445 α
1540 405 1591 448 de
1625 407 1766 461 poenis
1790 420 1813 445 »

188 479 385 533 expressi.
1261 481 1266 487 '

302 548 330 605 ξ
360 550 401 590 2.
440 546 523 601 Qui
555 547 721 591 laborat
755 547 940 606 infamia
971 546 1091 605 faeti,
1132 547 1262 591 idest:
1298 560 1514 605 usquequo
1553 562 1572 587 <t
1598 546 1703 590 bona
1736 548 1819 589 exi-

185 621 365 662 stimatio
400 619 523 662 fuerit
556 623 799 676 recuperata
821 635 840 660 2>
881 618 988 676 (can.
1026 617 1172 675 ί2295),
1206 617 1358 675 repelli
1380 617 1496 661 debet
1519 617 1570 661 ab
1593 615 1817 662 Ordinario

186 693 274 733 eius
307 689 347 746 a)
383 694 469 732 tant
492 704 518 732 a
549 689 805 747 recipiendis
829 690 937 733 licite
961 688 1180 732 ordinibus
1219 705 1239 729 ‹(
1262 694 1301 732 et
1334 691 1418 745 ipsa
1444 691 1575 745 prima
1600 694 1766 731 tonsura
1790 703 1813 729 »

187 760 294 818 (cau.
331 760 449 817 950),
493 759 548 803 ad
590 774 782 804 normam
815 775 906 803 can.
940 762 1050 809 987,
1084 775 1123 802 n.
1159 763 1202 814 7,
1237 760 1274 803 id
1310 765 1397 803 est:
1435 762 1489 802 uti
1529 759 1819 815 «simpliciter

188 831 412 887 impeditus
434 847 472 887 ))‚
508 830 800 888 dignitatibus,
835 830 1055 887 beneficiis,
1089 829 1243 888 officiis
1266 829 1577 884 ecelesiasticis,
1600 843 1620 873 a
1644 829 1818 886 singulis

189 903 355 958 proprie
387 915 459 945 seu
492 904 635 946 stricto
677 915 798 945 seusu
842 901 976 955 dictis,
1012 900 1053 958 b)
1088 906 1175 943 tam
1207 900 1256 943 ab
1289 900 1518 944 eoeereendo
1554 900 1662 944 licite
1695 914 1816 943 sacro

189 972 424 1032 ministerio
458 975 496 1016 in
531 973 568 1029 §0
604 986 739 1029 praec.
764 973 987 1027 declarato,
1012 978 1051 1015 et
1083 971 1122 1028 c)
1163 971 1349 1028 «repelli
1384 971 1549 1015 debet»
1588 970 1817 1014 attactibus

186 1038 388 1101 leqt'tt'nn's
421 1043 720 1087 ecelesiasticis
760 1044 867 1100 (can.
905 1044 1034 1097 2256,
1066 1042 1125 1087 n.⁰
1161 1043 1239 1098 ⁶20),
1272 1055 1376 1100 quos
1409 1047 1545 1086 tamen
1581 1042 1721 1085 illicite
1752 1055 1814 1085 so-

186 1114 269 1158 lum
305 1120 488 1172 poneret,
524 1120 566 1158 ut
599 1120 758 1158 constat
800 1128 848 1158 ex
889 1113 1117 1158 canonibus
1159 1113 1268 1170 apud
1308 1112 1470 1157 Codicis
1504 1114 1636 1157 fontes
1668 1115 1815 1157 citatis.

310 1186 401 1229 1527.
437 1188 673 1232 Infamiae
704 1188 988 1232 alterutrius
1021 1187 1251 1232 cessatio.
1294 1187 1434 1228 2:295.
1470 1183 1658 1242 Infantia
1691 1183 1817 1235 int-is,

185 1261 325 1314 utpote
350 1269 455 1314 quae
493 1259 621 1300 «iure
655 1259 865 1300 communi
890 1258 1142 1311 statuitur»,
1167 1269 1214 1299 ac
1239 1258 1277 1298 in
1301 1255 1475 1312 singulis
1498 1254 1664 1299 casibus
1689 1256 1814 1311 viget,

185 1319 362 1381 desinitJ
389 1333 594 1385 quatenus
628 1340 757 1384 poena
791 1330 956 1370 incursa
990 1331 1063 1379 est,
1086 1326 1178 1369 sola
1211 1325 1527 1384 dispensatione
1558 1339 1630 1369 seu
1670 1325 1817 1381 «legis

186 1398 483 1442 relaxatione»
521 1400 627 1454 (can.
663 1397 735 1455 80)
771 1412 796 1440 a
830 1397 934 1441 Sede
966 1397 1208 1456 Apostolt'ea
1241 1397 1349 1455 (cau.
1375 1398 1419 1454 7)
1443 1411 1651 1453 concessa,
1676 1401 1816 1452 utpote

187 1483 338 1526 urgens
376 1485 397 1510 α
422 1471 460 1512 in
494 1469 659 1513 casibus
693 1469 869 1526 publicis
902 1481 923 1512 a
958 1473 1157 1525 potestate
1189 1466 1402 1513 Ordinarii
1437 1469 1622 1524 exceptis
1644 1483 1664 1508 ))
1704 1466 1813 1525 (cau.

188 1540 315 1595 2237,
348 1543 372 1594 ἓ
410 1541 444 1595 1,
480 1540 569 1596 30);
604 1539 787 1598 infantia
819 1553 913 1582 vero
946 1538 1053 1597 faeti
1084 1539 1229 1596 supple
1268 1554 1286 1580 ε(
1310 1539 1460 1582 desiuit
1484 1554 1503 1580 ))
1542 1551 1692 1595 urgere
1717 1540 1814 1581 iuri-

186 1611 279 1655 dice
318 1625 407 1654 enm
450 1610 556 1655 bona
598 1610 871 1659 existimatio,
916 1623 1022 1667 quae
1054 1612 1300 1667 supponitur
1338 1612 1594 1661 «amissa»,
1629 1609 1669 1666 a)
1703 1607 1815 1666 apud

187 1681 328 1738 fideles
354 1680 504 1738 probos
537 1686 576 1724 et
605 1695 757 1738 graves
792 1680 832 1738 b)
867 1680 1055 1724 onmibns
1073 1680 1296 1738 perpensis
1321 1683 1510 1723 incursae
1534 1680 1730 1723 infamiae
1753 1691 1817 1722 ea-

186 1766 266 1810 que
300 1755 424 1795 notati
459 1751 673 1795 adiunctis
706 1754 830 1795 etiam
865 1753 1060 1808 externis,
1095 1756 1134 1794 et
1166 1752 1204 1801 cst
1235 1751 1490 1809 praesertim
1522 1749 1728 1793 diuturna
1751 1749 1816 1792 rei

191 1822 286 1867 «ob
321 1837 453 1866 mores
488 1836 676 1880 pravos»
724 1822 1014 1866 emendatione
1056 1821 1203 1880 faerit,
1236 1821 1438 1880 prudenti
1475 1820 1713 1873 Ordinarii,
1748 1823 1812 1864 cui

185 1894 252 1937 ille
276 1895 438 1938 infamis
460 1894 717 1950 subiiciatur,
744 1894 915 1950 indicio,
942 1907 1089 1951 nempe
1113 1894 1221 1952 quod
1249 1893 1314 1936 illa
1345 1909 1366 1934 «
1386 1893 1490 1937 bona
1514 1894 1764 1936 existimatio
1788 1907 1809 1933 ))

185 1968 236 2009 sit
268 1971 532 2022 recuperata,
567 1966 840 2021 exprimendo
877 1965 987 2008 velut
1020 1966 1195 2008 iuridica
1229 1966 1469 2008 cessationis
1501 1964 1697 2007 conditio.

311 2037 403 2080 1⁶28.
439 2038 511 2083 De
543 2039 868 2083 inhabilitatis
899 2051 1062 2094 poena
1093 2037 1175 2079 duo
1200 2036 1377 2079 notanda
1401 2037 1540 2079 statuit
1565 2049 1653 2077 ean.
1674 2036 1814 2077 2996.

188 2108 313 2151 Porro
344 2108 538 2163 explicite
571 2110 717 2151 asserit
748 2110 772 2161 ἓ
805 2110 840 2150 1.
876 2107 919 2152 Si
951 2113 1107 2165 ayatnt·
1128 2106 1179 2150 de
1200 2107 1337 2160 rebus,
1360 2111 1444 2150 tum
1469 2118 1576 2163 quae
1600 2107 1815 2148 inveniun-

187 2182 253 2220 tur
284 2178 361 2221 sub
393 2176 480 2222 Lib.
515 2177 579 2231 ΙΙΙ,
614 2183 699 2220 tum
737 2176 992 2228 muneribus,
1025 2191 1097 2220 seu
1142 2176 1426 2233 potestatibus,
1461 2175 1517 2218 ad
1559 2189 1663 2232 qaas
1706 2188 1815 2217 asse-

187 2247 374 2305 quendas
407 2248 622 2305 capacitas
656 2247 850 2305 (ne1npe:
885 2248 1143 2291 conditiones
1175 2247 1351 2291 subiecti
1384 2247 1433 2290 ad
1472 2246 1725 2289 validitatem
1752 2259 1812 2288 re-

187 2318 407 2375 ceptionis)
430 2319 523 2361 inre
545 2318 752 2361 communi
773 2332 844 2361 seu
868 2317 1031 2362 Codicis
1053 2318 1273 2369 statuitur,
1299 2318 1403 2361 idest
1423 2335 1430 2360 :
1465 2330 1486 2360 a
1520 2329 1714 2373 suprema
1738 2316 1812 2360 Ec-

187 2390 338 2434 clesiae
358 2395 556 2446 potestate
579 2403 627 2433 ac
650 2389 900 2445 generaliter
923 2389 1135 2433 conditum
1154 2391 1206 2432 sit
1225 2391 1298 2443 ius,
1318 2387 1606 2431 inhabilitatis
1623 2401 1814 2445 poenam,

187 2473 267 2518 qua
301 2460 399 2503 illud
435 2464 638 2503 statutum
668 2460 856 2503 inefficax
894 2459 1095 2512 redditur,
1128 2458 1323 2516 ‘insti-(sere
1355 2461 1393 2501 in
1428 2471 1526 2502 casu
1561 2457 1815 2514 particulari,

186 2535 257 2574 aut
288 2543 337 2574 ex
373 2532 641 2587 consequenti
685 2543 757 2586 per
791 2529 923 2586 legem
969 2528 1260 2585 particularem
1297 2528 1538 2583 decernere,
1572 2542 1656 2570 nna
1690 2526 1815 2570 Sedes

186 2600 429 2659 apostoliea
469 2603 573 2654 (can.
609 2600 650 2657 7)
690 2605 838 2657 potest.
888 2598 1086 2643 Videlicet
1125 2612 1146 2642 a
1194 2599 1388 2642 Praelatis
1432 2600 1536 2642 infra
1581 2598 1813 2642 Romanum

185 2672 428 2715 Pontificem
461 2671 644 2714 invalide
677 2675 962 2714 attentaretur.
997 2669 1103 2713 Hinc
1135 2672 1324 2727 arguitur
1366 2671 1577 2713 concessio
1609 2667 1815 2711 facultatis

188 2742 239 2786 de
273 2741 531 2788 inhabilitate
565 2741 827 2785 decernenda
861 2745 901 2784 et
935 2740 1156 2796 infligenda
1192 2741 1326 2797 quoad
1361 2740 1462 2783 alias
1495 2753 1573 2783 res.

307 2811 413 2866 Quia
452 2812 589 2856 «odia
624 2814 815 2868 restringi
850 2813 1088 2856 convenit»
1128 2810 1231 2868 (reg.
1268 2813 1367 2854 iuris
1405 2811 1454 2853 15
1488 2812 1526 2852 in
1562 2809 1639 2866 6⁰),
1673 2809 1815 2852 decer-

191 2886 250 2927 nit
283 2883 301 2939 ξ
333 2885 375 2927 2.
415 2882 513 2925 lara
551 2883 635 2925 iam
670 2882 863 2940 quaesita
907 2885 945 2925 iu
988 2881 1124 2939 aliqua
1162 2895 1204 2925 re
1237 2895 1287 2924 ex
1329 2881 1450 2925 (lictis
1487 2879 1563 2924 sub
1595 2882 1620 2933 ἓ
1656 2879 1696 2922 10
1736 2892 1818 2922 non
