1950 3313
657 153 740 186 TIT.
770 152 820 186 Π.
851 172 862 178 -
890 152 946 187 De
971 153 1251 187 consuetudine
1703 153 1770 187 115

262 273 330 315 89.
366 273 683 317 conditiones
724 272 1089 316 consuetudinis
1133 272 1195 316 de
1232 271 1381 322 facto,
1424 274 1475 315 ut
1498 273 1620 316 haec
1658 285 1771 327 sup-

141 346 276 401 pleat
317 345 492 400 legem‚
526 343 720 397 exprimit
756 355 846 383 ean.
880 344 957 383 28.
996 339 1258 383 Consuetudo
1286 346 1459 398 praeter
1492 340 1637 396 [essem.
1672 344 1766 396 quia

143 414 243 458 haec
278 427 354 456 non
390 417 501 456 extat
536 411 591 453 illl
627 412 851 454 conformis
883 416 951 455 aul
976 414 1196 459 contraria,
1232 426 1338 468 qaae
1371 410 1411 467 a)
1436 411 1615 453 sesemet·
1640 412 1766 454 idest:

142 498 220 528 non
267 491 434 541 propter
476 495 658 526 errorem
707 484 806 524 iuris
849 482 957 539 quod
995 487 1135 538 putent
1171 481 1368 537 obligare,
1403 482 1631 525 secundum
1669 482 1766 525 illud

141 555 250 613 quod
287 557 324 596 in
359 553 451 596 lure
475 552 660 596 Romano
695 555 893 607 scriptum
930 557 989 595 est
1016 553 1056 595 1;
1097 552 1253 606 «Quod
1291 565 1368 594 non
1408 554 1563 595 ratione
1589 553 1769 595 introdu-

141 632 267 679 ctum,
301 624 371 668 sed
407 636 550 667 errore
597 626 790 679 primum,
836 623 985 665 deinde
1018 623 1317 666 consuetudine
1353 622 1564 665 obtentum
1605 628 1691 665 est:
1729 626 1765 665 in

140 698 231 741 aliis
269 695 474 739 similibus
519 707 595 736 non
637 694 791 737 obtinet
819 710 855 739 )).
893 694 931 737 bt
966 708 990 735 a
1024 693 1322 737 communitate
1366 694 1557 737 videlicet
1597 693 1648 735 al)
1679 696 1767 736 eius

142 767 353 818 membris,
372 768 440 823 qui
463 766 573 821 leges
591 771 850 816 reverentur,
870 764 1004 822 quoad
1027 766 1249 807 maximam
1271 777 1413 806 eorum
1436 769 1592 820 partem
1613 764 1656 815 c)
1676 778 1764 807 eum

140 839 280 882 (mimo
324 851 366 879 se
408 835 638 893 obliyamli,
683 837 791 893 quod
841 840 976 892 posset
1018 837 1292 878 coniecturari
1338 848 1385 877 ex
1432 837 1765 883 circumstantiis,

139 910 304 968 quando
342 922 377 949 v.
413 922 473 963 gr.
509 921 602 951 cum
629 921 706 950 non
734 907 813 950 levi
840 906 1117 959 incommodo,
1147 906 1208 948 vel
1238 910 1404 962 propter
1427 905 1635 961 singulare
1659 920 1766 949 rom-

141 984 275 1025 munis
311 980 496 1024 utilitatis
530 981 730 1022 motivum
765 984 933 1021 servata
966 978 1022 1019 sit
1055 977 1404 1035 quandocumque
1438 978 1599 1019 occasio
1632 991 1674 1019 se
1708 979 1764 1018 oi'-

138 1054 253 1102 ferat,
298 1052 428 1108 {essem
471 1050 632 1093 inducit
677 1063 853 1105 nempe:
901 1048 1008 1091 illius
1042 1051 1130 1091 sive
1167 1050 1472 1103 praeceptivae,
1506 1049 1594 1090 sive
1630 1047 1764 1103 prolii-

139 1124 284 1170 bentis,
330 1125 528 1165 irritantis
567 1127 635 1164 aut
677 1120 974 1163 iuliabilitantis
1021 1118 1230 1161 vinculum
1278 1118 1498 1175 iuridicum
1543 1123 1697 1167 causat,
1730 1118 1768 1160 si

135 1195 303 1253 pariter
325 1206 371 1236 ac
407 1195 444 1235 in
482 1182 745 1248 praecedenti
781 1203 938 1234 canone
972 1189 1228 1232 declaratum
1265 1194 1337 1241 est,
1372 1202 1419 1231 ex
1459 1193 1571 1244 parte
1595 1202 1765 1232 consue·

138 1266 292 1309 tudinis
325 1263 365 1321 a)
384 1263 518 1322 fueri!
543 1261 828 1313 rationabilis,
863 1266 901 1303 et
936 1260 978 1318 b)
1004 1260 1189 1317 leqilime
1209 1273 1286 1316 per
1309 1273 1441 1301 simios
1466 1258 1766 1316 quadrayinla,

139 1349 216 1380 non
253 1338 388 1378 minus
422 1348 468 1378 ac
503 1336 534 1377 si
569 1338 675 1377 esset
709 1334 952 1385 contraius,
987 1331 1206 1375 continuos
1239 1336 1278 1373 el
1312 1329 1535 1387 completos
1555 1331 1765 1387 praeseri-

134 1413 223 1466 pta.
258 1407 457 1462 Exceptio
492 1407 662 1449 canonis
698 1404 984 1459 praecedentis
1018 1405 1126 1445 circa
1169 1401 1330 1458 longius
1354 1407 1517 1457 tempus
1542 1414 1618 1443 non
1645 1401 1769 1445 babet

139 1479 275 1522 locum
310 1480 347 1520 in
383 1476 619 1520 huiusmodi
655 1474 968 1519 consuetudine.
1004 1473 1145 1531 ltaque
1178 1472 1316 1517 Codex
1344 1476 1563 1516 conservat
1587 1472 1694 1528 quod
1717 1486 1764 1515 ex

139 1550 230 1593 lure
267 1549 449 1592 Romano
475 1551 511 1591 in
539 1547 827 1591 Ecclesiastico
855 1548 1018 1602 vigebat
1046 1544 1057 1560 ²
1080 1562 1087 1587 :
1128 1560 1147 1584 «
1171 1544 1373 1587 Diutui·na
1408 1543 1664 1586 consuetudo
1694 1557 1767 1600 pro

140 1624 228 1664 iure
271 1624 311 1663 et
353 1619 443 1675 lege
488 1621 525 1661 in
569 1618 631 1661 liis
672 1630 778 1675 quae
818 1629 896 1660 non
941 1630 990 1659 ex
1030 1618 1187 1670 scripto
1231 1615 1516 1658 descendunt:
1551 1613 1765 1657 observari

139 1691 241 1734 solet
266 1707 303 1732 i).

258 1762 326 1805 90.
362 1763 580 1807 Effectus
604 1761 971 1806 consuetudinis
1004 1760 1269 1805 secundum
1298 1760 1372 1803 ius
1404 1759 1602 1813 scriptum
1629 1757 1710 1799 duo
1743 1769 1764 1799 a

139 1834 361 1876 canonistis
399 1833 634 1875 enumerari
678 1830 821 1873 solent.
869 1829 1028 1872 Primus
1071 1829 1303 1872 desumitur
1345 1841 1394 1871 ex
1439 1828 1549 1871 (licto
1582 1826 1764 1871 Gratiani

141 1909 227 1960 post
262 1915 349 1960 cap.
386 1906 409 1947 3
444 1903 536 1946 dist.
572 1901 649 1945 lv:
690 1900 905 1957 «Leges...
942 1902 1173 1952 tirmantur,
1207 1913 1300 1942 cum
1337 1898 1520 1942 moribus
1563 1900 1765 1941 utentium

138 1975 434 2031 approbantur.
468 1974 582 2016 Sicut
615 1975 723 2016 enim
760 1971 944 2014 moribus
978 1973 1179 2014 utentium
1205 1972 1242 2012 iu
1268 1972 1520 2013 contrarium
1547 1968 1767 2012 nonnullae

140 2046 252 2102 leges
286 2045 408 2088 hodie
440 2044 665 2100 abrogatae
699 2047 807 2094 suut,
840 2045 893 2085 ita
930 2041 1114 2085 moribus
1149 2043 1349 2083 utentium
1386 2042 1498 2097 ipsae
1534 2039 1644 2096 leges
1676 2053 1769 2083 con-

139 2118 418 2160 firmantur».
458 2116 647 2159 Attamen
683 2114 786 2157 baec
819 2114 1079 2158 confirmatio
1113 2111 1210 2154 nihil
1247 2111 1363 2154 addit
1405 2114 1492 2154 iure
1526 2111 1765 2154 distinctum

139 2200 160 2231 a
195 2187 297 2244 legis
330 2186 594 2230 observantia
628 2199 698 2229 seu
738 2187 893 2241 vigore,
929 2183 1038 2226 unde
1073 2185 1219 2226 merito
1255 2184 1329 2225 fuit
1353 2184 1502 2225 omissa
1530 2184 1566 2224 in
1592 2195 1681 2225 ean.
1706 2183 1767 2223 99

139 2261 208 2316 qui
243 2263 303 2302 est
336 2259 558 2302 conformis
594 2257 673 2300 luri
706 2256 986 2300 Romanorum
1022 2257 1080 2297 sic
1112 2256 1265 2297 aienti:
1292 2253 1306 2275 ³
1345 2269 1364 2293 (ι
1384 2252 1423 2296 Si
1448 2253 1499 2296 de
1524 2255 1765 2308 interpreta-

140 2332 250 2373 tione
284 2330 386 2386 legis
428 2333 665 2387 quaeratur,
702 2329 906 2383 imprimis
940 2325 1240 2382 inspiciendum
1287 2328 1347 2367 est
1384 2337 1465 2382 quo
1501 2326 1587 2366 iure
1621 2325 1769 2366 cix-itas

141 2404 250 2442 retro
285 2402 322 2442 in
357 2399 560 2443 eiusmodi
595 2397 760 2442 casibus
792 2410 863 2440 usa
899 2397 1063 2439 fuisset:
1098 2398 1250 2452 optima
1287 2397 1394 2437 enim
1431 2399 1489 2437 est
1526 2394 1660 2449 legum
1708 2395 1766 2435 in-

140 2474 299 2526 terpres
331 2470 587 2513 consuetudo
613 2485 650 2510 ›).
686 2468 791 2511 Huic
825 2471 1022 2511 consonat
1047 2480 1130 2523 reg.
1157 2466 1211 2509 45
1236 2465 1339 2508 luris
1374 2468 1411 2508 in
1448 2464 1520 2507 6⁰:
1560 2480 1579 2504 «
1601 2464 1765 2519 lnspici-

142 2554 232 2584 mus
267 2543 304 2583 in
337 2540 583 2585 obscuris...
613 2540 720 2597 quod
764 2539 1008 2595 plerumque
1052 2538 1138 2580 tieri
1174 2538 1389 2580 consuevit
1415 2552 1453 2576 )).
1488 2535 1603 2579 [ndo
1637 2546 1766 2577 canon

141 2614 321 2655 retinens
353 2611 581 2654 clausulam
617 2624 708 2667 cap.
743 2610 767 2653 8
807 2609 900 2653 «de
934 2608 1233 2652 consuetudine
1258 2623 1277 2647 ))
1318 2606 1364 2663 (Ι,
1400 2606 1443 2662 4)
1467 2608 1550 2648 ait:
1589 2603 1767 2647 Consue-

142 2680 239 2724 tudo
273 2681 405 2738 legem
441 2680 766 2725 ecclesiasticam
802 2692 1139 2736 praesupponens
1172 2681 1236 2721 cui
1274 2691 1351 2720 non
1387 2678 1675 2719 contrariatur,
1706 2679 1766 2715 es!

140 2752 312 2810 optima,
362 2752 533 2808 proinde
583 2752 955 2807 «interpretationi
999 2749 1260 2792 authenticae
1308 2761 1378 2803 per
1409 2747 1573 2789 modum
1616 2745 1760 2800 legis»

259 2860 269 2880 1
297 2858 344 2892 D.
371 2857 459 2891 Lib.
487 2858 519 2900 1,
548 2857 615 2891 tit.
653 2857 725 2900 111,
761 2857 786 2890 1.
823 2857 881 2891 39.
913 2876 953 2880 -
981 2856 994 2877 Ξ
1021 2855 1067 2888 D.
1098 2854 1183 2888 Lib.
1214 2854 1243 2896 1,
1274 2853 1338 2887 tit.
1368 2852 1440 2894 111,
1470 2853 1494 2886 1.
1524 2852 1580 2886 33.
1608 2871 1648 2875 -Δ-
1676 2851 1689 2871 ³
1716 2850 1762 2883 D.

140 2907 226 2941 Lib.
252 2906 284 2949 1,
313 2905 379 2939 tu.
408 2905 480 2944 111,
508 2905 534 2938 1.
563 2904 622 2938 37.
