1950 3313
150 144 246 180 (Ἰιη.
273 143 478 178 2390-2391
530 143 614 178 Tl'r.
644 143 793 178 XVIII.
823 165 834 171 -
862 146 918 180 De
943 147 1017 180 del.
1040 150 1078 181 1²71
1107 149 1193 182 coll.
1215 150 1296 183 ben.
1317 151 1403 184 eccl.
1714 152 1782 188 307

154 263 192 318 b)
225 269 372 307 eontra
406 262 643 306 libertatem
677 264 1034 322 canonieane‚‹pia
1070 266 1243 310 ccclesia
1277 268 1459 324 gaudere
1493 269 1613 313 debet
1638 273 1674 313 in
1699 274 1783 315 suis

151 333 352 391 collegiis,
387 336 427 388 c)
462 332 697 376 immiscere
720 335 829 391 qumi
860 340 1022 379 vetatur
1057 339 1093 379 in
1129 351 1218 381 can.
1242 341 1309 383 cit.
1340 338 1383 396 d)
1404 341 1781 398 praesenumeratl,

153 407 280 461 igitur
312 404 362 448 ad
397 416 584 447 normam
618 416 708 448 can.
745 405 871 460 2229,
896 406 923 461 ξ
950 407 994 460 23
1031 420 1108 449 non
1144 413 1279 451 autem
1317 409 1371 451 illi
1408 413 1634 466 puniuntur
1668 425 1781 468 prae-

150 477 255 519 senti
289 488 463 526 canone,
486 474 556 517 sed
593 480 780 530 respectu
808 475 946 519 habito
969 477 1018 520 ad
1045 477 1278 521 huiusmodi
1314 481 1628 524 determinatam
1656 487 1781 526 trans-

151 547 425 602 gressionem,
461 544 493 586 1⁰
526 544 726 588 electores
759 547 909 601 singuli
946 548 1017 604 qui
1051 546 1157 591 lianc
1191 549 1491 593 innnioelionem
1515 553 1551 605 a)
1575 552 1779 595 sollieita-

150 615 288 659 ‹cert‘nt
321 615 541 658 excitando
583 615 709 659 laicos
757 616 817 659 vel
863 618 1118 661 saecularem
1166 624 1420 675 potestatem,
1462 620 1504 677 b)
1545 622 1605 664 rel
1636 629 1781 680 sponte

150 689 173 729 i.
209 700 244 730 e.
279 689 366 728 sine
404 688 456 738 vi,
492 690 602 729 metu
648 691 717 729 aut
767 687 860 729 dolo
911 689 1064 731 intlicto
1107 688 1357 732 admiserint
1402 691 1491 733 illos
1522 706 1611 736 sese
1646 696 1777 736 immi-

147 763 310 801 scentes
345 762 385 800 nt
419 769 557 813 supra,
590 757 680 814 ipso
715 758 828 814 sueto
862 759 1165 803 sollicitationis
1211 761 1272 804 vel
1318 763 1579 805 admissionis
1624 765 1780 819 praedi-

148 833 323 882 ctarum,
358 833 481 886 atquc
517 828 609 871 illae
642 831 826 872 actiones
869 836 962 872 sunt
1003 830 1152 874 delicta
1198 845 1270 887 pro
1309 832 1459 889 quibus
1489 834 1649 890 privati
1682 842 1779 878 sunt

145 912 224 957 pro
257 913 307 942 ea
339 898 426 942 vice
459 901 710 955 provisionis
737 913 807 956 per
830 900 1074 944 electionem
1101 902 1194 945 iure
1225 902 1422 959 eliyemli,
1447 905 1553 961 ‹piod
1580 909 1780 948 accrescit

147 972 298 1014 ceteris
330 969 580 1013 electoribus
605 984 682 1013 non
707 970 1068 1028 delinquentibus3
1103 985 1150 1016 ac
1175 972 1226 1015 110
1251 974 1322 1031 qui
1347 988 1439 1017 cero
1463 989 1564 1017 suae
1586 975 1780 1018 elei-lieni

151 1040 297 1084 taliter
328 1040 470 1097 saetae
506 1041 687 1085 scilicet:
733 1055 826 1085 cuin
869 1043 1079 1099 praedicta
1125 1046 1384 1087 immixtione
1430 1045 1560 1087 laicali
1601 1047 1780 1089 scienter

149 1112 282 1169 quoad
334 1111 411 1155 hoc
460 1111 674 1155 electionis
710 1114 855 1155 vitium
890 1114 1149 1156 consenserit
1187 1119 1357 1158 externe
1400 1116 1566 1172 ‹piidem
1602 1117 1649 1159 ad
1688 1130 1777 1159 nor-

151 1195 260 1226 mam
293 1194 384 1226 can.
421 1182 516 1234 175,
550 1182 595 1239 fit
628 1182 685 1226 acl
716 1183 895 1241 officium
940 1183 1001 1227 cel
1044 1185 1299 1241 beneficiarii,
1332 1189 1474 1229 stricto
1517 1200 1636 1230 sensu
1673 1190 1780 1230 acci-

149 1253 298 1310 piendo
332 1257 557 1311 utrumque
590 1254 640 1297 ad
677 1267 863 1297 normani
899 1268 989 1299 can.
1028 1256 1124 1309 145,
1163 1257 1288 1309 1409,
1322 1257 1372 1299 (le
1405 1271 1482 1314 qno
1517 1257 1675 1314 ayitur,
1700 1272 1777 1301 non

146 1324 196 1367 ad
221 1323 313 1379 alia,
337 1324 428 1382 ipso
450 1324 565 1382 facto
588 1324 806 1375 inhabilis,
831 1325 1011 1370 scilicet:
1043 1326 1093 1370 ad
1122 1326 1300 1370 validam
1326 1330 1629 1384 susceptionem
1657 1329 1778 1372 illius.

145 1394 256 1451 Ergo
290 1394 354 1439 bic
387 1408 519 1439 canon
555 1409 633 1438 non
669 1400 729 1439 est
762 1397 1051 1440 extendendus
1076 1398 1125 1441 ad
1150 1397 1252 1441 alias
1285 1399 1508 1442 electiones
1541 1402 1733 1457 quamtis
1756 1412 1777 1443 a

146 1465 322 1522 collegio
356 1466 605 1510 clericorum
644 1466 707 1510 vel
744 1467 1034 1524 religiosorum
1071 1473 1259 1525 peractas
1291 1483 1340 1512 ex
1376 1481 1464 1513 can.
1492 1469 1618 1524 2219,
1641 1472 1668 1527 ς’
1701 1471 1723 1513 3
1750 1471 1778 1526 ¹,

147 1539 223 1580 nisi
259 1538 439 1581 officium
474 1538 623 1582 habeat
657 1543 899 1595 potestatem
934 1539 1077 1582 saltem
1114 1540 1429 1594 dominativam,
1463 1553 1542 1598 qua
1578 1543 1615 1583 in
1651 1541 1778 1598 hypo-

147 1608 252 1651 tliesi
286 1611 409 1652 etiam
446 1609 782 1665 interpretandus
815 1610 865 1653 de
902 1609 1171 1666 religionibus
1209 1610 1424 1654 laicalibus
1461 1624 1507 1655 ac
1543 1611 1777 1666 mulierum,

147 1692 196 1722 eo
229 1679 338 1736 quod
366 1678 475 1736 (can.
501 1680 645 1738 145,§
669 1679 712 1737 s¹2)
742 1696 761 1720 ((
786 1694 834 1723 ex
861 1686 1056 1724 contextu
1081 1684 1283 1724 sermonis
1307 1687 1502 1737 appareat
1525 1698 1545 1723 ›)
1585 1682 1777 1738 idipsum,

146 1763 197 1793 ne
235 1749 409 1794 verbum
451 1766 470 1791 c<
497 1750 788 1807 religiosorum
813 1767 832 1792 ))
874 1751 1073 1795 inutiliter
1096 1756 1166 1795 aut.
1190 1754 1415 1808 improprie
1445 1755 1619 1808 positum
1654 1756 1705 1796 sit
1740 1756 1777 1796 in

147 1833 318 1864 canone.

268 1891 366 1934 236.
402 1894 600 1945 Electi0‚
623 1907 719 1938 non
754 1897 956 1939 servata
988 1895 1150 1939 forma
1182 1896 1511 1947 substantiali,
1535 1898 1583 1940 et
1607 1899 1780 1941 contra

146 1964 470 2019 designantes
493 1966 706 2010 scienter
729 1978 994 2021 personam
1018 1967 1286 2021 indignam.
1311 1991 1363 1994 —
1388 1966 1502 2008 Sicut
1527 1966 1780 2021 praecedens

119 2075 122 2078 Α
145 2046 277 2077 canon
303 2047 375 2090 pro
398 2037 595 2078 canonica
623 2035 871 2078 electionum
899 2035 1088 2079 libertate
1111 2038 1358 2079 constitutus
1388 2041 1460 2089 est,
1485 2039 1543 2079 sic
1567 2036 1780 2080 electionis

146 2104 448 2161 legitimitatem
486 2107 664 2161 protegit
698 2120 788 2147 eanx
823 2107 955 2149 2391.
989 2105 1016 2164 ἓ
1052 2106 1088 2148 1.
1127 2105 1355 2162 Colleqium
1392 2109 1539 2163 ipsum,
1575 2120 1651 2149 non
1687 2120 1779 2150 con-

144 2174 338 2218 sideratis
370 2174 545 2232 singulis
578 2175 841 2229 electoribus,
868 2175 977 2233 quod
1002 2175 1220 2233 incliqnum
1245 2175 1476 2219 subiectum
1501 2177 1681 2219 scienter
1703 2176 1779 2219 ele-

141 2245 270 2302 gerit,
302 2259 409 2303 quae
452 2248 625 2290 scientia
668 2247 847 2290 diversis
892 2246 1205 2303 probationibus
1248 2252 1438 2290 constare
1477 2252 1778 2305 potestatique

146 2319 435 2373 praesumitur,
472 2317 639 2375 quando
674 2318 871 2361 fundatur
907 2318 1130 2374 indignitas
1164 2320 1201 2360 in
1242 2318 1376 2374 «lege
1410 2323 1480 2361 aut.
1514 2331 1640 2374 poena
1666 2323 1776 2361 certa

145 2391 216 2430 aut
248 2389 286 2430 in
322 2388 429 2431 facto
462 2387 581 2432 electi
615 2391 821 2431 notorio»
860 2388 909 2432 ad
945 2401 1131 2432 normam
1168 2402 1260 2432 can.
1294 2390 1355 2440 16,
1388 2389 1416 2446 g
1451 2389 1494 2442 93
1530 2388 1618 2446 ipso
1655 2391 1780 2445 igitur

148 2458 356 2514 praefatae
398 2458 612 2502 electionis
643 2458 758 2517 facto
792 2459 1014 2516 collegium
1047 2460 1246 2516 privatur
1276 2473 1354 2517 pro
1388 2474 1435 2501 ea
1472 2460 1567 2507 viee,
1600 2459 1777 2503 scilicet:

145 2542 220 2586 pro
243 2541 290 2572 ea
314 2529 436 2573 officii
462 2532 714 2586 provisione,
738 2529 832 2573 iure
855 2530 910 2573 acl
934 2544 1081 2573 nocam
1114 2530 1353 2573 electionem
1386 2529 1640 2588 procedendi
1663 2532 1777 2587 equi—

145 2599 241 2644 dem
278 2599 428 2643 valide.

263 2730 274 2751 ¹
302 2728 396 2764 Can.
423 2730 530 2773 2219,
559 2733 578 2772 ξ
604 2730 638 2764 3.
667 2730 753 2764 Non
782 2731 879 2765 licet,
897 2742 1060 2776 poenam
1087 2730 1132 2764 de
1159 2742 1323 2775 persona
1349 2730 1395 2764 ad
1423 2741 1624 2775 personam
1645 2729 1705 2763 vel
1725 2729 1770 2762 de

143 2787 236 2811 casu
275 2776 322 2810 ad
360 2788 493 2810 casum
530 2777 754 2822 producere,
787 2779 969 2823 quamvis
998 2790 1065 2822 par
1091 2777 1196 2812 adsit
1223 2779 1334 2816 ratio,
1365 2778 1437 2811 imo
1465 2777 1630 2821 gravior,
1663 2776 1771 2809 salvo

144 2828 275 2858 tamen
302 2824 541 2868 praescripto
567 2836 654 2858 can.
683 2825 790 2859 2231.
