1950 3313
125 168 171 203 90
586 167 671 201 Lm.
700 167 746 201 V.
777 187 789 191 —
817 167 928 201 PARS
953 167 1005 200 ΙΙ.
1035 187 1047 192 -
1074 170 1132 202 De
1151 171 1289 213 poenis

125 289 241 323 iuncto
255 298 358 323 onere
374 286 587 326 recurrendi.r
607 285 671 320 sub
690 296 799 331 poena
817 285 905 321 rein-

121 336 304 375 cidentiae‚
324 335 416 368 intra
437 343 590 368 mensem
610 333 732 367 saltem
762 343 821 378 per
837 333 906 378 epi-

121 383 243 417 stolam
271 387 302 416 et
332 392 390 426 per
416 380 683 419 confessarium,
711 380 737 413 si
769 380 800 414 id
831 379 902 415 fieri

123 430 225 474 possit
259 429 334 463 sine
371 427 465 472 gravi
507 427 740 468 incommodo,
769 427 904 463 reticito

123 477 275 512 nomine.
304 476 346 510 ad
375 476 410 509 S.
443 474 749 509 poenitentiariam
782 474 832 510 vel
859 476 901 510 ad

123 523 327 569 Episcopum
353 523 508 557 aliumve
522 520 743 567 Superiorem
773 522 902 567 praedi-

121 576 192 605 tum
224 570 385 605 facultate
406 574 439 604 et
465 569 580 604 standi
608 569 683 604 eius
711 569 898 604 mandatis.

168 622 185 658 ξ
212 617 244 650 2).
277 616 366 651 Nibil
395 617 541 662 impedit
568 617 758 662 quominus
788 617 900 662 poeni-

120 670 209 703 tens,
238 665 342 699 etiam
384 669 458 710 post
495 669 688 709 acceptam.
719 669 755 699 ut
781 676 898 710 supra,

118 711 385 753 absolutionem7
412 712 498 746 iacto
525 722 662 757 quoque
688 723 832 747 recursu
857 712 901 747 ad

121 758 354 803 Superiorem.
383 758 491 793 alium
519 759 620 794 adeat
645 759 898 794 confessarium

121 806 281 841 facultate
310 807 516 852 praeditum,
543 807 587 841 ab
613 817 734 852 eoque,
755 807 898 852 repetita

118 853 336 888 confessione
361 853 483 889 saltem
503 854 617 889 delicti
638 865 716 889 cum
737 865 897 894 censura,

118 906 353 946 consequatur
365 901 642 942 absolutionem
665 913 734 947 qua
748 901 898 941 obtenta,

121 948 287 983 mandata
317 948 361 983 ab
395 948 514 984 eodem
548 949 707 995 accipiat,
739 949 823 994 quin
856 954 900 984 te-

978 290 1102 321 neatur
1130 291 1244 332 postea
1275 292 1369 323 stare
1400 287 1479 323 aliis
1514 287 1690 322 mandatis
1715 298 1754 323 ex

978 338 1074 379 parte
1100 332 1295 379 Superioris
1320 334 1661 380 supervenientibus.

1024 384 1044 423 ἓ
1070 380 1102 416 3.
1133 381 1231 426 Quod
1252 382 1278 416 si
1300 382 1334 417 in
1354 393 1436 417 casu
1461 382 1580 427 aliquo
1604 386 1756 417 extraor-

975 428 1112 463 dinario
1139 429 1194 464 hic
1220 440 1380 464 recursus
1414 429 1458 464 sit
1494 429 1670 464 moraliter
1695 429 1756 463 im-

978 476 1164 521 possibilis,
1198 482 1282 512 tunc
1321 478 1467 523 ipsemet
1504 476 1751 518 confessarius,

974 528 1115 569 excepto
1141 534 1224 559 casu
1250 535 1318 570 quo
1335 529 1459 569 agatur
1478 524 1520 559 de
1536 524 1756 559 absolutione

974 581 1142 606 censurae
1168 571 1209 606 de
1237 582 1306 617 qua
1340 572 1374 606 in
1409 583 1486 606 can.
1513 570 1618 613 2367,
1647 575 1755 616 potest

973 618 1228 654 absolutionem
1264 619 1452 654 concedere
1481 619 1558 654 sine
1583 629 1687 653 onere
1713 618 1754 653 de

974 676 1042 710 quo
1079 677 1198 711 supra,
1240 666 1408 701 iniunctis
1442 671 1560 701 tamen
1599 666 1641 700 de
1680 666 1754 701 iure

974 712 1215 756 iniungendis,
1243 718 1276 748 et
1304 713 1466 760 imposita
1499 723 1653 758 congrua
1682 723 1753 758 poe-

974 759 1123 795 nitentia
1140 765 1173 796 et
1191 761 1427 796 satisfactione
1447 771 1506 806 pro
1524 771 1682 799 censura,
1706 761 1755 795 ita

974 813 1011 842 ut
1038 809 1231 853 poenitens,
1254 809 1320 843 nisi
1341 809 1433 843 intra
1459 819 1652 853 congruum
1671 811 1754 843 tem-

975 865 1038 900 pus
1056 865 1076 889 a
1094 855 1305 890 confessario
1332 855 1609 901 praefiniendum
1640 855 1754 900 poeni-

972 901 1118 937 tentiam
1137 903 1245 947 egerit
1261 914 1302 938 ac
1316 903 1589 938 satisfactionem
1609 902 1753 946 dederit,
1815 945 1819 948 ι

972 949 1103 984 recidat
1129 950 1164 983 in
1193 960 1390 985 censuram.

238 1068 304 1111 63.
341 1069 691 1124 Inscriptiones
725 1068 981 1120 Sectionis‚
1004 1069 1152 1113 Tituli
1183 1074 1232 1114 et
1256 1070 1459 1125 Capitis.
1481 1094 1538 1099 —
1563 1066 1752 1110 Vidimus

118 1140 154 1180 in
190 1151 278 1182 can.
315 1138 442 1194 ζ2216,
476 1138 586 1195 quod
611 1154 633 1179 «
658 1140 695 1181 in
730 1137 916 1182 Ecclesia
951 1138 1242 1195 delinquentes
1278 1141 1505 1195 puniuntur
1529 1155 1547 1180 ))
1571 1139 1752 1182 diversis

118 1211 270 1265 poenis.
306 1208 407 1252 Cum
445 1211 570 1265 igitur
610 1209 826 1267 bucusque
862 1212 1103 1253 tractaverit
1137 1208 1274 1253 Codex
1311 1210 1362 1253 de
1398 1209 1476 1253 illis
1509 1212 1547 1252 in
1582 1224 1749 1266 genere,

117 1280 220 1323 dans
254 1281 507 1336 praescripta
541 1279 734 1324 omnibus
767 1280 1148 1335 communiamunc
1183 1283 1347 1337 ponitur
1382 1280 1516 1324 Seelio
1551 1279 1595 1323 II
1628 1280 1750 1324 buius

120 1351 248 1394 Partis
280 1350 489 1394 secundae
524 1350 631 1395 Libri
670 1350 699 1393 V
733 1351 782 1394 ad
820 1352 1081 1395 tractandum
1122 1351 1179 1394 De
1208 1352 1355 1409 poem's
1402 1351 1455 1395 ibi
1496 1355 1749 1395 enumeratis

119 1421 159 1462 in
194 1421 343 1478 speeie)
378 1426 583 1476 quatenus
631 1435 723 1465 cum
774 1424 924 1465 ceteris
971 1424 1226 1465 conveniunt
1274 1422 1448 1466 iuridice
1486 1421 1538 1466 ob
1570 1435 1750 1466 canones

118 1492 429 1547 praecedentes,
463 1505 510 1536 ac
546 1498 688 1536 mutuo
732 1493 928 1536 differunt
962 1499 1128 1550 propter
1170 1498 1403 1550 sequentes.
1440 1493 1654 1536 Praeterea
1689 1493 1750 1536 di-

119 1565 220 1605 visio
256 1565 292 1605 in
329 1565 395 1606 cit.
431 1576 520 1607 can.
555 1563 777 1617 declarata,
813 1566 942 1618 exigit
985 1563 1311 1607 subdivisionem
1357 1564 1559 1607 Sectionis
1592 1566 1630 1606 in
1666 1568 1749 1607 tres

115 1632 284 1678 Titulos.
322 1634 482 1677 Primus
515 1639 573 1677 est
613 1633 776 1677 Titulus
821 1633 924 1679 VIII.
965 1634 1022 1677 De
1050 1635 1198 1692 poenis
1241 1634 1562 1677 medicinalibus
1594 1648 1666 1676 seu
1697 1633 1748 1677 de

115 1705 320 1759 censuris,
351 1718 456 1762 quae
491 1708 703 1762 inscriptio
738 1708 817 1748 iam
855 1705 922 1748 illo
957 1708 994 1748 in
1031 1705 1118 1749 loco
1151 1707 1223 1749 tuit
1258 1705 1620 1762 explicata‚atque
1655 1718 1746 1761 pro-

114 1789 254 1819 cessus
289 1776 447 1832 logicus
480 1779 648 1832 expetit,
677 1781 716 1820 ut
741 1777 822 1820 duo
840 1776 982 1833 Capita
1017 1776 1317 1820 subnectantur
1339 1779 1388 1831 ei,
1409 1781 1532 1833 atque
1556 1775 1690 1834 Caput
1715 1775 1744 1818 Ι.

114 1846 353 1890 inscribitur
391 1846 447 1889 De
480 1848 669 1890 censuris
704 1848 744 1890 in
776 1861 942 1905 genere,
975 1850 1033 1891 sic
1074 1850 1248 1891 inlinens
1292 1850 1329 1890 in
1374 1861 1422 1890 eo
1468 1849 1643 1890 inveniri
1678 1859 1745 1890 ca-

114 1931 253 1968 nones,
287 1931 464 1975 quorum
503 1921 755 1974 praescripta
790 1918 1044 1976 quibuslibet
1077 1931 1218 1961 earum
1269 1931 1494 1974 poenarum
1538 1922 1744 1974 aptantur.

232 1988 298 2033 64.
336 1991 587 2035 Canonum
622 1991 931 2035 coordinatio
964 1991 1022 2032 sic
1057 1988 1189 2044 logice
1223 1989 1326 2032 iacta
1351 1992 1424 2039 est,
1446 1993 1487 2030 ut
1513 1990 1640 2043 posita
1676 2001 1745 2029 no-

113 2061 220 2101 tione
254 2071 456 2102 censurae
480 2073 572 2102 cum
599 2062 832 2103 necessaria
857 2059 1222 2102 animadversione
1246 2061 1283 2101 in
1309 2071 1399 2102 can.
1422 2058 1548 2111 2‘241,
1574 2058 1743 2100 inflictio

112 2141 253 2172 earum
289 2130 589 2183 consideretur,
615 2130 750 2187 quoad
781 2130 978 2173 delictum
1006 2132 1043 2172 in
1069 2142 1333 2186 quocumque
1366 2142 1462 2172 casu
1499 2130 1740 2185 requisitum

113 2213 184 2255 per
217 2213 305 2243 can.
342 2201 469 2251 2242,
505 2206 544 2244 et
578 2214 658 2258 quo
692 2215 785 2244 cum
821 2201 968 2244 eflectu
1004 2214 1077 2257 per
1107 2202 1352 2243 sententiam
1387 2204 1457 2242 aut
1490 2199 1539 2242 ad
1572 2199 1740 2242 modum

112 2273 320 2327 praecepti
362 2271 439 2315 sub
482 2284 571 2315 can.
610 2271 734 2314 2243.
770 2271 1009 2328 Sequuntur
1047 2271 1128 2314 duo
1166 2283 1345 2314 canones
1380 2270 1508 2324 2244,
1542 2270 1656 2312 020245
1690 2270 1741 2312 de

109 2354 380 2385 censurarum
431 2343 711 2397 distinctione,
746 2347 830 2385 tum
879 2344 1091 2385 numerica
1141 2355 1213 2384 seu
1258 2344 1295 2383 in
1339 2340 1539 2395 subiecto,
1574 2346 1658 2383 tum
1701 2343 1745 2383 in·

106 2414 251 2468 scipsis
283 2426 406 2456 causa
442 2416 751 2456 reservationis.
789 2412 920 2456 Huius
956 2426 1053 2456 vero
1086 2412 1292 2455 servanda
1327 2412 1739 2467 conditio,interpre-

109 2485 205 2526 tatio
238 2489 361 2540 atque
397 2484 595 2540 implicite
628 2489 866 2527 contentum
903 2483 1123 2526 traduntur
1146 2495 1167 2526 a
1192 2496 1281 2525 can.
1307 2482 1433 2534 2246,
1454 2487 1577 2539 atque
1613 2485 1740 2537 ipsius

107 2566 126 2596 a
164 2556 251 2596 iure
287 2554 552 2597 limitationes
585 2554 753 2598 exhibet
786 2567 875 2599 can.
912 2554 1038 2597 2247.
1073 2553 1132 2596 De
1165 2553 1423 2597 absolutione
1466 2566 1736 2596 censurarum

108 2630 284 2667 tractant
316 2639 496 2668 canones
530 2639 660 2683 usque
692 2626 741 2669 ad
778 2628 924 2682 capitis
957 2626 1105 2668 finem:
1131 2627 1264 2681 primo
1297 2624 1560 2681 quandonam
1598 2624 1662 2667 illa
1687 2627 1738 2667 sit

107 2695 243 2738 danda
277 2700 315 2738 et
347 2709 441 2739 cum
476 2709 554 2752 qua
589 2696 743 2753 duplici
778 2695 944 2753 sequela
980 2695 1153 2738 iuridica
1187 2695 1365 2738 ostendit
1397 2709 1487 2739 can.
1509 2695 1635 2747 <zze-48,
1670 2697 1735 2738 cui

106 2765 298 2809 subditur
320 2779 410 2809 can.
432 2767 543 2809 ‘2249
568 2767 619 2810 de
642 2767 916 2823 amplitudine
948 2765 1230 2820 absolutionis,
1274 2766 1457 2808 secundo
1498 2779 1587 2808 can.
1623 2765 1735 2808 §2250

106 2840 145 2878 et
169 2836 275 2879 2251
307 2836 531 2894 loquuntur
564 2837 615 2879 de
650 2837 847 2880 relatione
880 2836 1150 2880 absolutionis
1181 2849 1452 2878 censurarum
1487 2849 1580 2878 cum
1606 2835 1734 2878 altera

106 2920 125 2949 a
153 2910 345 2962 peccatis,
373 2907 466 2951 binc
500 2907 551 2950 de
586 2907 695 2951 illius
728 2909 857 2951 forma
893 2912 932 2951 et
963 2909 1099 2950 statim
1136 2920 1207 2963 pro
1241 2920 1322 2964 quo
1358 2907 1442 2949 foro
1479 2906 1626 2949 valeat.
1662 2905 1733 2949 De-
