1950 3313
189 177 236 211 30
662 176 745 209 Lus.
774 175 818 209 V.
844 195 857 200 -
881 175 992 208 PARS
1017 175 1049 208 I.
1077 195 1089 200 -
1116 174 1173 209 De
1197 176 1347 210 delictis
1602 174 1694 209 Can.
1720 174 1814 209 2209

189 297 332 340 lictum
366 299 748 348 conununerantur,
786 296 917 350 primo
953 294 1166 350 mandans,
1200 295 1383 338 secundo
1427 295 1627 338 inducens
1659 295 1816 352 aliqua-

189 367 282 410 liter
315 367 363 409 ad
400 366 514 408 illum
551 364 813 421 patrandum,
838 376 886 407 ac
909 364 1078 407 demum
1103 371 1261 420 partem
1295 363 1500 408 habentes·
1526 364 1814 407 secundariam

190 440 228 480 in
261 438 560 493 exsequutione
596 434 717 477 illius.
743 434 949 490 lmpedire
982 439 1118 477 autem
1144 434 1293 478 delicta
1318 448 1396 477 non
1422 437 1606 478 omnium
1631 439 1692 477 est
1715 436 1818 486 iure,

189 510 381 565 quamvis
425 495 682 562 possent'de
726 505 845 559 sacto,
889 518 936 548 ac
980 505 1152 561 proinde
1201 507 1425 562 requiritur
1472 518 1637 562 quoque
1681 510 1724 547 ut
1766 505 1816 548 ad

190 577 500 633 impediendum
547 575 660 631 iliud,
691 588 769 618 non
814 575 945 618 solum
993 575 1219 631 moraliter,
1251 575 1322 619 sed
1367 588 1506 619 coram
1541 575 1723 619 Ecclesia
1759 580 1819 618 te-

191 652 377 691 neantur.

306 718 364 762 De
409 718 472 762 his
518 718 711 762 omnibus
753 720 991 762 successive
1029 730 1077 761 ac
1115 718 1335 761 ordinatim
1382 723 1606 774 pertractat
1648 721 1816 762 maximi

191 791 386 833 momenti
410 803 501 831 can.
523 791 665 832 2209.
690 789 882 832 Attamen
907 789 989 832 duo
1014 788 1263 845 paragraphi
1286 789 1551 832 considerant
1570 792 1681 845 prius
1701 803 1820 845 pecu-

191 861 313 903 liares
361 860 627 916 delinquendi
672 873 719 903 ac
763 859 905 903 delicti
954 859 1225 902 conditiones.
1257 861 1282 913 ἓ
1316 862 1350 902 1.
1389 858 1472 912 Qui
1504 860 1710 902 comma-ni
1746 873 1818 903 seu

192 935 332 973 mutuo
372 935 621 987 pertractato
659 929 933 987 delinquendi
970 929 1244 972 determinate
1282 928 1471 980 coasilio,
1509 934 1549 972 et
1590 935 1819 986 acceptato,

191 1002 280 1058 (seu
304 1007 515 1058 assumpto
548 1001 876 1059 aequipollenter
911 1002 1041 1051 factis,
1078 1005 1119 1042 ut
1153 1002 1191 1042 in
1226 1012 1315 1056 cap.
1346 1000 1395 1043 18
1430 1001 1532 1043 infra
1566 1000 1820 1057 referendo),

191 1085 284 1115 nam
318 1075 527 1130 sequitur:
563 1072 603 1128 a)
638 1071 766 1114 sivilat
800 1074 837 1114 in
875 1071 983 1114 illius
1016 1073 1354 1128 consequentiam
1400 1075 1524 1127 atque
1559 1070 1600 1127 b)
1633 1070 1819 1129 physice,

191 1156 313 1199 opera
358 1156 506 1199 nempe
551 1156 761 1197 manuum,
800 1143 1037 1198 verborum,
1070 1143 1336 1198 scriptorum,
1369 1146 1446 1186 etc.
1483 1155 1554 1198 pro
1588 1140 1692 1197 legis
1726 1155 1819 1198 poe-

192 1214 294 1257 nalis
326 1213 486 1257 obiecto
521 1214 688 1256 diverso
722 1218 978 1256 concurram
1013 1217 1207 1269 tanquam
1241 1215 1340 1255 socii
1366 1212 1409 1254 in
1433 1211 1631 1255 delictum
1656 1214 1821 1268 proprie

191 1286 347 1328 dictum
384 1285 698 1341 perficiendum,
723 1286 819 1341 quia
854 1289 893 1327 et
926 1283 1008 1327 doli
1043 1297 1121 1326 non
1156 1288 1361 1339 expertes,
1387 1287 1426 1326 et
1450 1282 1685 1326 violationis
1719 1282 1820 1339 legis

192 1358 411 1412 participes
444 1358 639 1410 existunt,
675 1369 815 1398 omnes
847 1353 988 1398 eodem
1021 1353 1140 1397 modo
1173 1366 1313 1397 coram
1349 1353 1440 1409 lege
1473 1366 1521 1397 ac
1554 1356 1592 1396 in
1628 1355 1715 1396 foro
1750 1353 1821 1397 Ec-

193 1426 342 1470 clesiae
374 1431 546 1469 externo
580 1426 645 1468 rei
679 1426 788 1469 illius
823 1424 1144 1475 ltabemur‚m'si
1175 1425 1310 1483 quoad
1348 1437 1582 1468 mensuram
1618 1423 1821 1467 adizmcta

191 1499 528 1541 convenientium
565 1499 603 1539 in
640 1496 838 1540 delictum
863 1501 901 1539 et
926 1497 1053 1552 partis
1071 1500 1324 1552 assumptae,
1342 1501 1440 1550 etc„
1465 1495 1662 1547 alieuius,
1693 1495 1818 1540 idest:

192 1567 457 1624 singulariter
491 1570 611 1611 unius
644 1568 871 1610 alteriusve
905 1566 1240 1623 calpabilitatem
1274 1567 1508 1621 iuridicam,
1537 1579 1608 1609 seu
1644 1568 1819 1622 imputa-

193 1637 389 1681 bilitatem
416 1644 599 1695 aayeaat
632 1638 695 1681 vel
730 1638 922 1681 mimmii!
955 1638 1185 1681 secundum
1221 1637 1541 1693 applicationem
1575 1636 1822 1693 praeceden-

194 1712 293 1752 tium
327 1709 689 1752 canonumvhuius
721 1709 857 1752 Tituli.
891 1708 1004 1752 Haec
1038 1721 1182 1751 norma
1215 1708 1534 1764 applicationem
1570 1710 1821 1751 nanciscitur

193 1780 441 1837 generaliter
474 1782 582 1823 circa
607 1780 769 1836 singula
793 1779 956 1833 delicta,
982 1791 1088 1836 quae
1128 1782 1434 1835 persequuntur
1466 1790 1645 1821 canones
1677 1779 1821 1820 tertiae

195 1853 321 1907 partis
343 1851 465 1894 huius
489 1850 611 1894 Libri.
637 1850 901 1907 Quapropter
934 1852 1094 1893 etiamsi
1130 1854 1250 1905 prout
1284 1848 1549 1902 intendimus,
1570 1850 1819 1891 mentionem

194 1922 316 1965 huius
336 1922 376 1979 §³
401 1935 627 1979 numquam
655 1921 717 1964 vel
752 1922 837 1964 fere
872 1933 1096 1977 numquam
1131 1924 1228 1963 tunc
1252 1922 1464 1974 faciemus,
1489 1919 1819 1962 commendatam

194 1995 252 2036 sic
286 1992 396 2035 illam
432 1995 699 2045 retineamus,
734 1997 777 2035 ut
810 2005 831 2035 e
865 1994 1065 2035 memoria
1098 2004 1177 2034 non
1212 1992 1390 2035 excidat.

313 2063 342 2106 E
376 2068 517 2106 contra
557 2063 776 2106 nonnullos
819 2076 961 2106 eorum
1007 2074 1212 2105 canonum
1259 2063 1425 2118 respicit
1455 2060 1484 2119 ξι
1513 2063 1557 2103 2.
1592 2059 1638 2102 Ia
1671 2059 1822 2103 delicto

195 2134 244 2177 ad
281 2146 467 2176 normam
511 2136 635 2176 totius
679 2146 768 2176 can.
806 2133 934 2187 2195,
968 2131 1077 2189 qaod
1109 2146 1187 2174 saa
1218 2136 1390 2180 natura,
1424 2144 1502 2174 non
1537 2130 1668 2173 solum
1704 2142 1821 2173 occa-

195 2205 419 2257 sionaliter,
438 2203 676 2261 complicem
700 2217 771 2247 seu
795 2206 952 2246 socium
988 2203 1038 2246 ad
1075 2202 1172 2246 illud
1210 2202 1454 2258 patrandum
1478 2200 1680 2258 postulat,
1703 2214 1739 2241 v.
1760 2214 1820 2256 gr.

195 2275 508 2329 concubinatus,
533 2275 658 2318 editio
684 2274 791 2327 tibi-i,
816 2274 981 2331 quando
1014 2273 1148 2316 editor
1181 2273 1399 2316 distinctus
1422 2277 1482 2315 est
1505 2284 1525 2315 a
1548 2271 1821 2327 typograplm,

199 2359 470 2403 emiaqaaeqae
488 2359 606 2402 pam,
628 2346 755 2388 idest:
790 2344 939 2400 singuli
974 2346 1074 2387 socii
1098 2343 1147 2387 ad
1175 2343 1273 2386 illud
1300 2343 1495 2386 delictum
1522 2342 1820 2398 perficiendum

198 2419 432 2470 necessarii,
471 2422 533 2459 est
566 2416 707 2459 eodem
740 2415 859 2459 modo
898 2428 969 2458 seu
1002 2414 1230 2471 aequaliter
1276 2413 1412 2471 quoad
1462 2411 1819 2469 imputabilitatem

197 2487 421 2545 culpabilis
454 2501 592 2531 coram
628 2487 827 2540 Ecclesia,
861 2500 933 2529 seu
970 2489 1006 2528 in
1042 2488 1145 2539 iure,
1178 2484 1264 2528 nisi
1295 2498 1346 2527 eoe
1379 2483 1593 2527 adiunctis
1625 2496 1697 2526 seu
1741 2485 1823 2526 sin-

198 2559 388 2615 gulorum
425 2558 660 2602 huiusmodi
695 2557 938 2601 delictorum
979 2558 1302 2600 circumstantiis
1334 2554 1455 2598 aliud
1488 2555 1614 2598 idest:
1658 2555 1823 2597 diversa

199 2629 528 2685 imputabilitatis
553 2642 744 2672 mensura
770 2642 841 2684 pro
866 2628 1004 2684 aliquo
1028 2626 1230 2682 complice
1253 2630 1472 2683 appareat.
1500 2624 1611 2668 Haec
1634 2625 1823 2679 exceptio

199 2712 386 2743 normam
422 2704 464 2742 ut
500 2699 721 2755 plurimum
757 2701 979 2741 constituet
1012 2699 1051 2740 in
1085 2696 1362 2753 complicitate
1396 2695 1657 2739 occasionali.
1696 2708 1731 2734 v.
1761 2707 1822 2749 gr.

199 2771 248 2813 ad
285 2771 590 2826 procuramlum
625 2769 831 2812 abortum.
871 2768 1022 2811 Notare
1062 2770 1176 2811 iuvat
1225 2767 1331 2810 hanc
1382 2765 1686 2823 paragraphum
1733 2777 1822 2807 esse

199 2840 587 2896 subintelligemlam
624 2842 860 2896 praecipue,
879 2839 1044 2896 quando
1069 2837 1250 2894 poenalis
1283 2850 1412 2881 canon
1447 2837 1642 2880 delictum
1668 2836 1823 2878 directe

202 2915 354 2967 puniat,
391 2914 650 2968 potiusquam
687 2913 867 2953 nominet
903 2922 1097 2966 personas
1130 2908 1430 2964 delinquentes.
