1950 3313
155 195 201 228 40
617 191 703 224 Lm.
733 191 777 223 V.
807 210 819 215 -
846 189 956 224 PARS
981 189 1012 223 I.
1041 209 1055 215 -
1080 189 1137 224 De
1161 190 1312 225 delictis
1566 189 1658 224 Can.
1685 189 1783 224 2212

156 312 431 369 perpetrando
464 314 651 352 sternunt
687 308 750 351 vel
787 312 1074 363 praecurrunt.
1109 307 1221 352 Haec
1255 308 1488 352 considerat
1521 307 1587 351 1110
1611 308 1780 351 ultimus

157 383 286 425 Partis
319 381 440 424 liuius
480 379 640 422 Titulus
667 377 737 421 ΙΙΙ.
775 377 833 421 De
864 383 1016 421 conatii
1044 377 1201 422 delicti.
1237 378 1346 431 Quid
1369 381 1420 422 sit
1444 378 1523 433 ille,
1559 391 1780 421 noscemus

155 467 203 496 ex
239 465 328 495 can.
365 451 476 494 2212
512 449 746 506 explicante
781 449 1012 493 incidenter
1045 449 1247 506 quaedam
1298 449 1376 493 alia
1418 451 1582 493 conatui
1614 449 1779 499 similia,

154 536 200 565 ac
236 526 372 578 postea
407 533 495 563 can.
532 519 644 562 2213
679 519 986 576 praedictorum
1024 519 1384 575 inmutabilitatem
1411 519 1716 563 determinabit.

273 593 341 634 26.
377 593 450 636 De
484 594 662 637 conatu
694 582 858 636 delicti
891 605 950 636 ac
982 592 1044 636 de
1090 591 1330 636 frustrato
1377 592 1557 636 delicto
1603 590 1780 647 liquidas

153 666 339 706 notiones
372 661 496 704 tradit
529 661 733 717 complete
765 676 856 703 can.
889 663 1022 704 2212.
1061 661 1135 703 l'ro
1167 661 1411 715 diversitate
1446 661 1547 717 legis
1581 660 1778 717 poenalis,

153 736 270 777 cuius
306 732 472 775 violatio
504 737 640 776 actum
676 732 912 786 expostulet
948 732 1009 775 vel
1031 737 1211 775 econtra
1246 731 1367 775 buius
1401 734 1681 785 omissionem,
1718 736 1778 774 sic

151 804 366 848 exorditur
396 803 424 861 ξ
457 806 492 846 1.
530 802 776 860 Quicunque
823 802 969 856 tidelis,
1003 803 1054 846 ad
1091 816 1195 860 (pios
1231 802 1413 860 loquitur
1452 803 1605 851 Codex,
1643 805 1776 858 primo

152 880 270 917 actus
305 874 444 930 plures
481 873 542 916 vel
577 887 703 916 unum
737 873 928 930 posuerit
963 878 1131 930 propter
1163 886 1361 916 canonem
1388 873 1692 930 prohibentem,
1716 873 1779 915 cel

146 944 489 1003 praetermiserit
524 949 711 1000 respectu
746 944 795 987 ad
831 956 1030 987 canonem
1079 946 1415 1000 praecipientem,
1460 944 1531 1001 qni
1570 959 1590 985 ((
1612 949 1728 987 actus
1751 960 1771 985 >)

153 1018 260 1060 sicut
292 1028 415 1072 supra
452 1014 506 1058 ad
539 1015 823 1057 eoeecutioneni
857 1013 1002 1057 delicti
1046 1014 1154 1071 (can.
1197 1014 1325 1064 2195,
1357 1014 1384 1072 ξ
1419 1014 1461 1071 1)
1495 1015 1778 1058 diversimode

153 1087 400 1144 completam
436 1088 487 1129 ad
523 1088 692 1129 canonis
727 1088 1023 1143 uniscuiusque
1057 1090 1256 1138 tenorem,
1290 1091 1448 1127 ndtzcra
1480 1099 1555 1127 sna
1579 1099 1649 1128 seu
1676 1088 1777 1141 ipso-

156 1171 245 1201 rum
279 1162 444 1201 actuum
481 1159 597 1214 quusi
634 1156 864 1200 mediorum
900 1161 938 1200 et
974 1159 1065 1199 viae
1109 1155 1357 1210 conducunt,
1401 1155 1474 1199 sed
1513 1159 1681 1213 insuper
1712 1156 1779 1199 de-

152 1227 297 1271 lictum.
331 1230 390 1271 sic
424 1227 731 1270 consideratum
766 1240 848 1269 nen
882 1226 1245 1282 consunzmaverit,
1269 1240 1338 1269 seu
1379 1239 1497 1269 «non
1522 1231 1779 1284 exsequutus

157 1300 281 1342 tuerit
303 1314 324 1339 »
364 1302 474 1341 iuxta
509 1298 645 1341 datam
681 1297 1020 1353 declarationem,
1055 1303 1094 1340 et
1127 1296 1204 1340 hoc
1239 1296 1279 1354 a)
1313 1297 1400 1340 sice
1422 1298 1522 1354 {sicia
1555 1297 1775 1340 consiliunt

151 1384 268 1412 suum
307 1370 434 1414 idest:
487 1369 737 1411 voluntatem
773 1367 1046 1411 deliberatam
1091 1368 1358 1425 delinquendi
1396 1367 1582 1410 desernit
1615 1368 1774 1423 saltem,

152 1445 221 1483 aut
256 1442 508 1483 contrarium
545 1443 681 1482 actum
719 1441 877 1482 interne
912 1438 1095 1495 protulit,
1131 1437 1172 1495 b)
1205 1438 1291 1480 sice
1323 1438 1437 1495 quia,
1473 1451 1598 1494 prava
1637 1438 1776 1481 volun-

152 1515 232 1554 tate
265 1515 444 1565 servata,
479 1509 677 1552 delictum
711 1509 810 1552 illud
838 1514 1017 1567 propter
1058 1508 1399 1565 insufficientiam
1442 1509 1626 1552 fortassis
1669 1508 1773 1552 ultra

151 1583 454 1638 praevisionem
493 1580 554 1623 vel
591 1582 938 1636 expectationem,
972 1579 1035 1622 cel
1059 1579 1380 1637 ineptitudinem
1403 1579 1635 1622 mediorum
1659 1579 1771 1623 adbi-

150 1652 327 1696 bitorum
364 1652 413 1695 ad
447 1651 587 1694 delicti
637 1653 1000 1707 perpetrationem,
1048 1652 1137 1693 sive
1186 1652 1457 1693 instrumenta
1502 1651 1650 1693 fuerint
1683 1652 1775 1693 sive

150 1725 307 1777 conrei,
339 1721 540 1779 perficere
572 1721 767 1765 delictum
807 1735 949 1764 verum
995 1735 1074 1764 non
1107 1720 1261 1777 potuit,
1293 1723 1330 1762 in
1367 1719 1515 1777 triplici
1555 1720 1773 1777 hypothesi

149 1792 293 1836 delicti
326 1797 519 1835 conatum
553 1791 782 1835 secundum
816 1793 1161 1847 significationem
1209 1793 1416 1847 propriam
1459 1793 1495 1833 in
1531 1804 1605 1834 usu
1640 1795 1679 1834 et
1715 1793 1772 1834 iu-

150 1864 320 1907 ridicam
357 1862 591 1906 committit.
626 1888 683 1892 ——
716 1862 962 1918 Exemplum
998 1864 1049 1905 sit
1082 1862 1189 1918 quod
1212 1863 1461 1918 exprimitur
1484 1861 1535 1905 ab
1560 1861 1695 1905 lnnoe.
1722 1861 1773 1904 Ν

150 1934 211 1977 liis
247 1933 384 1977 verbis
409 1933 446 1975 ¹:
486 1949 507 1973 «
530 1934 644 1976 Sacri
678 1931 976 1989 approbatione
1009 1932 1171 1976 concilii
1196 1934 1430 1987 statuimus,
1455 1937 1498 1975 ut
1521 1934 1774 1989 quicumque

151 2007 356 2061 princeps,
392 2004 613 2060 praelatus,
646 2017 717 2047 seu
752 2006 927 2061 quaevis
960 2003 1037 2046 alia
1072 2003 1351 2047 ecclesiastica
1394 2002 1647 2046 secularisve
1682 2016 1773 2058 per-

147 2088 259 2130 sona,
293 2077 530 2132 quempiam
565 2074 884 2118 christianorum
937 2087 1008 2130 per
1057 2073 1290 2129 praedictos
1336 2075 1562 2115 assassinos
1595 2074 1771 2116 intertici

148 2147 306 2200 fecerit,
344 2145 405 2188 vel
439 2147 563 2188 etiam
598 2144 859 2187 mandaverit
893 2144 1162 2201 (quamquam
1191 2156 1301 2186 mors
1324 2156 1371 2185 ex
1398 2142 1476 2186 hoc
1502 2144 1670 2185 forsitan
1692 2156 1771 2186 11011

147 2216 361 2274 sequatur)
386 2232 469 2258 »....

267 2286 559 2330 Verumtamen
595 2288 633 2328 in
670 2285 928 2342 paragrapho
974 2298 1108 2342 praec.
1154 2285 1351 2329 delictum
1387 2298 1465 2327 non
1499 2288 1687 2342 sequitur
1715 2285 1771 2328 ob

147 2356 352 2399 desectum
379 2356 685 2399 consideratum
706 2368 856 2398 causae
882 2357 1008 2412 ipsius
1030 2355 1091 2397 vel
1113 2355 1403 2412 delinquentis.
1428 2354 1559 2397 Aliter
1580 2354 1770 2397 accidere

147 2429 341 2482 supponit
371 2424 400 2483 ξ
430 2428 472 2469 2.
513 2426 612 2469 Cum
645 2439 784 2468 omnes
819 2431 936 2468 actus
966 2426 1098 2483 positi
1131 2425 1193 2467 nel
1226 2425 1500 2478 omissisunt,
1535 2427 1669 2481 prouti
1705 2425 1772 2467 de-

148 2495 300 2538 clarata
334 2501 394 2539 est
427 2496 662 2539 huiusmodi
697 2496 879 2539 clausula
915 2498 950 2538 in
989 2501 1143 2552 pi·aec.⁸
1175 2495 1212 2548 §¹
1248 2497 1375 2548 initio,
1409 2501 1448 2550 a)
1480 2495 1551 2552 qui
1584 2494 1639 2537 ad
1661 2508 1771 2537 carse-

148 2566 353 2609 cntionem
387 2566 532 2609 delicti
564 2566 783 2610 cuiuslibet
816 2580 887 2610 seu
923 2569 1319 2610 consummationem
1342 2565 1493 2609 ibidem
1519 2565 1770 2609 declaratam

147 2641 303 2678 natura
337 2650 413 2679 sica
447 2636 681 2679 condiscunt
716 2636 758 2694 b)
792 2642 830 2679 et
863 2636 918 2680 ad
955 2636 1152 2680 delictum
1199 2639 1310 2679 iuxta
1354 2638 1523 2679 canonis
1571 2641 1771 2691 tenorem,

146 2707 443 2764 perficiendum
477 2707 709 2764 sufficiunt,
741 2707 840 2750 nibil
876 2721 975 2763 ergo
1009 2708 1122 2751 deest
1157 2707 1263 2764 quod
1291 2720 1311 2749 a
1337 2706 1604 2763 delinquente
1629 2708 1772 2763 requi-

150 2779 265 2830 ritur,
300 2782 340 2819 ut
374 2777 465 2819 talis
498 2778 670 2821 evadat:
705 2782 883 2820 attamen
919 2779 955 2833 c)
988 2778 1025 2820 si
1057 2791 1108 2820 ezr
1145 2776 1232 2819 alia
1257 2790 1400 2830 cansa,
1440 2791 1475 2818 v.
1507 2790 1567 2832 gr.
1592 2775 1767 2819 naturali

268 2929 277 2950 1
305 2928 393 2973 Cap.
425 2931 441 2961 1
471 2940 490 2961 <<
509 2928 553 2962 de
580 2928 790 2963 homicidio
809 2945 822 2959 »
858 2929 918 2973 (V,
946 2931 983 2974 4)
1009 2930 1050 2963 in
1076 2930 1125 2963 60.
