1950 3313
108 141 201 178 Can.
229 142 324 177 2354
478 141 568 176 Trr.
598 141 704 175 XIV.
725 160 738 167 —
759 142 813 177 De
831 143 980 178 delictis
998 147 1133 178 contra
1155 147 1274 179 ritum
1293 148 1359 179 etc.
1663 149 1731 181 255)

108 262 190 306 lum
226 264 434 319 processui
480 261 662 305 iudiciali
711 261 935 316 subiectus,
968 264 1037 306 sed
1073 262 1298 306 (ΙιιιηηιιὶιωΙ
1332 278 1494 322 quoque
1532 269 1730 308 sententia

107 333 154 377 ob
187 332 387 376 delictum
419 332 598 389 aliquem
634 332 886 388 singularem
923 334 960 378 al
996 332 1212 376 homicidii
1245 335 1553 391 quomodolibet
1588 339 1732 392 patrati

108 417 202 448 cum
241 406 317 447 viri
351 408 421 447 aut
456 402 641 446 mulieris
675 407 805 446 morte
837 411 1025 460 sequuta,
1061 404 1102 460 b)
1138 411 1284 462 raptus
1325 408 1361 448 in
1409 420 1543 462 praee.
1577 420 1734 450 canone

109 476 281 527 definiti,
314 474 500 532 quolibet
532 487 580 517 ex
618 475 711 526 line,
748 473 1000 531 impuberum
1027 475 1279 518 alterutrius
1302 491 1438 528 sea-us,
1465 483 1582 533 prout
1610 494 1631 518 «
1656 491 1735 521 ma-

109 546 249 591 sculus
281 549 474 590 censetur
517 545 619 588 infra
660 545 867 588 decimum
913 551 1121 602 quartum,
1161 551 1199 588 et
1240 548 1388 589 semina
1434 549 1535 591 int'ra
1580 548 1734 591 duode-

110 621 265 662 cimum
299 629 453 660 annum
488 615 742 672 completum
767 612 792 657 »¹
828 615 936 672 (can.
973 617 1040 666 88,
1074 620 1098 669 ᾗ
1134 616 1189 673 2),
1224 618 1263 673 e)
1297 618 1432 661 dictae
1457 621 1620 675 proprie
1647 633 1734 661 reii-

111 687 288 732 ditionis
321 685 516 741 hominis,
554 702 576 728 «
598 689 717 730 cuius
748 686 1022 743 appellatione
1047 691 1126 730 tam
1153 689 1344 730 teminam
1365 702 1486 745 quam
1508 689 1734 732 masculum

111 760 314 804 contineri
348 771 427 801 non
462 757 676 802 dubitatur
699 773 719 799 ))
758 758 785 812 ²,
811 760 995 815 praecise
1020 758 1059 800 in
1085 758 1325 801 servitialem
1351 762 1513 815 proprie
1531 766 1734 816 sumptam

113 833 226 874 iuxta
261 829 506 873 hodiernam
541 831 701 885 praxim
736 828 799 871 rel
832 828 964 871 (iliam
998 828 1152 871 iunium
1186 829 1320 885 finem.
1357 830 1459 873 idest
1496 833 1553 874 sic
1597 845 1736 874 conse-

113 899 325 957 quendum
360 898 470 942 illius
504 911 704 955 personae
740 912 857 942 usum
892 898 943 942 ab
977 904 1176 955 emptore,
1202 899 1240 955 c)
1268 913 1434 951 rasurae,
1459 905 1661 957 quatenus
1686 904 1740 943 in-

115 977 268 1015 teresse
300 972 492 1027 exigatur
525 983 575 1013 ex
613 975 798 1013 mutuata
833 972 1007 1026 pecunia
1042 969 1147 1013 ultra
1182 971 1218 1013 id
1253 971 1361 1025 quod
1388 970 1452 1013 lex
1477 971 1618 1014 saltem
1644 986 1737 1013 con-

114 1042 249 1097 cedat,
283 1042 324 1097 d)
356 1041 551 1095 rapinae,
584 1053 656 1084 seu
691 1040 897 1084 violentae
930 1040 1150 1084 ablationis
1185 1041 1386 1084 bonorum
1413 1041 1622 1084 mobilium
1649 1042 1742 1085 alie-

116 1126 278 1163 norum,
311 1111 351 1169 e)
390 1109 514 1168 furti,
556 1110 737 1154 scilicet:
783 1110 929 1154 similis
967 1110 1185 1154 ablationis
1229 1110 1384 1168 absque
1431 1111 1636 1160 violentia,
1671 1112 1739 1154 sed

117 1185 247 1227 invito
280 1181 583 1226 rationabiliter
606 1182 789 1234 domino,
808 1180 1044 1239 qualifieati
1062 1181 1114 1224 ob
1132 1183 1484 1225 circumstantiam
1506 1194 1584 1239 qua
1610 1182 1741 1225 laedat

116 1254 238 1298 aliam
276 1255 489 1305 virtutem,
529 1266 565 1297 v.
600 1266 660 1309 gr.
681 1253 938 1309 religionem,
964 1252 1116 1295 bonum
1143 1265 1364 1295 commune
1389 1254 1558 1308 patriae,
1582 1257 1658 1295 etc.
1685 1252 1744 1295 vel

118 1338 200 1369 non
233 1323 484 1382 qualificati,
518 1328 643 1382 atque
677 1323 720 1367 in
754 1337 815 1377 re,
848 1336 926 1366 non
960 1322 1092 1366 solum
1118 1326 1252 1380 gravi,
1275 1325 1434 1366 etiamsi
1460 1322 1645 1367 absolute
1673 1337 1742 1366 seu
1796 1335 1798 1345 ¹

120 1395 293 1439 relative
326 1394 628 1449 consideretur,
662 1393 734 1438 sed
775 1393 895 1437 valde
936 1392 1129 1447 notabili,
1161 1406 1266 1451 quae
1309 1393 1480 1450 proinde
1516 1394 1742 1437 secundum

118 1482 162 1513 se
195 1466 454 1512 considerata
487 1468 540 1509 sit
582 1465 836 1518 huiusmodi,
869 1466 902 1518 f)
936 1463 1134 1518 incendii,
1179 1470 1382 1521 quatenus
1426 1467 1518 1521 igne
1563 1469 1747 1521 patratur

119 1539 317 1583 damnum
353 1539 390 1579 in
426 1535 549 1580 rebus
582 1536 727 1579 alienis
763 1549 800 1577 v.
834 1550 895 1592 gr.
928 1540 1130 1592 segetum,
1169 1535 1230 1578 vel
1267 1535 1482 1590 malitiose,
1518 1549 1595 1578 non
1635 1548 1745 1590 casu,

124 1609 186 1653 vel
220 1622 269 1652 ex
305 1607 427 1664 culpa
459 1609 584 1651 etiam
618 1609 737 1664 gravi
771 1607 842 1650 sed
877 1620 927 1650 ex
961 1606 1187 1650 deliberata
1225 1606 1448 1659 voluntate,
1472 1621 1521 1649 ac
1544 1605 1662 1649 valde
1684 1621 1750 1649 iio-

122 1678 279 1730 {abilis‚
313 1684 357 1722 ut
391 1677 512 1735 paulo
544 1682 638 1721 ante
672 1678 746 1721 fuit
779 1677 856 1721 hoc
903 1677 1075 1721 verbum
1120 1676 1392 1731 declaratum,
1435 1690 1575 1720 rerum
1619 1677 1747 1721 mobi-

122 1751 220 1794 lium
260 1749 323 1794 vel
356 1763 399 1793 se
433 1750 690 1792 moventium
725 1753 795 1792 aut
828 1747 1103 1792 immobilium
1137 1747 1448 1799 destructionis,
1470 1751 1521 1791 ita
1547 1753 1589 1792 ut
1614 1751 1749 1805 inepta

122 1823 220 1866 fiant
253 1833 397 1865 earum
432 1822 536 1875 usui,
570 1819 614 1877 g)
645 1819 791 1876 qravis
824 1819 962 1863 damni
998 1831 1197 1876 personae
1231 1819 1362 1862 tribus
1379 1819 1646 1876 sequentibus
1671 1834 1749 1863 mo-

122 1893 206 1937 dis:
243 1890 540 1937 mutilationis,
579 1902 659 1948 qua
695 1902 790 1947 pars
822 1892 1008 1946 corporis
1041 1891 1252 1946 proprium
1289 1889 1444 1933 babens
1485 1890 1664 1934 officium
1700 1892 1752 1936 ab

123 1963 192 2006 illo
224 1966 456 2020 separatur,
490 1960 553 2004 vel
586 1960 911 2014 vezineraliom's,
948 1973 1213 2018 quocumque
1258 1961 1327 2003 liat
1360 1962 1645 2016 instrumento,
1692 1962 1752 2005 rel

123 2032 351 2077 violentiae
385 2046 458 2090 per
491 2032 778 2083 inclusionem,
814 2031 876 2075 vel
912 2033 1241 2088 persecutionem
1293 2030 1354 2074 vel
1401 2033 1591 2075 iniustam
1630 2045 1752 2076 vexa-

125 2107 278 2148 tionem
313 2116 526 2161 personae,
560 2106 600 2146 et
632 2102 859 2160 hucusque
880 2102 1044 2145 diversa
1079 2101 1228 2145 delicta
1261 2106 1499 2146 enumerata
1536 2103 1714 2146 fuerunt.

250 2190 271 2217 <t
294 2174 441 2219 Laicus
462 2189 485 2215 ))
523 2187 622 2231 ergo
655 2172 706 2218 ob
738 2173 905 2231 aliquod
939 2174 1086 2216 borum
1121 2171 1318 2216 delictum
1358 2173 1662 2216 «damnatus»
1712 2179 1754 2217 ut

127 2258 266 2303 supra,
299 2245 391 2304 ipso
424 2245 519 2289 iure
540 2246 741 2288 canonico
775 2243 970 2287 exclusus
1003 2242 1221 2294 habeatur,
1245 2245 1342 2300 quin
1367 2243 1516 2301 aliquis
1540 2257 1756 2300 processus

129 2317 193 2361 vel
228 2318 429 2360 sententia
463 2315 675 2360 Ecclesiae
708 2317 958 2373 requiratur,
993 2314 1033 2372 a)
1068 2313 1118 2357 ab
1150 2313 1311 2357 actibus
1344 2313 1545 2371 leqilimis
1567 2314 1755 2357 eeclesia-

128 2388 247 2431 sticis
278 2389 386 2431 notis
408 2401 459 2431 ex
483 2387 542 2430 n.⁰
568 2385 612 2430 2⁰
636 2392 743 2432 can.⁵
768 2386 895 2440 2256,
919 2391 956 2428 et
981 2385 1236 2429 cumulative
1260 2384 1304 2442 b)
1323 2399 1347 2427 a
1371 2384 1550 2442 quolibet
1575 2399 1756 2435 minnere,

128 2458 167 2502 si
198 2457 308 2517 quod
339 2457 384 2501 in
416 2456 610 2502 Ecclesia
643 2462 699 2501 uti
733 2459 929 2501 societate
963 2455 1127 2509 habeat,
1158 2460 1199 2499 et
1220 2468 1271 2499 ne
1294 2455 1456 2499 dicatur
1487 2468 1589 2498 vane
1616 2455 1755 2498 addita

129 2528 314 2574 clausula
337 2528 415 2573 sub
439 2528 572 2573 littera
599 2528 655 2586 b),
681 2541 830 2572 munus
863 2527 1148 2584 recipiendum
1184 2531 1290 2570 esset
1323 2525 1403 2569 lato
1425 2539 1546 2569 sensu
1570 2538 1755 2582 compre-

130 2599 316 2643 hendens
333 2612 500 2657 quoque
519 2601 723 2643 recensita
739 2598 817 2642 sub
835 2611 924 2642 can.
948 2598 1074 2652 1185,
1097 2598 1135 2651 c)
1153 2596 1272 2653 firmo
1295 2609 1421 2640 onere
1442 2598 1542 2639 iuris
1561 2595 1757 2638 naturalis

130 2683 179 2715 ex
216 2672 370 2714 iustitia
392 2669 628 2728 reparandi
659 2669 828 2725 damma,
864 2682 969 2727 quae
993 2669 1178 2725 privatis,
1204 2669 1389 2724 personis
1414 2665 1650 2719 moralibus,
1668 2668 1756 2708 sive

129 2743 339 2786 societatis
371 2741 522 2796 civilis,
553 2743 643 2785 sive
666 2740 973 2785 ecclesiasticae
1005 2738 1057 2782 ob
1082 2737 1202 2781 talem
1233 2737 1429 2781 delictum
1465 2736 1572 2779 illata
1594 2737 1755 2779 t'uerint.

254 2895 266 2918 1
293 2895 337 2930 L.
368 2895 436 2930 152
461 2894 510 2929 D.
538 2895 606 2930 tit.
635 2894 743 2938 XVI,
771 2893 814 2928 L.
844 2895 877 2927 ⁶2.
