1950 3313
665 147 748 181 TlT.
778 147 844 181 IV.
874 167 886 172 -
914 146 970 181 De
997 148 1194 191 rescriptis
1402 143 1407 146 ’
1682 141 1747 177 131

240 268 284 311 ‘³2⁰
317 270 356 311 Si
391 266 795 311 exhibnumwninn
832 265 1112 309 Moderatores
1156 265 1433 309 iudicaverint
1475 265 1635 308 admitti
1670 277 1748 307 non

122 354 239 397 posse
273 341 491 383 certiorem
528 339 680 380 facient
712 337 991 388 mandantem,
1027 341 1070 380 ut
1102 336 1221 380 aliter
1254 336 1452 380 consulat.

245 410 301 454 De
331 407 680 468 procuratoribus
711 407 903 465 publicis.
930 407 973 450 3⁰
998 408 1059 451 Aa
1086 409 1366 464 procuratoris
1391 420 1540 450 munus
1564 407 1749 464 legitime

122 488 161 526 et
194 485 432 526 constanter
464 479 701 523 obeundum
739 493 810 536 pro
845 479 1048 535 Episcopo
1082 480 1254 535 eiusque
1287 478 1481 532 dioecesi,
1505 483 1667 535 oportet
1691 481 1748 521 in-

122 556 323 609 scriptum
357 550 510 594 habere
545 563 693 593 nomen
730 552 767 592 in
804 554 1118 606 procuratorum
1154 548 1260 605 albo,
1294 549 1403 606 quotl
1441 549 1592 603 patebit
1628 552 1665 592 in
1685 547 1752 593 Of-

125 626 217 668 tieio
251 636 273 666 a
305 624 476 666 secretis
509 622 547 665 S.
583 621 708 677 (long.
743 620 1060 665 Consistorialis.

243 693 287 737 7⁰
320 692 429 736 Nihil
453 691 588 736 obstat
610 694 834 749 quominus
856 689 1107 736 Oi·(lina1·ius
1131 695 1440 747 procuratorem
1467 690 1591 748 eligat
1618 694 1752 735 virum

126 766 307 809 nondum
344 766 381 807 in
418 763 557 807 album
596 763 793 813 relatuin;
828 765 896 820 qui
933 767 1069 805 tamen
1111 767 1205 805 ante
1249 775 1374 819 quam
1413 767 1606 806 exerceat
1641 776 1753 806 man-

125 837 282 889 datum,
318 837 629 891 inscriptionem
664 833 899 890 postulabit.

245 906 331 950 Hoc
366 911 504 950 antem
538 908 577 948 in
611 918 709 949 casu
743 902 1062 949 Ordinariorum
1099 905 1344 961 prudentiae
1384 905 1631 963 relinquitur
1663 912 1756 950 ante

130 979 284 1031 videre,
320 991 418 1020 num
453 979 518 1020 cui
554 978 655 1020 sorte
689 975 903 1019 obstaculo
947 979 1180 1032 propositus
1225 981 1468 1032 procurator
1511 979 1636 1032 possit
1669 990 1757 1021 esse

127 1049 343 1103 obnoth,
381 1062 429 1092 ne
462 1061 551 1091 sese
587 1047 776 1103 repulsae
811 1046 995 1103 periculo
1029 1046 1239 1090 obiiciant.

248 1120 292 1164 80
326 1120 494 1163 Praeter
528 1120 838 1174 inscriptionem
874 1120 912 1160 in
946 1117 1099 1172 albanu
1136 1122 1180 1161 ut
1212 1120 1304 1175 quis
1339 1118 1529 1174 publicus
1557 1119 1759 1163 habeatur

128 1197 168 1236 et
200 1191 358 1235 stabilis
392 1194 635 1247 procurator
668 1189 953 1243 dioecesanus,
989 1191 1223 1232 necessario
1258 1191 1484 1246 requiritur
1509 1192 1658 1233 iustum
1685 1190 1759 1235 Or-

128 1263 277 1306 (linarii
314 1261 553 1304 mandatum
588 1259 640 1303 ab
671 1259 832 1302 adlecto
872 1258 1169 1302 exhibendum.
1204 1262 1322 1303 cuius
1366 1260 1549 1303 mandati
1592 1262 1762 1306 authen·

129 1336 257 1377 ticum
292 1331 507 1388 exemplar
540 1331 648 1387 apud
682 1327 877 1374 Officium
924 1343 943 1373 3
989 1333 1160 1374 secretis
1193 1329 1432 1375 Consistor.⁸
1464 1332 1608 1387 Cong.S
1640 1333 1763 1390 (lepo-

131 1410 262 1448 netur.

254 1474 324 1518 100
358 1475 477 1530 Quae
511 1477 664 1531 scripta
698 1475 791 1517 (lata
835 1477 915 1517 sint
949 1473 1179 1531 obsignata,
1213 1474 1410 1518 inviolata
1445 1478 1759 1521 transmittenda

131 1553 243 1593 sunt:
278 1559 384 1589 neve
419 1551 663 1603 procurator
696 1558 878 1602 unquam
905 1545 1042 1589 ullave
1077 1547 1127 1589 (le
1159 1559 1283 1589 cansa
1317 1546 1392 1590 sibi
1428 1548 1486 1591 fas
1519 1561 1608 1592 esse
1640 1550 1765 1593 ducat

134 1631 181 1662 ea
215 1619 440 1673 resignare.
475 1616 564 1670 Qua
601 1620 637 1659 in
676 1630 718 1660 re
750 1619 936 1660 cuiusvis
972 1610 1145 1673 'generis
1183 1617 1304 1673 culpa
1338 1618 1576 1662 censebitur
1607 1623 1763 1676 gravis.

258 1687 327 1731 13⁰
360 1688 522 1731 Nemini
559 1690 816 1744 procuratori
853 1687 947 1731 licet
982 1702 1054 1744 pro
1077 1701 1150 1731 sua
1175 1701 1299 1744 opera
1329 1691 1527 1733 maiorem
1564 1693 1765 1747 pecuniae

134 1772 341 1804 summam
375 1761 543 1815 exigere
577 1772 702 1816 quam
741 1772 846 1816 quae
886 1773 958 1815 pro
994 1761 1218 1815 rescriptis,
1255 1759 1469 1811 Brevibus,
1506 1760 1631 1805 Bullis
1664 1760 1764 1806 Olli-

136 1834 295 1874 ciorum
328 1830 367 1873 S.
401 1830 518 1873 Sedis
551 1832 772 1873 constituta
806 1833 857 1873 sit
898 1834 1021 1887 atque
1064 1830 1293 1886 descripta:
1328 1843 1452 1888 quam
1487 1834 1557 1889 qui
1596 1834 1766 1889 fregerit

138 1902 286 1958 legem,
331 1903 601 1944 restitutionis
643 1901 895 1957 obligatione
940 1900 1161 1955 tenebitur,
1207 1903 1330 1944 etiam
1375 1905 1518 1958 poenis
1561 1904 1651 1947 aliis
1686 1918 1763 1947 non

138 1974 331 2028 irrogatis
354 1988 393 2014 >).

259 2043 354 2086 103.
377 2045 565 2089 Initium
584 2044 793 2089 effectus
817 2045 1005 2089 iuridici
1029 2046 1394 2100 rescriptorum.
1412 2044 1626 2102 Rescripta
1645 2060 1768 2103 quae-

138 2128 317 2172 cumque
352 2127 450 2171 prae
482 2128 525 2158 se
560 2115 696 2157 ferunt
730 2115 873 2158 (latam
903 2117 1101 2171 temporis
1133 2128 1214 2171 quo
1257 2127 1278 2158 a
1316 2114 1438 2159 Curia
1472 2117 1766 2174 expediuntur,

137 2190 177 2229 et
211 2199 282 2242 per
315 2198 406 2228 eam
441 2187 702 2242 exprimitur,
727 2185 837 2243 quod
877 2185 985 2241 apud
1011 2184 1252 2229 Canonistas
1285 2187 1399 2230 audit
1434 2192 1592 2245 tempus
1625 2188 1767 2243 (latae,

138 2256 209 2299 sed
245 2260 460 2313 praeterea
494 2258 532 2298 iu
566 2255 815 2314 quibusdam
852 2258 1062 2309 rescriptIs
1097 2259 1318 2300 necessarii
1351 2262 1445 2300 sunt
1472 2263 1768 2316 exequutores,

142 2331 184 2370 ut
218 2329 466 2384 rescriptum
500 2329 696 2370 sortiatur
730 2329 942 2383 proprium
968 2328 1172 2370 ellectum.
1209 2327 1314 2371 Hinc
1348 2329 1603 2373 considerari
1637 2335 1770 2386 potest

141 2397 275 2454 quoad
311 2410 372 2453 ea,
406 2403 446 2441 et
478 2397 613 2453 (lebet,
650 2403 812 2454 tempus
845 2411 926 2455 quo
962 2400 1206 2454 rescriptum
1252 2400 1423 2443 otlertur
1465 2400 1520 2442 illi
1565 2414 1767 2457 personae

141 2480 247 2525 quae
282 2467 381 2512 illud
416 2474 676 2526 exequutnra
724 2474 796 2518 est,
831 2474 869 2512 et
905 2469 980 2513 hoc
1014 2470 1122 2526 apud
1168 2469 1370 2514 Auetores
1407 2476 1578 2514 vocatur
1611 2477 1770 2529 (empus

140 2544 452 2596 praesentatae.
487 2539 662 2583 Demum
688 2549 747 2584 est
771 2541 1192 2585 animadvertendum
1216 2541 1326 2585 alintl
1353 2546 1526 2598 tempus,
1555 2543 1769 2586 videlicet:

143 2609 437 2668 exeqecuct‘om's
472 2611 681 2669 rescripti.

268 2677 478 2723 «Gratiae
499 2680 528 2733 ²,
561 2694 667 2738 quae
701 2694 722 2724 a
755 2682 793 2725 S.
827 2683 932 2726 Sede
966 2685 1119 2739 scripto
1162 2684 1462 2735 conceduntur,
1495 2687 1772 2728 communiter

145 2749 196 2794 ab
231 2751 317 2806 ipsa
351 2750 508 2793 (lirecto
543 2757 787 2807 promanant
831 2766 902 2809 per
942 2766 1138 2809 personas
1171 2758 1209 2797 et
1242 2752 1388 2798 Ollicia
1425 2756 1511 2797 iure
1547 2757 1770 2811 recognita.

265 2903 275 2924 1
304 2901 407 2936 Ordo
436 2902 698 2937 servandus...
729 2903 824 2938 Pars
850 2904 901 2948 11,
931 2905 1022 2949 Cap.
1052 2905 1123 2948 ΠΙ,
1152 2917 1219 2939 nn.
1249 2906 1296 2947 3⁰,
1323 2906 1373 2939 40.
1405 2906 1480 2941 CO.
1510 2907 1540 2949 Ι,
1574 2907 1630 2940 63.
