1950 3313
150 191 194 224 52
623 188 706 221 Lm.
737 187 783 221 V.
812 207 824 212 -
851 187 962 221 PARS
988 187 1038 222 ΙΙ.
1066 208 1075 212 -
1101 187 1157 222 De
1176 191 1315 232 poenis
1558 187 1651 223 Can.
1678 187 1772 222 2218

149 309 241 352 (lali
272 315 309 351 el
343 308 488 351 damni
522 311 632 351 iuxta
667 320 713 350 ea
748 320 854 364 quae
887 309 926 349 in
960 308 1279 351 commentando
1313 320 1401 352 can.
1430 308 1542 351 2195
1577 307 1771 362 diximus,

150 386 272 437 atque
306 380 397 422 talis
430 384 488 421 est
522 378 727 434 generalis
761 390 919 421 norma.
1514 428 1517 429 ⁷

266 450 459 506 Sequitur
493 448 713 501 explicatio
749 450 942 504 postremi
977 451 1207 493 commatis
1243 449 1413 506 Propter
1446 449 1554 492 dicta
1594 448 1775 506 loquitur

149 524 451 576 consequenter
483 531 638 562 canon:
674 532 805 576 quare
845 518 1009 562 attendi
1051 518 1195 562 debent
1237 533 1318 562 iton
1350 519 1469 562 modo
1503 524 1539 569 3)
1573 519 1773 562 obiectum

149 596 186 633 el
216 590 408 646 pravitas
450 589 569 646 leyis,
611 603 661 632 ex
695 589 845 647 quibus
887 590 1060 645 singulis
1097 591 1397 634 «desumenda
1432 596 1493 634 est
1526 590 1703 648 qualitas
1734 595 1774 634 et

148 663 330 713 gravitas
362 660 544 703 delicti»
584 659 691 717 (6311.
727 660 873 717 2196),
906 659 979 703 sed
1020 660 1147 702 eliam
1188 660 1229 717 b)
1270 666 1402 715 aetas,
1439 674 1591 718 «quae
1626 663 1775 703 minuit

149 731 285 774 delicti
321 730 682 787 imputabilitatem
727 744 774 773 eo
820 733 951 786 magis
984 744 1063 787 quo
1098 731 1147 774 ad
1184 733 1394 775 infantiam
1433 733 1624 788 proprius
1656 744 1774 775 acce-

148 802 249 843 dit»
288 802 394 857 (can.
430 800 576 856 2204),
610 800 649 857 6)
683 800 858 843 seientia
891 800 1112 857 quaelibet,
1132 813 1179 844 ac
1203 803 1444 856 praesertim
1478 801 1579 857 legis
1613 814 1774 857 praece-

149 874 290 928 ptique
325 874 568 928 transgressi
604 871 712 925 (can.
735 871 882 928 2202),
916 870 960 927 11)
993 871 1221 924 institutio,
1244 884 1350 929 quae
1375 874 1505 928 magis
1542 872 1603 915 vel
1640 875 1774 915 minus

149 942 376 985 naturalem
424 942 519 986 boni
571 945 755 985 notitiam
805 946 844 985 et
886 945 1115 997 appetitum
1159 947 1296 998 auget,
1331 941 1370 999 e)
1417 956 1555 997 sexus,
1606 947 1773 999 propter

150 1013 394 1056 muliebrem
438 1013 694 1056 debilitatem
737 1025 1018 1068 communem,
1051 1011 1082 1069 f)
1117 1011 1316 1065 conditio,
1350 1017 1434 1055 tun]
1470 1013 1648 1065 socialis,
1687 1018 1773 1055 tum

148 1086 390 1140 praesertim
415 1086 680 1127 oeconomica
716 1086 1002 1126 necessitatem
1040 1083 1252 1137 inducens,
1278 1096 1304 1139 g
1346 1088 1483 1125 status
1506 1083 1657 1125 ‘mentis
1681 1087 1775 1126 actu

146 1154 443 1212 delinquentis,
464 1157 576 1198 iuxta
601 1157 770 1197 canonis
795 1154 900 1196 2201
933 1154 1270 1202 declarationem,
1293 1153 1334 1211 11)
1359 1153 1549 1210 (1191111118
1569 1167 1777 1211 personae

148 1231 316 1282 propter
349 1238 472 1283 quain
512 1225 752 1269 «delictum
789 1230 1008 1281 augetur»
1047 1226 1151 1280 (can.
1174 1225 1300 1275 2207,
1323 1224 1392 1279 10),
1414 1230 1452 1268 et
1486 1238 1592 1282 quae
1623 1223 1775 1267 delicto

146 1297 359 1353 singulari,
395 1297 619 1339 adversum
664 1296 772 1353 quod
820 1309 947 1352 poena
994 1296 1246 1349 decernitur,
1281 1295 1522 1353 offenditur,
1558 1302 1631 1338 ant
1671 1310 1777 1353 quae

148 1367 384 1410 huiusmodi
419 1366 617 1409 delictum
651 1366 886 1417 committit,
921 1366 950 1423 i)
985 1366 1080 1422 finis
1104 1366 1306 1420 intentus,
1331 1379 1436 1423 quae
1465 1369 1776 1410 circumstantia

149 1443 275 1493 potest
300 1451 453 1494 augere
481 1437 541 1480 vel
568 1440 756 1480 minuere
779 1436 1119 1492 culpabilitatem,
1140 1442 1260 1493 prout
1285 1437 1351 1480 ille
1378 1450 1532 1493 pravus
1558 1437 1619 1480 vel
1646 1437 1776 1481 bonus

148 1511 185 1551 in
219 1523 262 1552 se
297 1510 431 1563 fuerit,
468 1509 510 1565 k)
544 1508 658 1551 locus
691 1513 730 1551 et
766 1513 925 1566 {empus
959 1522 1053 1565 quo,
1089 1511 1145 1551 uti
1177 1511 1499 1551 circumstantiis
1531 1511 1776 1552 extrinsecis

145 1580 386 1623 scandalum
423 1581 604 1623 fortassis
639 1578 944 1629 inducentibus,
974 1579 1034 1622 vel
1061 1579 1198 1622 delicti
1233 1584 1369 1622 actum
1397 1582 1528 1636 magis
1552 1580 1774 1636 deturpan-

148 1650 269 1705 tibus,
304 1651 566 1693 commissarii
598 1655 674 1703 est,
708 1664 804 1692 mam
839 1649 867 1706 1)
902 1663 953 1692 ex
985 1649 1200 1707 passionis
1233 1649 1390 1707 impetu
1418 1654 1544 1707 atque
1568 1649 1644 1693 sub
1669 1649 1776 1692 illius

147 1722 409 1764 distinctione
443 1721 491 1764 ad
529 1734 715 1763 normam
750 1733 840 1764 can.
877 1721 1005 1773 2206,
1041 1720 1095 1776 111)
1128 1719 1190 1762 vel
1223 1720 1269 1763 ob
1301 1733 1473 1777 yravem
1505 1726 1673 1774 metum,
1706 1723 1774 1777 qui

152 1807 173 1832 (1
198 1791 557 1848 imputabilitatem
595 1794 741 1834 minuit
768 1791 830 1835 vel
867 1794 1028 1847 penitus
1061 1791 1207 1834 tollit»
1240 1791 1347 1848 (can.
1374 1791 1500 1846 2205,
1524 1790 1581 1849 ἐξ
1606 1791 1628 1834 2
1653 1797 1691 1834 61
1716 1791 1774 1846 3),

147 1862 394 1920 delinquens
427 1863 572 1919 eyerit,
609 1863 648 1918 11)
681 1877 780 1905 num
823 1876 914 1904 eum
957 1861 1102 1904 delicti·
1142 1862 1416 1919 poenituerit,
1453 1875 1546 1905 cum
1588 1872 1692 1904 unus
1725 1875 1773 1905 ex

148 1946 373 1989 poenarum
409 1933 559 1976 tinibus
591 1933 784 1977 obtentus
815 1935 873 1976 sic
909 1934 1046 1987 fuerit,
1081 1934 1122 1988 o)
1158 1931 1424 1990 eiusdemque
1447 1932 1581 1976 iizalos
1609 1932 1776 1990 effeetus

152 2021 171 2045 «
194 2005 375 2048 scandali
411 2009 449 2047 et
483 2005 622 2047 damni
649 2020 666 2044 ›)
706 2004 865 2046 evitare
897 2004 987 2061 ipse
1010 2003 1242 2057 ‘studuerim
1263 2016 1414 2047 curans
1437 2008 1475 2046 et
1499 2005 1681 2046 fortassis
1704 2003 1774 2047 ob-

148 2078 280 2118 tinens
313 2075 414 2117 alios
449 2088 674 2130 poenarum
709 2088 868 2130 scopos,
893 2074 1065 2131 aliaque
1096 2073 1273 2126 siriii‘lia,
1296 2086 1401 2130 quae
1425 2086 1574 2128 nempe
1597 2075 1646 2116 ad
1677 2088 1697 2113 1(
1718 2086 1776 2116 ra-

149 2149 298 2188 tionem
335 2145 678 2201 imputabilitatis,
711 2145 894 2188 scandali
930 2149 969 2187 et
1003 2145 1142 2187 damni
1169 2160 1187 2184 1)
1225 2147 1468 2200 pertineant.

263 2215 452 2271 Exempli
488 2228 610 2258 causa
649 2214 883 2258 Deci-etales
916 2215 1116 2272 quasdam
1144 2213 1433 2268 transcribam,
1457 2227 1564 2271 quae
1586 2214 1776 2257 diversas

147 2288 479 2329 circumstantias
511 2285 631 2328 simul
669 2288 706 2327 in
744 2298 937 2341 responso
972 2287 1251 2338 considerant,
1287 2285 1383 2327 dum
1427 2284 1565 2339 plures
1598 2284 1702 2327 aliae
1736 2287 1773 2326 in

146 2355 308 2400 Codicis
340 2356 674 2399 adnotationibus
708 2355 864 2398 consuli
895 2360 1062 2412 queant.
1101 2355 1234 2397 Primo
1258 2354 1375 2397 Alex.
1400 2354 1450 2397 lll
1483 2356 1541 2397 sic
1575 2356 1775 2410 interpre-

148 2432 257 2470 tatur
290 2429 763 2470 excommunicationem
798 2429 968 2469 canonis
1004 2426 1230 2482 urgendain
1270 2425 1332 2468 vel
1367 2438 1445 2467 non
1483 2427 1520 2467 in
1555 2424 1721 2468 casibus
1746 2425 1773 2465 1.

154 2513 173 2538 (<
198 2497 524 2554 Respondemus,
549 2498 656 2554 quod
692 2500 722 2539 si
759 2497 898 2540 clerici
926 2498 1027 2539 infra
1054 2496 1230 2552 puberes
1263 2509 1391 2538 annos
1424 2509 1467 2538 se
1490 2496 1540 2538 ad
1568 2498 1774 2539 invicem:

147 2573 215 2611 3111
250 2581 355 2610 unus
388 2567 562 2610 alterum
600 2570 892 2623 percusserint,
918 2580 996 2609 non
1021 2571 1115 2610 sunt
1138 2567 1186 2609 ad
1213 2566 1493 2622 Apostolicam
1517 2566 1657 2608 sedem
1686 2568 1776 2608 init-

149 2638 274 2689 tendi,
307 2641 402 2695 quia
437 2652 506 2681 eos
539 2643 650 2681 aetas
684 2644 867 2681 excusat.
903 2637 986 2681 Nec
1020 2637 1173 2691 clerici,
1199 2639 1231 2679 si
1255 2642 1349 2680 sunt
1377 2636 1520 2692 plenae
1554 2638 1712 2689 aetatis,
1735 2641 1775 2679 et

150 2722 226 2751 non
262 2709 370 2761 odio,
407 2709 468 2751 vel
505 2709 676 2761 invidia,
715 2708 775 2751 vel
814 2708 1108 2764 indignatione,
1152 2708 1223 2750 sed
1268 2707 1436 2750 levitate
1480 2710 1614 2750 iocosa
1648 2720 1690 2749 se
1723 2707 1773 2749 ad

149 2781 327 2822 invicem
355 2784 570 2835 percutere
595 2781 827 2834 contingat:
865 2792 997 2835 neque
1025 2780 1234 2833 magister,
1259 2780 1290 2820 si
1315 2777 1545 2820 scholarem
1576 2776 1774 2820 clericum

269 2932 279 2953 1
308 2931 397 2976 Cap.
430 2933 461 2974 1,
491 2931 569 2964 Tit.
599 2930 789 2971 XXXIX,
820 2931 890 2964 Lib
934 2930 977 2966 V.
1006 2929 1055 2963 X.
