1950 3313
179 162 247 196 254
549 159 632 193 Lm.
657 159 697 192 V.
722 179 733 184 -
755 159 864 193 PARS
882 158 952 193 111.
972 178 984 183 -
1003 158 1061 193 De
1073 161 1211 203 poenis
1231 162 1271 193 in
1291 160 1433 194 delicta
1592 160 1687 196 Can.
1715 161 1808 196 2351

179 282 288 323 tione
321 282 441 322 citius
474 279 596 321 finem
625 290 786 334 pugnae
811 278 1064 334 imponendi,
1091 277 1151 321 vel
1177 279 1422 335 simpliciter
1449 279 1618 322 vulnera
1655 279 1808 337 ligandi

178 363 225 394 ac
248 350 435 405 curandi,
459 351 558 407 quin
585 351 769 393 incurrat
801 351 1276 392 excommunicationem
1311 350 1481 394 Summo
1508 350 1692 394 Pontifici
1714 353 1811 394 sim-

181 420 341 477 pliciter
374 423 664 463 reservatam?
698 419 735 464 2.
772 419 960 463 Potestne
993 418 1154 474 saltem,
1187 422 1285 478 quin
1325 420 1463 464 duello
1505 422 1556 464 sit
1600 433 1810 478 praesens,

181 494 218 534 in
251 490 374 534 domo
409 492 547 534 vicina
584 489 646 533 vel
682 490 723 533 in
760 489 848 534 loco
882 491 1114 547 propinquo
1146 492 1305 545 sistere,
1331 493 1545 547 proximus
1572 503 1620 535 ac
1643 497 1810 549 paratus

179 562 227 605 ad
279 560 561 617 praebendum
612 574 733 604 suum
785 562 1074 615 ministerium,
1112 563 1143 604 si
1188 561 1469 606 duellantibus
1510 575 1613 619 opus
1654 563 1810 606 fuerit?

180 632 217 676 3.
253 631 360 685 Quid
395 630 445 674 de
479 631 729 674 confessario
762 632 802 674 in
837 630 982 674 iisdem
1018 630 1356 675 conditionibus?
1382 657 1433 662 —
1468 631 1511 676 R.
1537 631 1613 675 Ad.
1651 632 1687 676 1.
1721 631 1808 675 Non

182 715 313 758 posse,
346 706 385 745 et
419 703 894 745 excommunicationem
930 703 1099 746 incurri.
1135 701 1195 745 Ad
1232 701 1255 745 2
1290 707 1330 745 et
1354 702 1377 745 3
1402 700 1617 755 Quatenus
1639 716 1689 746 ex
1714 715 1810 746 con—

180 773 289 816 dicto
322 774 405 825 liat,
441 774 537 816 item
574 785 652 816 non
688 786 804 829 posse
839 777 878 815 et
911 774 1386 816 excommunicationem
1423 776 1642 817 incurri».

300 843 566 901 Prosequitur
598 856 754 887 canon:
789 842 832 900 g)
867 857 941 886 nec
972 857 1054 886 non
1087 842 1137 886 de
1169 843 1401 899 imlmtria,
1439 860 1458 885 ((
1481 849 1551 888 aut
1573 858 1624 888 ex
1648 857 1812 901 compo-

179 916 300 957 sito»
339 913 486 968 (const.
520 911 643 970 Greg.
677 912 803 970 Xlll)‚
838 927 916 956 non
952 926 1065 967 casu,
1100 913 1163 958 vel
1199 927 1220 957 a
1256 914 1376 969 longe
1408 915 1721 959 accidentaliter
1759 929 1807 959 ex

179 986 430 1039 curiositate,
468 983 530 1027 vel
567 984 832 1035 transeundo,
850 989 1086 1040 spectantes
1109 984 1153 1041 h)
1179 983 1369 1042 illudque
1391 984 1602 1041 singulare
1624 984 1811 1028 duellum

176 1054 481 1112 permittentes,
518 1067 557 1097 v.
575 1068 638 1110 gr.
677 1070 698 1095 α
725 1054 910 1097 volentes
934 1053 1118 1097 locorum
1144 1055 1300 1098 domini
1319 1070 1341 1095 ))
1365 1055 1512 1112 (const.
1541 1054 1663 1112 Greg.
1684 1054 1810 1112 Xlll),

180 1125 243 1168 vel
276 1125 304 1183 i)
339 1130 540 1183 qzmmum
573 1125 618 1168 in
651 1125 756 1183 ipsis
788 1131 862 1177 est,
896 1128 1019 1169 etiam
1052 1125 1314 1169 solummodo
1347 1140 1429 1169 non
1460 1125 1741 1183 prohibentes,
1760 1127 1807 1170 ad

181 1197 289 1254 quod
325 1210 424 1252 ergo
449 1200 617 1253 propter
639 1196 868 1239 dominium
898 1196 958 1239 vel
984 1199 1272 1241 auctoritatem
1302 1200 1338 1240 vi
1363 1200 1532 1241 canonis
1560 1197 1808 1254 obligantur,

182 1271 221 1310 et
253 1267 420 1310 additur
452 1267 587 1324 quoad
624 1280 766 1310 omnes
799 1267 1101 1324 delinquentes,
1141 1272 1202 1311 ast
1247 1270 1488 1324 praesertim
1532 1268 1608 1312 sub
1651 1269 1809 1323 litteris,

183 1338 227 1396 h)
260 1343 298 1382 et
333 1340 359 1392 i)
391 1337 440 1380 ad
476 1350 663 1381 normam
697 1336 819 1382 Cone.
855 1337 990 1381 Trid.:
1027 1338 1321 1396 cuiuscumque
1352 1338 1578 1396 dignitatis
1610 1339 1709 1395 sim,
1732 1342 1809 1383 sci-

183 1410 298 1453 licet:
327 1425 357 1460 ¹«
384 1411 621 1465 imperator,
657 1422 788 1465 regeS,
823 1409 963 1462 duces,
1000 1412 1219 1466 principes,
1256 1409 1530 1465 marchiones,
1563 1413 1735 1454 comites
1772 1416 1812 1454 et

182 1492 446 1538 quocumque
480 1478 559 1522 alio
594 1481 774 1534 nomine,
808 1479 963 1523 domini
1000 1479 1248 1536 temporales
1270 1496 1310 1526 )).
1347 1480 1394 1523 Hi
1420 1483 1528 1523 enim
1555 1482 1812 1537 perpendant

187 1550 312 1594 verba
346 1550 497 1594 Bened.
533 1548 625 1593 XlV
659 1552 697 1593 in
742 1563 816 1594 sua
859 1556 989 1594 const.
1029 1566 1048 1592 c<
1076 1551 1366 1595 Detestabilem
1391 1567 1412 1592 n
1449 1551 1477 1609 ἓ
1513 1552 1584 1595 10:
1623 1551 1809 1610 «Neque

182 1621 274 1678 sibi,
306 1634 488 1679 suaeque
522 1623 560 1664 in
596 1620 724 1664 Deum
761 1621 869 1677 fidei,
905 1624 1172 1680 munerisque
1206 1624 1352 1665 rationi
1387 1623 1531 1666 secisse
1563 1625 1662 1666 satis
1695 1623 1810 1666 intel-

184 1693 325 1750 ligant,
344 1692 453 1750 quod
474 1694 628 1749 optime
651 1695 884 1736 constitutis
908 1693 1080 1750 legibus,
1105 1694 1352 1751 indictisque
1374 1696 1633 1749 gravissimis
1657 1697 1811 1751 poenis,

184 1763 435 1806 horrendum
469 1763 605 1806 scelus
640 1766 916 1820 proscriptum
950 1766 1026 1818 sit3
1059 1766 1135 1807 nisi
1170 1769 1405 1808 accuratam
1443 1767 1624 1820 ipsarum
1658 1764 1810 1821 legum,

186 1847 496 1892 poenarumque
530 1836 817 1878 executionem
853 1837 1039 1891 graviter
1073 1839 1261 1891 urgeant,
1295 1847 1342 1879 ac
1377 1840 1662 1892 promoveant,
1686 1848 1812 1892 seque

186 1905 462 1948 inexorabiles
496 1905 566 1948 Dei
605 1905 790 1949 vindices
824 1908 862 1948 in
898 1919 980 1962 eos,
1014 1908 1083 1963 qui
1120 1908 1214 1949 talia
1249 1911 1392 1962 agunt,
1430 1906 1653 1963 diligenter
1696 1905 1808 1950 exhi-

188 1976 309 2020 beant
330 1991 370 2018 ›>.

303 2045 460 2092 Omnes
493 2049 619 2104 igitur
651 2059 775 2104 supra
809 2047 1006 2091 declarati
1041 2046 1215 2090 subsunt
1237 2048 1327 2105 ipso
1353 2050 1676 2105 uniuscuiusque
1697 2047 1811 2105 facto

187 2124 240 2172 et,
274 2121 305 2161 si
341 2120 525 2174 excipias
556 2117 843 2175 delinquentes
866 2118 943 2162 sub
967 2118 1111 2162 litteris
1137 2117 1178 2176 b)
1198 2123 1236 2162 et
1254 2119 1292 2175 c)
1313 2121 1547 2173 recensitos,
1568 2131 1660 2162 cum
1685 2118 1812 2162 duelli

189 2191 505 2247 perpetratione,
542 2201 633 2231 nani
673 2202 768 2232 «ex
803 2191 978 2246 receptis
1011 2190 1119 2246 apud
1157 2188 1349 2245 probatos
1381 2194 1571 2232 auctores
1609 2191 1810 2247 interpre-

190 2259 412 2304 tationibus
444 2264 504 2302 est
549 2258 718 2316 (canon)
760 2260 1042 2303 aestimandus
1066 2275 1086 2301 >>
1136 2259 1243 2317 (can.
1279 2260 1317 2314 6,
1353 2259 1430 2317 20),
1473 2259 1650 2304 scilicet:
1702 2275 1723 2301 ((
1754 2262 1811 2304 uti

188 2331 306 2374 docet
341 2329 596 2373 D’Annibale
634 2329 855 2372 Commeat.
892 2329 929 2372 Ιι.
964 2329 991 2374 l.
1025 2343 1148 2388 quem
1183 2335 1413 2388 sequuntur
1445 2333 1722 2374 communiter
1743 2330 1812 2373 alii

187 2405 579 2445 commentatores»
619 2401 630 2422 1
667 2403 747 2443 imo
781 2406 818 2443 et
858 2416 878 2441 «
904 2413 1032 2457 poena
1067 2400 1157 2457 lege
1190 2405 1340 2444 statuta
1373 2414 1452 2444 non
1477 2403 1812 2458 incurritur-,nisi

187 2472 382 2516 delictum
419 2472 541 2515 t'uerit
578 2473 618 2514 in
661 2485 735 2515 suo
778 2485 930 2528 genere
975 2473 1199 2528 perlectum
1243 2472 1473 2516 secundum
1519 2475 1811 2529 proprietatem

191 2542 413 2586 verborum
446 2542 591 2599 legis»
630 2544 736 2596 (can.
771 2542 916 2599 2228),
951 2555 1057 2600 quae
1096 2545 1134 2585 in
1177 2556 1334 2587 canone
1378 2543 1562 2587 duellum
1601 2543 1812 2600 singulare

188 2627 235 2657 ac
271 2618 475 2669 patratum
508 2613 772 2657 considerant
803 2618 842 2656 et
875 2626 970 2656 cum
1006 2618 1195 2670 respectu
1233 2614 1283 2657 ad
1329 2613 1428 2657 illud
1473 2616 1612 2658 conrei
1655 2626 1813 2670 poenae
1859 2643 1861 2646 -
1906 2646 1935 2676 ‘.

187 2684 476 2738 subiiciuntur,
514 2683 727 2728 videlicet:
762 2683 1184 2728 eoecomrmmicationi
1216 2684 1315 2728 Secli
1346 2684 1611 2742 Apostolicae
1651 2683 1811 2741 simpli-

189 2756 293 2798 citer
324 2760 578 2807 reservatae,
610 2757 717 2798 sicut
749 2757 787 2797 in
821 2757 909 2798 iure
942 2755 1217 2811 praecedente
1250 2754 1457 2799 Codicem.

306 2859 457 2941 ¹5gard.
478 2859 596 2905 Lega.
617 2859 908 2895 Praelectiones
927 2860 967 2893 in
987 2863 1144 2894 textum
1160 2860 1264 2895 Iuris
1278 2861 1469 2895 canonici.
1483 2861 1556 2895 Lib
1586 2860 1636 2904 II,
1657 2859 1733 2895 vol.
1746 2859 1813 2902 IV,
1849 2887 1854 2890 .

190 2919 300 2941 num.
378 2934 384 2940 .
