1950 3313
87 197 176 234 Can.
201 197 295 232 2345
455 197 537 232 ΤΙῬ.
557 198 666 233 XHI.
690 219 694 222 ⁴
721 199 772 232 De
798 201 947 234 delictis
973 205 1105 234 (wintra
1136 215 1192 234 ies·
1218 204 1342 236 eei-les.
1646 204 1710 235 241

91 319 177 374 ipso
211 317 379 361 domino
404 329 488 360 rem
518 316 580 359 vel
607 318 668 359 ius
692 323 896 374 occupant
928 322 1042 375 ‹piasi
1068 320 1116 363 ad
1141 334 1184 364 se
1209 323 1416 377 pertinens
1440 338 1478 375 »,
1500 321 1560 364 rel
1582 321 1711 364 solum

89 387 404 443 deli‘neme8‚ac
437 389 496 431 sic
530 387 775 443 impediunt,
799 392 1020 445 quominus
1055 393 1245 447 proprius
1278 392 1469 435 dominus
1503 392 1580 435 illis
1613 394 1714 434 l'orte

91 472 163 515 per
195 458 298 503 alios
331 459 539 514 usurpatis
572 459 744 503 truatur.
765 459 1008 503 alterutrum
1044 461 1238 504 delictum
1275 468 1555 518 perpetrantes
1587 467 1714 520 anper

89 544 133 572 se
164 529 227 572 cel
258 528 401 587 h)pei·
433 528 565 571 alium
600 528 779 571 iubendo
815 529 877 571 vel
913 531 1113 586 cogendo,
1133 546 1179 574 ac
1214 537 1308 575 tunc
1345 534 1380 574 in
1418 536 1627 588 proprium
1664 535 1714 574 13-

90 613 257 654 vorem,
293 599 500 644 obiectum
539 612 637 642 vero
673 600 912 656 multiplicis
945 601 1081 644 delicti
1121 602 1316 645 declarati
1350 608 1440 645 sunt
1475 603 1709 658 singulatim

87 674 124 727 a)
163 671 268 715 hona
301 671 494 729 equidem
530 670 788 727 temporalia,
814 671 979 715 mobilia
1019 672 1079 715 vel
1116 673 1353 727 immobilia,
1378 687 1447 715 seu
1484 673 1544 715 liis
1576 676 1710 730 aequi-

89 747 245 798 parata,
280 747 356 784 accc
389 740 432 798 b)
469 741 565 784 ium
600 754 765 798 quoque
800 743 837 784 in
874 744 1054 798 praelata
1104 742 1222 793 bona,
1258 756 1363 800 quate
1396 746 1472 785 sint
1508 746 1710 786 territoria

87 814 222 856 i'orsan
260 812 325 856 vel
360 812 524 869 palatia,
559 812 613 855 ad
646 811 878 855 Ecclesiam
913 812 1158 863 Romanam,
1193 827 1270 856 non
1316 814 1445 855 solum
1494 814 1601 856 velut
1636 816 1711 856 sin-

87 884 274 940 gularem
309 883 550 937 dioecesim,
587 883 648 926 vel
684 883 919 939 specialiter
951 884 999 926 ad
1039 884 1251 928 Basilicam
1285 886 1324 927 ὃ.
1359 884 1517 926 loannis
1552 884 1711 927 Latera-

87 957 236 1010 nensis,
257 955 294 1000 S.
318 954 439 1009 Petri,
464 954 534 997 sed
570 954 619 997 ad
657 953 766 997 illam
802 953 1028 997 Ecclesiam
1061 954 1335 1012 [υθγῖόηθηΙίαὟ
1363 957 1492 1010 prouti
1530 954 1627 997 liace
1660 954 1711 997 ol)

86 1028 305 1070 Summum
343 1027 581 1069 Pontilicem
619 1025 775 1082 gaudet
824 1027 999 1082 primatu
1051 1028 1088 1068 in
1140 1025 1415 1069 universalem
1463 1025 1708 1070 Ecclesiam:

87 1098 288 1153 praedicti
337 1097 628 1154 delinquentes
675 1096 825 1152 singuli
870 1101 908 1139 et
951 1097 1018 1139 alii
1066 1099 1101 1138 vi
1142 1103 1248 1139 can.S
1281 1096 1386 1139 2231
1426 1096 1709 1151 comprehensi

85 1172 123 1222 a)
156 1166 413 1217 subiaceant,
447 1180 527 1211 non
561 1181 681 1211 secus
713 1179 761 1210 ac
796 1169 833 1209 in
868 1165 1003 1211 Consi.
1028 1183 1047 1207 «
1072 1167 1334 1223 Apostolicae
1366 1167 1482 1209 Sedis
1504 1182 1524 1205 ))
1556 1165 1608 1207 Ρίἰ
1646 1165 1710 1217 tx,

85 1237 509 1282 (πουηιηιυηίωίτόηί
540 1237 655 1280 [alae
687 1237 921 1280 sententiae
957 1237 1133 1295 speciali
1165 1236 1284 1280 medo
1320 1236 1417 1279 Sedi
1449 1236 1712 1293 Apostolieae

84 1314 353 1353 reservatae:
385 1314 424 1351 et
457 1310 495 1351 in
530 1311 668 1364 speeie
702 1308 739 1350 st?
772 1307 916 1350 cleriei
938 1308 989 1351 ol)
1018 1311 1237 1364 «primam
1273 1308 1417 1350 saltem
1453 1312 1660 1349 tonsuram
1688 1322 1705 1345 J)

87 1380 195 1437 (ean.
231 1381 329 1434 108,
363 1382 387 1434 ἓ
422 1379 464 1436 1)
498 1384 622 1437 atque
660 1379 753 1422 «ad
793 1384 942 1422 statum
989 1378 1175 1422 laicalem
1221 1377 1441 1436 (nondum)
1488 1379 1705 1433 regressi»

84 1451 192 1508 (can.
220 1451 319 1506 211,
341 1453 366 1505 g
390 1450 433 1508 Ξ)
466 1450 627 1508 fuerim
662 1449 898 1493 huiusmodi
932 1449 1235 1507 delinquentes,
1256 1455 1478 1507 praeterea
1509 1448 1551 1505 b)
1574 1447 1709 1504 ‹liqui-

85 1522 241 1565 latibus
264 1522 316 1566 ab
341 1521 518 1566 Abbatia
551 1521 601 1565 de
637 1523 838 1577 regimine
871 1525 941 1564 aut
965 1520 1201 1564 Praelatura
1236 1519 1388 1563 nullius
1421 1523 1460 1562 et
1491 1532 1629 1574 supra,
1654 1518 1710 1558 lw-

82 1593 244 1650 iiefieiis
268 1595 433 1650 proprie
457 1593 578 1637 dictis
601 1591 710 1649 (can.
738 1592 883 1649 1409),
907 1592 1053 1650 officiis
1075 1608 1097 1633 <‹
1119 1594 1261 1635 stricto
1294 1604 1416 1634 sensu
1441 1607 1461 1631 ³>
1485 1590 1592 1647 (can.
1617 1590 1710 1639 1423,

82 1664 110 1720 ξ
144 1663 201 1721 ⁶2),
231 1664 519 1722 pensionibus,
553 1668 673 1720 prout
707 1662 784 1706 liae
816 1664 865 1707 ad
899 1676 989 1707 can.
1029 1663 1137 1705 1429
1172 1663 1366 1706 delinitae
1399 1674 1446 1705 ac
1478 1660 1710 1704 declaratae

83 1736 261 1790 suerunt,
294 1734 517 1792 privemur
548 1735 741 1791 equidem
779 1738 815 1777 in
852 1734 1004 1778 iudicio
1048 1733 1252 1777 criminali
1289 1733 1396 1790 (can.
1438 1732 1560 1786 1933,
1592 1732 1619 1789 ξ
1658 1732 1708 1787 1),

83 1810 209 1862 alque
240 1804 280 1862 c)
310 1821 331 1846 c(
354 1805 492 1849 clerici
517 1821 539 1846 »
578 1811 618 1848 ut
653 1819 775 1860 supra
811 1804 1018 1847 inhabiles
1052 1804 1107 1847 ad
1139 1804 1298 1857 eadem,
1328 1806 1417 1846 sive
1451 1802 1588 1846 habita
1622 1804 1710 1845 site

81 1875 158 1919 alia
195 1878 233 1919 in
269 1880 478 1932 posterum
513 1875 702 1920 habenda
737 1875 1008 1919 declarentur
1041 1878 1078 1918 in
1114 1875 1258 1919 eadem
1302 1876 1516 1918 sententia.
1554 1873 1710 1916 Poenae

82 1960 156 2004 pro
189 1946 352 1990 clericis
384 1952 478 1990 sunt
512 1960 657 1990 revera
693 1947 886 1990 ferendae
909 1948 1151 1997 sententiae,
1169 1946 1240 1989 sed
1266 1946 1564 1988 determinatae
1587 1949 1709 2001 atque

84 2017 194 2061 «lex
231 2020 357 2061 utitur
392 2020 669 2075 praeceptiris
706 2017 841 2061 verbis
867 2033 884 2058 ))
914 2017 1022 2075 (can.
1059 2009 1186 2071 2223,
1220 2019 1244 2070 ἓ
1279 2016 1334 2073 3).

200 2090 298 2133 187.
335 2091 569 2136 Defensio
618 2091 938 2147 proprietatis
980 2092 1220 2135 bonorum
1264 2089 1707 2134 ecclesiasticorum

80 2176 348 2219 eorumque
380 2163 622 2208 fructuum
657 2160 777 2217 plene
809 2165 1019 2216 assumpta
1053 2164 1112 2203 est
1146 2172 1167 2203 a
1190 2158 1442 2203 Concssl'rid.
1469 2161 1506 2200 in
1531 2170 1619 2214 cap.
1646 2158 1707 2203 lt.

78 2246 178 2276 sess.
214 2231 325 2276 XXll
358 2233 409 2276 de
442 2232 749 2276 Reformatione
783 2231 845 2275 his
880 2231 1037 2275 verbis:
1084 2231 1165 2273 «Si
1199 2244 1321 2287 quem
1356 2229 1600 2273 clericorum
1645 2228 1705 2270 rel

82 2304 297 2359 laicorum,
321 2316 585 2361 quacumque
621 2305 652 2346 is
685 2303 899 2359 dignitate,
924 2304 1046 2345 etiam
1073 2301 1278 2357 imperiali
1312 2305 1381 2344 ant
1416 2300 1555 2356 Regali
1593 2312 1706 2355 prae-

79 2374 248 2431 fulgeat,
282 2377 319 2417 in
355 2379 512 2418 tantum
550 2374 752 2417 malorum
803 2375 986 2417 omnium
1023 2373 1153 2423 radix,
1189 2372 1393 2428 cupiditas
1426 2373 1707 2426 occupaverit,

80 2450 124 2488 ut
155 2444 330 2488 alicuius
361 2445 574 2499 ecclesiae,
594 2458 665 2488 seu
692 2446 876 2487 cuiusvis
908 2443 1134 2487 saecularis
1170 2443 1230 2485 vel
1269 2442 1469 2498 regularis
1504 2441 1706 2491 beneticii,

80 2517 282 2559 montium
318 2518 493 2572 pietatis,
527 2515 788 2572 aliorumque
824 2517 984 2571 piorum
1021 2514 1204 2557 locorum
1241 2513 1555 2557 iurisdictiones,
1587 2511 1704 2558 bona,

78 2600 227 2630 census
250 2599 297 2630 ac
323 2589 426 2641 iura,
450 2589 572 2630 etiam
598 2586 777 2630 feudalia
811 2591 849 2630 et
881 2585 1205 2642 emphyteutica,
1227 2585 1395 2637 l'ructus,
1414 2583 1703 2628 emolumenta,

77 2671 149 2702 seu
184 2670 470 2716 quascumque
503 2657 789 2713 obventiones,
812 2670 919 2715 quae
944 2659 981 2699 in
1009 2658 1288 2699 ministrorum
1315 2659 1353 2697 et
1380 2666 1603 2710 pauperum
1640 2666 1703 2693 ni·-

77 2731 290 2772 cessitates
322 2731 510 2771 converti
545 2728 712 2783 debent,
748 2742 819 2784 per
852 2741 895 2771 se
933 2727 994 2770 vel
1031 2740 1103 2783 per
1136 2726 1251 2777 alios,
1290 2728 1325 2766 ri
1365 2724 1423 2766 rel
1466 2726 1609 2765 timore
1646 2726 1700 2763 ii.-

75 2812 209 2856 cusso,
244 2812 315 2843 seu
350 2801 473 2842 etiam
510 2813 583 2856 per
615 2802 848 2856 suppositas
880 2810 1074 2855 personas
1107 2797 1351 2839 clericorum
1388 2800 1453 2837 aut
1491 2794 1701 2840 laicorum,

77 2883 149 2914 seu
182 2883 447 2928 quacumque
480 2875 581 2924 arte,
614 2875 685 2913 aut
727 2882 991 2927 quocumque
1034 2870 1218 2924 quaesito
1261 2866 1411 2918 colore,
1447 2867 1482 2906 in
1518 2866 1701 2919 proprios

77 2954 176 2985 usus
206 2945 467 2996 convertere,
504 2940 677 2998 illosque
712 2953 913 2996 usurpare
949 2939 1283 2995 praesumpserit,
1313 2949 1382 2978 sen
1419 2934 1618 2990 impedire
1654 2947 1701 2975 ne

160 3030 257 3059 BLAT
279 3046 298 3052 -
324 3030 446 3059 Comm.
475 3030 560 3059 Text.
586 3030 661 3059 Cod.
686 3030 758 3058 Iur.
785 3030 865 3057 Can.
1582 3022 1618 3050 16
