1950 3313
170 121 239 157 54χ
320 127 329 151 i
579 119 858 154 Ismonncno
883 128 924 152 m
949 127 1029 153 noc
1056 118 1390 154 COMMENTARIUM

761 256 801 260 —
832 234 1018 270 Ecclesiam
1045 235 1251 271 orientalem
1639 236 1725 272 Can.
1778 235 1792 271 1

762 350 803 355 —
831 328 1010 374 liturgieas
1037 329 1129 374 leges
1676 344 1689 362 η
1778 329 1798 364 2

989 444 1031 448 —
1060 434 1120 469 per
1140 423 1296 469 publicas
1315 424 1564 460 conventiones

1009 474 1139 506 statuta
1677 485 1692 503 »
1783 470 1802 505 3

762 516 804 520 -—
831 494 908 529 iura
927 514 969 519 -

433 542 473 547 -
499 519 636 556 Codicis
653 530 721 554 res-

519 573 617 614 pectu
638 566 680 602 ad
700 588 744 591 —
988 584 1030 589 ——
1060 564 1272 610 privatorum
1300 564 1469 610 quaesita,
1497 564 1565 610 pri-

1010 611 1136 656 vilegia
1161 616 1193 647 et
1220 612 1360 647 indulta
1678 625 1693 643 >³
1783 609 1803 646 4

1200 727 1247 732 κ
1271 705 1623 742 consuetudinarium
1679 719 1694 738 )>
1780 705 1800 739 ὅ

765 775 802 778 -
828 754 881 788 ius
903 753 1116 799 praecedens
1143 730 1198 818 —J

218 802 316 838 Liber
342 802 364 837 Ι.
753 724 756 928 ῐ
1204 821 1242 825 -
1271 801 1440 846 scriptum
1679 816 1693 833 »
1780 799 1799 834 (ἰ

168 849 315 886 Normae
337 861 390 895 ge-

191 897 327 934 nerales
367 917 410 924 —
762 917 805 920 —
831 895 1062 941 quorumdam
1082 893 1375 939 significationem
1394 895 1578 931 verborum
1677 911 1692 929 »
1779 894 1798 930 7

833 1010 876 1014 —
903 988 1083 1034 scriptum.
1107 988 1151 1024 De
1171 988 1305 1033 legibus
1322 989 1566 1025 ecclesiasticis
1661 990 1728 1025 Tit..
1790 991 1801 1025 1

836 1105 876 1109 —
903 1095 974 1119 non
1002 1084 1185 1130 seriptum.
1215 1083 1260 1119 De
1286 1084 1538 1120 consuetudine
1686 1100 1700 1117 ι)
1773 1084 1798 1120 ΙΙ

835 1199 877 1202 -
891 1177 1210 1224 interpretandum.
1232 1176 1278 1213 De
1295 1178 1460 1223 temporis
1479 1190 1561 1224 sup-

433 1251 722 1297 -quoadipsum
739 1250 798 1286 CO·
858 1225 1036 1271 putatione
1506 1225 1508 1227 ’
1688 1239 1702 1258 >2
1757 1225 1797 1260 111

450 1298 561 1333 dicem
592 1309 642 1351 *ac
679 1298 798 1333 subse·
1022 1319 1073 1355 Yel

451 1356 563 1391 quens
590 1357 643 1381 ius
773 1367 813 1370 —

834 1435 875 1439 -
902 1414 1157 1459 exequendum.
1190 1413 1235 1448 De
1262 1413 1441 1459 rescriptis
1683 1429 1697 1445 »
1751 1413 1793 1448 lV

1023 1508 1074 1544 vel

1166 1625 1209 1629 -
1241 1603 1475 1639 habitualiter.
1518 1603 1563 1639 De

843 1698 870 1702 -
896 1677 1086 1712 relaxatum
1107 1699 1141 1704 —
1189 1652 1377 1698 privilegiis
1687 1664 1700 1682 ”
1773 1648 1795 1685 V

1163 1769 1206 1773 —
1220 1747 1263 1782 ad
1278 1746 1448 1792 quosdam
1464 1750 1572 1780 aetus.

1186 1794 1232 1830 De
1258 1794 1518 1840 dispensatione
1681 1806 1694 1824 »
1754 1790 1792 1826 Vl
