1950 3313
135 149 205 183 302
506 146 591 179 L1ss.
612 145 658 179 V.
677 164 687 170 -
708 144 818 178 PARS
836 143 909 177 III.
933 163 945 168 -
963 143 1020 178 De
1031 145 1170 188 poenis
1189 145 1231 177 in
1249 143 1390 177 delicta
1440 141 1531 177 Can.
1559 140 1764 176 ease-2388

138 270 290 311 tionem
327 264 592 321 infligendam
628 263 737 320 (can.
771 267 901 316 2223,
934 263 962 320 ξ
996 261 1054 319 3),
1088 264 1266 306 servatis
1299 263 1430 305 forma
1465 265 1503 304 et
1537 273 1763 317 poenarum

140 338 484 382 determinatione
517 348 565 378 ex
601 333 978 388 constitutionibus,
1014 336 1095 376 imo
1129 338 1249 376 cavet
1273 345 1433 377 canon:
1468 336 1509 385 c)
1542 337 1582 375 et
1613 331 1651 374 si
1673 345 1766 375 eon·

140 408 381 451 stitutiones
413 404 525 448 iiiliil
567 404 618 448 de
660 407 735 448 hoc
776 409 964 456 careant,
1013 403 1217 462 Superior
1263 404 1402 446 maior
1446 417 1525 460 pro
1555 402 1769 461 yravitote

142 478 289 536 culpae
332 490 490 535 poenas
523 476 709 534 insliyal,
746 489 794 519 ex
835 468 993 519 canone
1042 475 1383 518 indeterminatas
1430 474 1500 518 sed
1551 475 1768 517 iniunctas.

143 549 257 601 (Can.
295 548 420 603 2217,
455 547 483 603 ἓ
517 547 554 601 1,
590 547 632 590 1⁰
666 551 706 591 et
739 561 855 604 prox.
891 545 992 602 cit.),
1029 545 1105 589 Hic
1138 558 1268 589 canon
1308 545 1620 589 «societatibus
1650 544 1769 588 cleri-

143 620 301 664 calibus
333 621 421 662 sine
456 621 560 661 votis
588 618 858 675 applicatur»
896 631 946 661 ex
966 616 1142 660 Decreto
1165 615 1380 661 Commiss.
1416 615 1530 659 Pont.
1555 615 1605 659 ad
1628 629 1681 659 ss.
1704 627 1771 658 ca-

144 704 286 734 nones.
319 689 431 732 autb.
467 688 798 746 interpretandos
822 688 849 732 ².

265 760 360 804 ⁶230.
399 761 585 807 Contra
617 761 781 806 dolum
815 761 1083 805 admissum
1115 760 1163 804 in
1197 759 1508 815 professione
1540 759 1687 803 nulla.
1722 782 1774 788 -

151 831 250 875 Can.
284 832 425 875 2387.
457 829 697 888 Reliyiosus
730 829 771 887 a)
805 829 983 872 clericus
1021 845 1043 870 «
1067 828 1211 872 saltem
1236 828 1288 872 ob
1314 830 1487 885 primam
1512 833 1724 871 tonsuram
1749 843 1770 868 »

147 902 256 960 (can.
293 902 389 956 108,
423 904 447 955 g
481 900 524 958 1)
558 901 676 943 euius
706 899 917 958 professio
951 898 1172 957 quaelibet,
1200 899 1263 942 vel
1297 898 1582 956 aequipollens
1605 900 1644 941 in
1675 913 1694 938 «
1718 911 1779 941 so-

147 972 365 1017 cietatibus
398 971 662 1016 clericalibus
694 974 782 1015 sine
819 973 966 1014 votis»
1004 984 1053 1014 ex
1090 971 1299 1014 decisione
1331 968 1547 1014 Commiss.
1578 969 1690 1012 Pont.
1725 968 1775 1012 ad

148 1058 198 1088 ss.
235 1057 414 1088 canones
456 1043 567 1087 auth.
610 1042 941 1099 interpretandos
975 1056 1012 1085 n.
1047 1040 1099 1084 Vl
1124 1042 1152 1096 ¹,
1188 1040 1229 1098 b)
1262 1040 1308 1084 ob
1341 1039 1571 1083 admissum
1605 1038 1654 1082 ab
1687 1039 1778 1096 ipso

150 1114 291 1159 dolum
331 1114 583 1171 explicatum
634 1116 673 1157 in
723 1126 811 1157 can.
852 1113 946 1170 103,
978 1113 1007 1171 g·
1040 1113 1077 1168 2,
1112 1112 1294 1156 scilicet:
1329 1125 1423 1155 cum
1460 1112 1624 1167 propria
1657 1109 1778 1166 culpa

151 1186 249 1239 doti,
282 1186 320 1242 c)
352 1184 471 1228 milla
503 1184 638 1242 fuerit
668 1184 888 1228 declarato
923 1187 1035 1228 iuxta
1070 1197 1159 1227 cau.
1185 1183 1284 1236 572,
1315 1182 1343 1241 g
1373 1183 1406 1237 Ι,
1431 1181 1474 1225 40
1500 1187 1539 1225 et
1561 1193 1651 1225 can.
1681 1181 1780 1237 586,

150 1256 200 1311 1⁰,
221 1256 257 1299 si
289 1256 345 1299 sit
377 1255 421 1299 in
454 1255 687 1299 iiiiiioribus
720 1254 938 1299 ordinibus
972 1254 1238 1309 constitutus,
1263 1267 1284 1295 e
1305 1258 1421 1296 statu
1453 1251 1645 1295 elerico-li
1676 1250 1781 1294 abii-

154 1328 294 1370 cialicr
314 1341 385 1383 per
401 1327 593 1383 Episcopi
614 1326 690 1370 loci
710 1327 1048 1370 commorationis
1067 1325 1281 1368 decretum
1301 1325 1352 1368 ad
1372 1336 1561 1367 normam
1579 1336 1668 1367 can.
1684 1322 1783 1379 211,

155 1401 180 1453 ἓ
214 1399 260 1452 2ς
296 1398 347 1441 ll⁰
381 1398 419 1441 si
451 1398 495 1441 iii
529 1396 759 1440 maioribus
781 1396 1036 1454 supplendo:
1067 1395 1327 1439 «ordinibus
1360 1396 1606 1438 constitutus
1632 1412 1667 1448 »,
1692 1393 1784 1451 ipso

155 1469 268 1527 facto
302 1483 526 1527 suspensus
549 1473 701 1520 monet,
724 1470 996 1525 suspensione
1031 1466 1283 1524 generaliter
1305 1466 1415 1520 data,
1438 1467 1512 1509 etsi
1537 1464 1785 1521 regulariter

163 1557 182 1582 <(
202 1541 252 1585 ab
276 1539 530 1583 ordinibus»
556 1540 691 1598 quoad
717 1540 923 1591 effectum,
943 1537 1072 1581 donee
1095 1537 1193 1581 Secli
1210 1536 1478 1595 Apostolicae
1500 1536 1630 1579 aliter
1655 1535 1786 1578 risum

157 1611 303 1670 faerit,
338 1616 378 1654 et
411 1610 582 1667 proinde
618 1623 747 1667 poena
782 1609 1038 1653 vindicativa
1063 1608 1171 1666 (can.
1198 1608 1325 1658 2298,
1350 1607 1428 1664 20),
1452 1619 1558 1665 quae
1581 1620 1676 1650 cum
1705 1619 1785 1649 non

158 1685 210 1726 sit
242 1682 403 1726 occulta
437 1686 605 1738 propter
637 1681 960 1725 declarationem
995 1679 1194 1723 nullitatis
1234 1679 1499 1735 professionis
1546 1677 1598 1721 ob
1645 1676 1785 1721 dolum

160 1766 284 1812 qnam
319 1755 599 1810 consequitur,
634 1756 673 1795 et
704 1752 755 1795 de
788 1765 831 1795 se
869 1755 1158 1808 «perpetua»
1195 1751 1258 1801 sit,
1294 1749 1524 1806 dispensari
1563 1750 1705 1806 nequit
1737 1747 1789 1791 ab

162 1825 241 1868 alio
273 1837 396 1882 quam
436 1823 487 1867 ab
532 1825 617 1880 ipsa
661 1822 767 1866 Sede
800 1821 1038 1878 Apostolica
1077 1836 1098 1862 c(
1123 1820 1188 1864 vel
1222 1820 1274 1864 ab
1306 1833 1354 1863 eo
1387 1822 1452 1863 cui
1487 1817 1790 1877 (peculiariter)

163 1896 265 1939 baec
310 1899 488 1952 potestas
529 1896 750 1938 commissa
782 1895 876 1936 sit»
915 1892 966 1936 ad
1010 1904 1200 1936 normam
1243 1904 1332 1935 can.
1369 1891 1497 1945 2236,
1529 1891 1557 1949 ξ
1591 1890 1629 1945 1,
1663 1890 1791 1934 2237.

283 1966 380 2009 231.
418 1968 602 2012 Contra
634 1966 994 2011 matrimonium
1033 1965 1383 2009 contrahentes
1415 1965 1648 2008 obstante
1675 1965 1793 2007 voto

166 2041 406 2095 perpetuo
439 2051 499 2082 ac
531 2037 746 2094 publico.
784 2060 837 2065 —
877 2033 977 2078 Caii.
1012 2035 1154 2077 2388.
1185 2032 1214 2091 ξ
1247 2033 1285 2076 1.
1319 2031 1360 2089 a)
1397 2032 1551 2076 Clerici
1582 2032 1625 2074 iii
1658 2031 1794 2074 saeris

168 2107 387 2151 constituti
420 2109 541 2151 etiam
579 2109 616 2149 in
650 2111 802 2150 statum
836 2105 1024 2149 laicalem
1061 2105 1229 2160 redacti,
1265 2103 1492 2148 dummodo
1524 2102 1796 2146 «coelibatus

169 2179 421 2234 obligatione
453 2181 716 2221 teneantur»
754 2176 863 2233 (can.
899 2175 999 2229 213,
1030 2176 1058 2234 ἓ
1092 2174 1149 2231 2),
1182 2173 1246 2217 vel
1276 2173 1321 2231 b)
1353 2173 1573 2231 reyiilares
1614 2172 1794 2216 scilicet:

174 2266 196 2291 «
219 2251 288 2307 qui
326 2253 419 2292 vota
452 2252 745 2304 nuncuparunt
778 2249 817 2290 in
852 2244 1011 2291 Ordine
1034 2246 1144 2303 (can.
1169 2246 1270 2299 488,
1301 2244 1379 2302 7⁰),
1412 2243 1452 2301 c)
1486 2249 1561 2287 aut
1592 2243 1797 2287 moniales

170 2320 349 2364 scilicet:
388 2318 649 2375 «religiosae
701 2323 892 2362 votorum
937 2316 1230 2360 solemnium»
1270 2315 1365 2372 (loc.
1404 2314 1507 2372 cit.),
1540 2314 1617 2358 hae
1650 2327 1699 2358 ac
1733 2316 1797 2357 isti

135 2438 140 2446 ,
169 2396 263 2449 post
295 2395 433 2434 volam
464 2388 665 2432 sollemne
697 2388 923 2438 castilatis,
957 2386 1141 2431 clausula
1180 2387 1412 2430 necessario
1450 2385 1713 2442 adiungenda
1747 2384 1796 2428 ad

172 2461 455 2506 excludendos
476 2459 720 2517 simpliciter
743 2460 948 2516 professos
971 2460 1010 2501 iu
1035 2455 1214 2519 Ordine3
1244 2457 1424 2514 itemque
1446 2456 1487 2511 d>
1509 2470 1648 2500 omnes
1679 2456 1799 2500 dum-

175 2533 298 2576 modo
321 2545 412 2575 cum
434 2530 581 2588 aliqua
603 2544 655 2573 eoe
673 2528 907 2588 praedictis
936 2528 1131 2587 personis
1163 2527 1343 2571 scilicet:
1378 2526 1454 2571 sub
1487 2527 1528 2584 a)
1562 2531 1602 2571 et
1633 2525 1677 2584 b)
1710 2540 1800 2570 mu·

176 2604 310 2658 lieres,
344 2601 420 2646 sub
451 2601 492 2659 c)
528 2603 605 2644 viri
638 2600 954 2643 molrimoiiimn
997 2599 1125 2642 etiam
1162 2598 1346 2641 civiliter
1380 2603 1555 2651 tantum,
1588 2610 1610 2641 a
1643 2598 1802 2640 fortiori

176 2674 275 2730 ergo
310 2674 433 2717 iidem
469 2671 661 2729 religioso
695 2674 775 2714 ritu
804 2669 1066 2724 contrahere,
1089 2669 1270 2713 scilicet:
1305 2670 1411 2713 tacto
1445 2682 1524 2712 non
1559 2671 1804 2726 iu1·e‚prae-

178 2749 398 2798 sumenteS,
433 2743 543 2787 unde
580 2758 602 2784 ((
624 2741 834 2800 quaelibet
866 2740 1197 2797 imputabilitatis
1229 2741 1477 2795 imminutio,
1500 2741 1590 2783 sive
1612 2752 1663 2782 ex
1687 2743 1803 2795 parte

183 2898 188 2903 ι
296 2849 397 2930 2⁸23
422 2849 537 2884 Junii
565 2848 667 2885 1918.
694 2847 770 2883 CO.
806 2847 858 2887 X,
897 2847 980 2887 347,
1020 2857 1059 2880 n.
1096 2846 1162 2880 VI.
1198 2866 1242 2871 -
1276 2845 1290 2867 2
1326 2845 1422 2880 Vide
1449 2845 1517 2879 cit.
1545 2844 1593 2879 ad
1618 2855 1705 2890 pag.
1733 2843 1804 2877 322

181 2909 220 2930 m
248 2909 298 2931 no
321 2909 354 2931 a.
