1950 3313
128 172 173 205 94
588 170 673 204 Lm.
701 169 746 203 V.
778 189 789 194 -
816 169 927 204 PARS
951 169 1003 203 II.
1034 189 1045 195 -
1071 170 1130 204 De
1149 173 1288 215 poenis
1541 171 1637 206 Gan.
1660 170 1755 205 2242

125 291 280 334 clarato
317 292 353 332 in
387 290 415 346 ξ
452 289 506 341 10,
536 288 845 346 poenitentiam
878 294 1085 345 sumptam
1121 303 1193 346 pro
1219 292 1501 346 resipiscentia
1526 305 1621 334 cum
1647 292 1754 335 illius

126 364 302 404 nominis
337 372 480 416 poena,
514 361 545 402 si
581 361 831 413 imponatur,
866 372 913 403 ac
947 361 1115 415 insuper
1148 362 1186 402 in
1222 360 1372 404 delicto
1398 361 1504 418 quod
1530 361 1620 404 aliis
1642 363 1753 405 dam-

125 445 220 474 num
259 430 405 484 intulit,
441 444 531 471 cum
565 429 704 472 debita
737 444 787 473 ex
824 432 913 473 iure
957 430 1135 474 naturali
1178 430 1429 474 damnorum
1474 434 1619 476 tertiae
1663 446 1752 489 per-

122 515 246 545 sonae
281 500 476 557 physicae
514 500 576 543 vel
612 500 780 544 moralis
813 507 852 544 cl
876 503 1118 545 nominatim
1143 501 1341 545 scandali
1361 503 1651 560 reparatione,
1673 505 1751 547 for-

121 576 223 615 sitan
262 585 333 627 per
367 571 548 615 iudicem
582 574 907 628 Superioremve
940 573 1271 625 determinanda,
1296 587 1422 630 ayere
1453 573 1658 617 detrectat
1683 588 1751 631 po-

120 645 242 685 sitive
276 647 346 685 aut
387 641 534 685 saltem
575 645 817 697 omissione3
864 642 914 685 llO
948 642 1004 685 ad
1047 643 1349 686 incurrendam
1396 658 1491 687 cero
1532 659 1752 688 censuram

120 713 234 755 latae
266 713 513 767 sententiae,
552 713 758 757 videlicet:
793 726 899 771 quae
938 714 1256 757 «determinata
1303 717 1356 757 ita
1398 717 1450 758 sit
1482 715 1621 758 addita
1671 715 1749 772 legi

123 784 184 826 vel
223 788 443 839 praecepto
478 788 521 826 ut
554 786 791 827 incurratur
815 786 902 840 ipso
928 785 1034 827 facto
1058 785 1197 828 delicti
1222 800 1244 825 »
1274 785 1382 843 (can.
1408 785 1536 839 2217,
1559 788 1584 840 ἓ
1609 786 1646 841 1,
1672 785 1748 843 ⁶20),

118 854 283 912 sufficit,
316 855 365 898 ad
401 857 707 898 contumaciam
744 857 866 898 etiam
903 856 1012 912 quod
1048 858 1208 910 attinet,
1235 857 1517 913 transqressio
1551 856 1656 914 leyt's
1689 857 1751 900 rel

114 926 332 983 praecepti
375 926 442 969 σαί
489 926 545 969 sit
587 925 755 969 adneoea
804 915 924 968 latae
959 926 1207 981 sententiae,
1261 927 1323 970 vel
1372 928 1750 985 aequipollentibus

121 996 271 1048 verbis,
303 1010 440 1054 poena
475 998 672 1053 praefata,
708 1009 800 1040 nan·
839 997 906 1040 illa
941 997 1044 1054 legis
1080 997 1143 1040 rel
1179 1000 1387 1054 praecepti
1411 1001 1611 1042 sententia
1641 1002 1750 1043 vices

116 1071 223 1124 gerit
257 1070 507 1123 monitionis,
540 1068 626 1111 m'si
658 1082 756 1110 reus
801 1071 958 1112 ratione
998 1068 1241 1112 alterutrius
1283 1069 1517 1112 violationis
1558 1069 1749 1126 leyilima

116 1153 245 1182 causa
289 1142 395 1183 inter
437 1139 670 1183 declaratas
707 1139 784 1183 sul)
827 1139 961 1182 Titulo
1001 1138 1050 1181 Vl
1102 1139 1151 1182 ab
1193 1138 1270 1182 hac
1311 1140 1456 1196 supple
1505 1156 1523 1180 «
1559 1154 1687 1197 poena
1721 1156 1742 1182 ))

117 1216 353 1254 eoeeuselur.

236 1285 321 1324 lloc
356 1280 570 1337 multiplex
609 1283 908 1337 praescriptum
936 1294 1015 1323 non
1041 1285 1100 1324 est
1124 1294 1294 1324 novum.
1319 1280 1385 1324 Sic
1408 1283 1516 1324 enim
1546 1283 1745 1337 scriptum

115 1356 175 1394 est
210 1354 246 1394 in
280 1364 369 1408 cap.
407 1352 430 1394 5
470 1367 489 1392 <c
514 1352 565 1395 de
597 1354 798 1395 sententia
834 1354 1322 1395 excommunicationis...
1347 1357 1470 1396 etc.»
1499 1350 1565 1408 (V,
1602 1352 1673 1409 11)
1707 1355 1744 1395 in

116 1424 173 1465 6⁰:
214 1439 235 1463 «
257 1421 442 1466 Caveant
465 1425 587 1466 etiam
615 1436 665 1466 ne
690 1422 791 1466 tales
814 1425 1039 1483 sententias
1062 1425 1521 1475 excommunicationis,
1543 1426 1632 1467 sive
1654 1437 1743 1480 spe-

113 1493 286 1547 cialiter,
321 1496 410 1536 sive
444 1493 697 1550 generaliter
731 1496 769 1536 in
803 1494 964 1551 aliquos
998 1507 1071 1550 pro
1106 1495 1253 1537 futuris
1294 1494 1440 1550 culpis,
1478 1495 1671 1538 videlicet
1711 1497 1744 1538 si

113 1564 194 1607 tale
228 1564 324 1621 quid
360 1565 546 1617 fecerint,
586 1565 646 1607 vel
682 1566 807 1608 etiam
846 1578 917 1620 pro
957 1567 1037 1607 iam
1082 1567 1315 1608 commissis
1352 1564 1429 1608 sub
1472 1564 1550 1608 hac
1589 1566 1742 1608 forma:

111 1638 142 1678 sl
178 1635 229 1678 de
263 1635 343 1678 illis
377 1637 481 1678 iutra
517 1635 596 1678 tale
630 1640 793 1691 tempus
828 1638 997 1679 minime
1029 1636 1318 1689 satisfecerint,
1354 1637 1541 1692 proferre
1576 1649 1741 1693 praesu-

114 1710 240 1760 mant,
273 1708 350 1749 nisi
386 1719 499 1750 mora
535 1709 573 1749 in
608 1706 845 1750 exhibenda
878 1708 1159 1750 satisfactione
1200 1706 1261 1749 vel
1307 1707 1428 1763 culpa
1472 1720 1543 1750 seu
1588 1707 1743 1750 offensa

113 1779 399 1832 praecesserit,
433 1777 585 1834 quibus
619 1779 766 1820 merito
800 1778 850 1820 ad
886 1777 1182 1833 iniungendam
1233 1778 1556 1821 satisfactionem
1600 1777 1740 1821 huius-

113 1847 236 1901 modi,
272 1853 308 1890 et
345 1848 480 1891 taliter
515 1847 770 1904 prohibenda
804 1847 955 1891 similia
990 1848 1242 1891 inducantur
1276 1853 1345 1891 aut
1376 1849 1456 1891 alia
1486 1849 1742 1892 rationabilis

110 1930 251 1975 &quam
288 1920 325 1960 iu
362 1920 460 1974 ipsis
492 1920 707 1962 sententiis
740 1919 995 1976 exprimant)
1029 1932 1152 1962 causa
1186 1918 1380 1963 subsit».
1413 1919 1463 1962 Et
1497 1921 1535 1962 in
1560 1933 1652 1976 cap.
1688 1920 1739 1962 10

115 2004 133 2028 «
158 1989 209 2031 de
243 1989 408 2032 iudiciis
433 2005 451 2030 ))
490 1989 556 2046 (ll,
580 1989 621 2046 1)
656 1990 813 2033 dictum
848 1994 909 2033 est
942 2002 963 2032 a
991 1988 1224 2033 Caelestino
1260 1989 1451 2047 lll‚quod
1490 2007 1512 2031 «
1534 1993 1566 2034 si
1601 1990 1738 2047 (cleri-

109 2059 199 2116 cus)
235 2060 446 2115 depositus
478 2060 773 2116 incorrigibilis
807 2062 942 2114 tuerit,
967 2063 1321 2104 excommunicari
1347 2061 1470 2104 debet
1493 2077 1532 2105 >›.
1567 2061 1624 2104 De
1660 2075 1740 2104 mo-

109 2130 334 2173 nitionibus
367 2136 504 2173 autem
542 2131 856 2186 praemittendis
890 2144 968 2173 non
1004 2131 1116 2174 deest
1153 2136 1299 2174 textus.
1335 2131 1401 2174 Sic
1439 2134 1548 2174 enim
1590 2131 1739 2186 legitur

109 2203 146 2243 in
182 2214 271 2257 cap.
308 2201 359 2243 26
401 2217 419 2241 (ι
444 2202 494 2244 (le
527 2201 962 2257 appellationibus...»
1000 2202 1066 2255 (ll,
1102 2201 1174 2258 28)
1201 2201 1253 2245 Χ;
1294 2218 1312 2242 ((
1340 2202 1545 2245 Praesenti
1570 2202 1738 2245 decreto

107 2274 327 2314 statuimus
358 2275 431 2327 <ait
462 2272 581 2315 Alex.
616 2272 665 2315 lll
701 2275 738 2315 in
773 2272 897 2317 Conc.
934 2272 1216 2329 Lateranensi)
1251 2278 1293 2316 ut
1328 2286 1402 2316 nec
1437 2273 1605 2329 praelati
1641 2273 1735 2330 (nisi

108 2345 306 2386 canonica
340 2345 663 2386 commonitione
697 2342 941 2399 praemissa)
975 2345 1256 2399 suspensionis
1293 2343 1355 2386 vel
1400 2346 1736 2387 excommunica-

107 2415 227 2456 tionis
260 2416 504 2456 sententiam
542 2415 754 2469 profcrant
787 2416 826 2456 in
861 2413 1089 2457 subiectos:
1124 2416 1200 2457 nisi
1235 2416 1339 2456 torte
1374 2414 1466 2457 talis
1507 2417 1559 2457 sit
1601 2415 1733 2471 culpa,

107 2497 212 2541 quae
246 2486 332 2540 ipso
365 2498 439 2526 suo
473 2498 626 2540 genere
659 2487 942 2541 suspensionis
979 2484 1042 2527 vel
1077 2487 1525 2528 excommunicationis
1559 2499 1732 2541 poenam

106 2554 336 2603 inducat»,
372 2554 476 2598 latae
514 2555 707 2598 videlicet
744 2557 988 2598 sententiae.

223 2624 438 2680 Explicata
472 2624 655 2668 clausula
695 2641 713 2666 <‹
739 2639 832 2668 cum
868 2628 1128 2669 contumacia
1164 2628 1478 2669 coniunctum»
1521 2627 1732 2680 delictum,

104 2694 243 2739 Codex
278 2695 465 2755 procedit
503 2697 553 2739 ad
595 2696 717 2739 aliam
762 2696 939 2739 similem
976 2702 1080 2739 can⁵.
1126 2696 1234 2739 2241
1282 2699 1306 2750 ἓ
1354 2698 1367 2739 1
1419 2698 1731 2753 exponendam:

110 2782 129 2806 «
154 2767 300 2820 donec,
334 2780 355 2810 a
389 2769 650 2810 contumacia
687 2767 898 2822 recedens,
932 2766 1234 2811 absolvatur».
1264 2768 1432 2824 Propter
1455 2769 1562 2825 quod
1586 2770 1731 2811 adiun-

105 2840 215 2893 gitur
247 2837 275 2895 ξ
306 2839 349 2881 3.
389 2837 704 2880 Comemnaciam
738 2837 915 2880 desiisse
946 2836 1166 2880 (licendum
1200 2844 1260 2879 es!
1303 2839 1532 2881 secundum
1576 2841 1648 2892 ius,
1684 2852 1731 2882 ac

56 2904 58 2906 ’
105 2908 276 2963 proinde
309 2907 454 2950 saltem
491 2912 632 2963 petens
665 2921 758 2951 reus
791 2912 851 2950 ost
883 2906 1176 2957 absolvendus,
1211 2921 1300 2949 eum
1339 2907 1380 2964 a)
1414 2922 1531 2951 reum
1554 2921 1729 2952 censura
