1950 3313
480 163 563 196 Tvr.
584 163 689 197 XIV.
709 183 720 187 -
743 163 797 197 De
815 164 965 197 delictis
982 166 1117 198 contra
1136 167 1255 198 vitam
1277 167 1343 199 etc.

1654 165 1721 198 247

90 289 209 320 cantes
228 282 280 318 vel
299 282 413 328 ipsum
438 284 659 326 acceptantes
678 280 729 315 vel
748 292 868 326 quam-

92 331 175 366 libet
208 340 348 376 operam
374 332 435 364 aut
462 327 612 363 favorem
653 327 869 373 praebentes,

94 389 157 414 nec
174 388 241 413 non
256 377 298 412 dc
314 375 487 411 industria
500 379 699 420 spectantes
719 374 873 420 illudque

96 426 334 472 permittentes
361 423 412 459 vel
439 426 611 468 quantum
647 423 682 455 in
715 422 799 467 ipsis
824 427 875 457 est

96 484 166 508 non
212 471 442 518 prohibentes
481 468 721 514 cuiuscunque
762 470 874 513 digni-

96 521 177 556 tatis
195 522 273 559 sint,
292 518 441 553 subsunt
467 517 542 562 ipso
570 516 657 551 facto
683 527 876 551 excommu-

97 566 263 603 nicationi
304 564 383 601 Sedi
419 563 634 610 Apostolicae
673 563 877 609 simpliciter

97 617 300 651 reservatae.
523 615 526 618 ⁴

146 666 165 704 ξ
184 662 215 696 2.
239 660 303 707 lpsi
324 670 402 694 vero
419 657 615 694 duellantes
632 658 738 703 etqui
757 669 875 692 eorum

100 708 226 756 patrini
265 711 446 747 vocantur,
475 709 557 740 sunt
596 709 772 751 praeterea
805 705 878 751 ipso

101 758 188 792 t'acto
214 755 376 790 infames.

145 803 229 839 Cau.
255 800 360 836 2352.
383 821 400 826 -
431 799 797 835 Excommuuicatione
825 810 878 834 ne-

100 850 185 886 mini
225 852 398 885 reservata
437 847 511 894 ipso
550 847 638 882 facio
683 846 880 892 plectuntur

98 908 232 939 omneS,
250 895 406 943 qualibet
424 896 527 930 etiam
548 894 718 939 dignitate
747 894 879 938 fulgen-

99 950 163 986 tes,
180 945 237 991 qui
254 953 392 990 quoquo
414 943 514 978 modo
532 946 657 987 cogant
676 942 747 977 sive
768 941 879 975 virum

98 993 141 1029 ad
180 996 308 1028 statum
347 990 542 1026 clericalem
580 989 877 1035 amplectendum,

99 1040 171 1076 sive
197 1039 310 1074 virum
337 1042 396 1074 aut
415 1037 595 1073 mulierem
615 1037 658 1071 ad
677 1036 880 1081 religionem

100 1086 365 1132 ingrediendam
393 1085 445 1120 vel
471 1085 514 1120 ad
543 1084 771 1120 emittendam
803 1083 881 1118 reli-

99 1135 232 1181 giosam
284 1132 533 1180 professionem
576 1136 645 1166 tam
689 1131 880 1167 solemnem

100 1193 206 1228 quam
233 1180 527 1227 simplic-emtam
548 1183 748 1226 perpetuam
776 1189 880 1224 quam

101 1228 360 1275 temporariam.

148 1276 232 1312 CAN.
259 1274 364 1310 2353.
387 1295 405 1300 -
425 1272 492 1318 Qui
513 1273 642 1308 intuitu
666 1272 881 1308 matrimonii

101 1324 152 1359 vel
179 1323 370 1370 explendae
397 1321 554 1356 libidinis
579 1332 704 1356 causae
730 1320 884 1366 rapuerit

101 1371 281 1407 mulierem
301 1370 479 1405 nolentem
500 1369 531 1403 vi
549 1373 610 1404 aut
627 1369 717 1408 dolo,
741 1369 790 1403 vel
812 1379 884 1403 mu-

100 1418 219 1454 lierem
258 1417 405 1453 minoris
445 1416 568 1452 aetatis
605 1415 881 1452 consentientem

100 1466 255 1512 quidem.
273 1465 332 1501 sed
352 1463 473 1500 insciis
490 1464 543 1499 vel
562 1463 883 1499 contradicentibus

103 1513 306 1560 parentibus
331 1517 391 1548 aut
417 1511 601 1553 tutoribus,
628 1511 701 1557 ipso
729 1511 802 1546 iure
827 1521 883 1546 ex—

100 1561 219 1597 clusus
246 1560 415 1596 habeatur
432 1559 476 1594 ab
493 1558 630 1594 actibus
649 1558 812 1604 legitimis
830 1569 883 1593 ec-

103 1608 304 1644 clesiasticis
332 1612 365 1643 et
392 1607 534 1652 insuper
564 1605 643 1641 aliis
677 1606 797 1652 poenis
825 1616 884 1652 pro

103 1655 270 1701 gravitate
296 1654 418 1700 culpae
445 1653 624 1700 plectatur.

151 1701 233 1739 Cin.
262 1700 365 1737 2354.
396 1721 414 1727 -
442 1705 462 1743 ξ
489 1699 520 1736 1.
549 1700 669 1736 Laicus
695 1700 752 1746 qui
783 1700 884 1735 fuerit

104 1750 258 1794 legitime
291 1749 479 1784 damnatus
504 1747 547 1784 ob
573 1748 738 1784 delictum
774 1747 882 1782 homi-

103 1797 198 1839 cidii,
241 1802 361 1842 raptus
412 1795 632 1842 impuberum
683 1795 886 1830 alterutrius

103 1855 214 1885 sexus,
231 1843 442 1880 venditionis
458 1843 613 1878 hominis
627 1843 662 1877 in
682 1842 883 1878 servitutem

944 280 992 315 vel
1019 281 1127 316 alium
1157 281 1285 316 malum
1316 282 1434 323 linem,
1465 293 1600 321 usurae,
1630 293 1720 327 rapi-

946 338 1023 367 nae,
1047 328 1125 363 furti
1147 328 1335 374 qualiiicati
1366 329 1413 363 vel
1445 340 1511 363 non
1532 328 1720 374 qualiiicati

950 375 983 409 in
1013 386 1047 410 re
1074 376 1171 410 valde
1200 376 1354 416 notabili,
1376 376 1524 410 incendii
1550 376 1597 411 vel
1628 376 1725 410 mali-

949 422 1056 457 tiosae
1081 434 1119 457 ac
1148 423 1244 458 valde
1273 423 1435 458 notabilis
1465 434 1577 458 rerum
1598 423 1725 458 destru-

949 469 1086 508 ctionis.
1104 470 1219 512 gravis
1240 470 1468 505 mutilationis
1489 471 1537 504 vel
1567 470 1721 505 vulnera>

950 516 1054 551 tionis
1083 517 1131 551 vel
1161 518 1356 558 violentiae,
1384 518 1456 563 ipso
1477 518 1548 552 iure
1566 517 1724 552 exclusus

952 563 1117 598 habeatur
1143 564 1186 599 ab
1213 565 1348 599 actibus
1375 564 1536 608 legitimis
1567 564 1724 599 ecclesia-

951 611 1046 645 sticis
1071 616 1103 645 et
1128 623 1147 645 a
1174 612 1326 656 quolibet
1355 622 1506 651 munere,
1526 612 1551 645 si
1572 612 1661 657 quod
1692 611 1724 645 iu

953 657 1102 693 Ecclesia
1130 658 1263 699 babeat,
1292 659 1389 693 firmo
1415 670 1517 693 onere
1544 659 1725 704 reparandi

951 705 1093 740 damna.

999 755 1018 793 ξ
1045 752 1076 788 2.
1103 751 1256 787 Clericus
1284 764 1360 787 vero
1387 752 1443 797 qui
1477 752 1615 797 aliquod
1643 752 1726 787 deli-

953 803 1046 833 ctum
1081 800 1292 834 commiserit
1318 800 1360 834 (le
1386 800 1512 845 quibus
1540 801 1573 833 in
1602 804 1620 841 ξ
1653 800 1680 842 l⁷
1709 811 1729 834 a

953 846 1119 881 tribunali
1147 847 1378 882 ecclesiastico
1408 847 1583 892 puniatur,
1607 858 1665 892 pro
1683 847 1731 880 di-

955 904 1050 928 versa
1069 898 1184 929 reatus
1202 894 1381 938 gravitate,
1406 894 1637 939 poenitentiis,
1655 904 1731 928 cen·

953 941 1054 980 suriS,
1083 941 1275 987 privatione
1301 941 1400 974 otiieii
1428 952 1467 975 ac
1496 940 1662 980 beneficii,
1682 940 1729 975 (li-

953 989 1109 1033 gnitatis,
1139 993 1185 1029 et,
1214 989 1239 1022 si
1269 999 1321 1023 res
1350 989 1446 1027 ierat,
1467 988 1570 1022 etiam
1597 988 1729 1033 deposi-

955 1035 1071 1078 tione;
1111 1046 1188 1071 reus
1224 1046 1302 1070 vero
1336 1035 1512 1070 homicidii
1549 1035 1730 1080 culpabilis

954 1083 1172 1127 degradetur.

1005 1131 1088 1166 (IAN.
1117 1128 1223 1165 2355.
1254 1150 1269 1155 -
1303 1129 1336 1164 Si
1371 1129 1449 1174 quis
1484 1140 1552 1163 non
1589 1139 1635 1171 re,
1673 1129 1729 1163 scd

957 1178 1070 1213 verbis
1097 1177 1148 1213 vel
1175 1176 1313 1223 scriptis
1345 1177 1395 1211 vel
1430 1176 1499 1211 alia
1534 1176 1654 1221 quavis
1682 1187 1733 1210 ra-

956 1226 1049 1261 tione
1076 1224 1241 1260 iniuriam
1268 1224 1431 1270 cuiquam
1457 1223 1656 1265 irrogaverit
1683 1222 1732 1257 vel

955 1273 1029 1308 eius
1056 1272 1182 1307 bonam
1212 1273 1339 1308 famam
1368 1271 1512 1310 laeserit,
1534 1280 1601 1304 non
1622 1269 1732 1305 solum

958 1324 1067 1367 potest
1084 1320 1126 1354 ad
1147 1330 1304 1354 normam
1325 1330 1402 1353 can.
1430 1317 1527 1353 1618.
1557 1316 1641 1351 1938
1660 1316 1731 1361 cogi

955 1368 998 1403 ad
1017 1367 1170 1403 debitam
1190 1367 1462 1401 satisfactionem
1491 1364 1733 1411 praestandam

956 1416 1155 1460 damnaque
1170 1413 1374 1460 reparanda,
1389 1416 1447 1448 sed
1470 1417 1642 1458 practerea
1659 1422 1734 1446 con-

956 1463 1052 1508 gruis
1081 1461 1198 1507 poenis
1216 1472 1255 1496 ac
1276 1461 1495 1506 poenitentiis
1515 1459 1644 1506 puniri,
1666 1469 1734 1493 non

956 1510 1109 1550 exclusa,
1138 1509 1164 1543 si
1192 1508 1234 1543 de
1259 1508 1394 1544 clericis
1431 1512 1553 1552 agatur
1578 1512 1610 1541 ct
1636 1517 1735 1541 casus

960 1558 1056 1599 ferat,
1080 1556 1307 1602 suspensione
1333 1560 1393 1591 aut
1419 1555 1607 1590 remotione
1625 1553 1668 1588 ab
1687 1553 1735 1588 of-

959 1605 1035 1640 ficio
1060 1609 1093 1640 et
1120 1603 1299 1639 beneficio.

1005 1651 1090 1687 CAN.
1119 1649 1224 1685 2356.
1257 1671 1272 1675 -
1300 1649 1448 1695 Bigami‚
1478 1649 1564 1684 idest
1589 1647 1661 1693 qui.
1682 1647 1734 1682 ob-

957 1704 1071 1734 stante
1105 1697 1277 1742 coniugali
1315 1697 1463 1737 vinculo,
1493 1696 1586 1731 aliud
1624 1695 1738 1730 matri·

960 1747 1129 1788 monium,
1156 1746 1217 1780 etsi
1247 1749 1383 1780 tantum
1411 1744 1522 1785 civile,
1553 1748 1589 1778 ut
1622 1743 1733 1784 aiunt,

957 1793 1220 1834 attentaverint,
1241 1797 1323 1827 sunt
1349 1791 1423 1838 ipso
1451 1792 1538 1826 facto
1566 1790 1734 1833 infames;

958 1847 991 1877 et
1023 1841 1065 1876 si.
1094 1845 1207 1886 spreta
1247 1838 1425 1875 Ordinarii
1467 1838 1670 1879 monitione,
1700 1838 1735 1872 in

635 1992 684 2011 i—
711 1983 791 2017 erga
820 1973 924 2007 fetum
953 1965 1003 2007 vel
1031 1971 1161 2017 seipsos
1530 1968 1615 2005 Can.
1646 1968 1736 2003 2350

381 2042 421 2046 -
451 2021 557 2056 vitam
581 2012 636 2086 —f

642 2088 682 2092 —
711 2068 744 2102 in
774 2066 888 2102 duello
1578 2079 1591 2095 »
1646 2061 1730 2097 2351

107 2117 244 2153 Titulus
273 2115 360 2151 XlV.

133 2165 178 2201 ne
204 2164 340 2200 delictis
383 2183 423 2188 —-
463 2162 601 2198 liberta·
641 2183 684 2187 —
710 2162 745 2196 in
766 2166 856 2198 statu
875 2162 1024 2197 clericali
1043 2161 1093 2197 vel
1114 2160 1272 2205 religioso
1286 2159 1526 2206 amplectendo
1578 2172 1592 2190 »
1646 2156 1736 2191 2352

403 2215 470 2246 tem
581 2188 637 2274 &⁴

178 2263 298 2295 contra
321 2278 363 2285 -—
644 2277 682 2282 -—
712 2256 840 2291 intuitu
870 2255 1084 2290 matrimonii
1114 2254 1164 2290 vel
1191 2253 1380 2300 explendae
1412 2252 1525 2288 libidi-

662 2305 718 2338 nis
743 2315 848 2339 causa
1583 2318 1590 2332 t
1647 2298 1734 2333 2353

382 2420 424 2425 —
452 2398 696 2445 proprietatem
723 2402 783 2433 aut
810 2397 916 2432 vitam
945 2396 996 2432 vel
1025 2396 1218 2432 libertatem
1578 2409 1591 2425 υ
1646 2391 1732 2427 2354

383 2514 426 2519 -
453 2493 581 2528 bonam
611 2493 738 2528 famam
768 2512 809 2517 ——
838 2491 952 2527 verbis
980 2491 1030 2526 vel
1056 2490 1196 2536 scriptis
1223 2490 1272 2525 vel
1305 2489 1371 2524 alia
1403 2489 1526 2534 quavis

795 2539 941 2579 ratione,
971 2549 1040 2573 non
1068 2549 1103 2573 re
1577 2550 1590 2566 υ
1645 2532 1734 2568 ⁴2:355

394 2646 435 2671 ac
461 2635 569 2670 bonos
610 2655 650 2660 -—
682 2645 740 2682 per
766 2633 954 2679 bigamiam
982 2644 1086 2668 sensu
1113 2632 1230 2666 stricto
1646 2626 1732 2661 2355

421 2693 534 2718 mores
550 2702 592 2707 —

613 2750 653 2754 —
670 2728 910 2774 multipliciter
923 2731 1044 2763 contra
1064 2746 1113 2783 ‚-
1142 2737 1199 2771 per
1226 2725 1329 2760 laicos
1644 2719 1731 2754 23:57

623 2782 756 2812 sextum
767 2775 917 2819 decalogi
933 2786 1042 2821 praec.
1064 2787 1066 2822 i,

629 2824 771 2870 patratis
1013 2835 1113 2846 —‘-
1140 2820 1234 2855 acle-
1254 2841 1302 2871 3—
1330 2818 1521 2853 minoribus
1576 2830 1587 2846 υ
1642 2813 1732 2849 :23:¹58

1094 2879 1173 2902 ricis
1203 2889 1231 2894 —
1254 2881 1255 2913 i

1254 2920 1302 2938 ¹—
1331 2914 1363 2946 in
1391 2911 1496 2946 sacris
1576 2924 1589 2941 »
1643 2907 1733 2943 2359
