1950 3313
165 154 212 188 84
685 152 769 185 [ΑΒ.
800 152 830 186 1.
859 173 872 177 -
898 153 1070 187 Normae
1091 154 1290 197 qenerales

166 271 364 315 naturalis
389 270 633 327 producere,
656 272 849 327 quamvis
883 270 945 313 lex
971 273 1168 314 canonica
1194 270 1267 314 hos
1296 284 1490 327 expresse
1513 284 1592 314 non
1616 273 1788 315 auferat.

163 340 276 385 Alias
309 346 566 398 sequeretur,
592 340 700 397 quod
735 340 813 383 lex.
834 340 1070 384 huiusmodi
1106 343 1271 384 irritans
1304 345 1375 384 aut
1408 340 1686 396 inhabilitans‚
1710 356 1788 385 non

165 426 236 468 per
268 411 461 455 accidens
493 410 545 454 ob
580 411 848 467 legislationis
881 410 1087 455 humanae
1121 411 1413 455 deficientiam.
1447 412 1518 455 sed
1558 415 1790 456 necessario

162 488 202 526 et
234 495 399 538 semper
442 484 744 538 oppositionem
787 486 986 525 statueret
1033 485 1139 525 inter
1182 484 1314 525 sorum
1361 488 1578 525 externum
1618 487 1657 526 et
1694 496 1785 527 con-

162 554 372 605 scientiae,
406 554 593 609 quinimo
629 565 701 608 per
734 552 883 595 iudicis
915 552 1240 596 declarationem
1275 552 1480 609 obligaret
1512 553 1562 596 ad
1588 554 1692 597 hanc
1724 567 1793 610 op·

163 625 557 679 positionem,quae,
578 627 718 678 utpote
742 620 976 666 animarum
1001 624 1318 666 sanctificationi
1337 625 1559 678 contraria,
1578 637 1655 667 non
1681 624 1787 667 cadit

162 693 239 737 sub
272 693 504 749 legislativa
540 697 740 749 potestate
773 692 997 736 Ecclesiae.

282 763 322 806 ln
358 766 446 806 iure
470 765 669 807 canonico
695 764 971 819 praecedenti,
999 769 1041 807 ut
1066 776 1207 806 norma
1242 764 1448 820 generalis
1474 764 1654 821 vigebat,
1672 777 1791 808 secus

161 847 208 878 ac
234 837 271 877 in
296 834 481 878 Romano
516 836 617 882 iure,
657 849 677 874 «
701 833 829 877 multa
856 834 943 877 lieri
982 834 1266 890 probibentur,
1292 847 1412 892 quae,
1438 837 1468 878 si
1495 836 1599 878 tacta
1625 836 1788 888 fuerint,

160 905 344 949 obtinent
389 905 549 949 roboris
582 905 829 948 «firmitatem
854 921 873 946 )›
914 905 941 959 ¹,
975 918 1047 948 seu
1080 917 1258 948 canones
1294 910 1337 948 ut
1381 905 1602 961 plurimum
1639 905 1791 949 babent

160 975 291 1019 solum
329 977 536 1032 praecepti
563 978 645 1018 vim
681 980 750 1018 aut
786 975 1089 1032 prohibitionis.
1122 975 1209 1018 Non
1246 976 1416 1019 deerant
1443 989 1556 1030 vero,
1591 981 1632 1019 ut
1664 978 1791 1019 omni-

162 1045 239 1090 bus
272 1051 411 1089 notum
447 1051 520 1097 est,
556 1058 735 1089 canones
778 1049 987 1089 irritantes
1029 1051 1152 1104 atque
1198 1045 1516 1101 inbabdstantes,
1548 1047 1600 1090 vde
1641 1047 1792 1104 quibus

162 1118 337 1160 conflata
377 1121 438 1160 est
478 1130 560 1173 reg.
597 1119 698 1160 iuris
731 1117 783 1159 64
819 1119 858 1159 in
894 1117 952 1161 6⁰.
992 1117 1152 1171 «Quae
1195 1122 1339 1160 contra
1383 1119 1445 1160 ius
1490 1119 1605 1169 liunt,
1640 1117 1791 1161 debent

163 1201 237 1243 pro
272 1189 433 1231 int'ectis
466 1186 607 1231 baberi
633 1203 671 1231 )).
705 1187 948 1244 Amplitudo
991 1201 1090 1243 ergo
1135 1187 1256 1230 liuius
1299 1187 1467 1244 regulae
1509 1191 1679 1231 sortitur
1710 1192 1790 1231 ter-

164 1261 295 1302 minos
330 1272 402 1315 per
433 1273 523 1301 ean.
560 1261 620 1301 11.
664 1257 894 1301 Irritanles
943 1264 1016 1301 aut
1065 1258 1388 1301 iwlmhv'll'tantes
1438 1258 1632 1302 definitae
1675 1261 1790 1302 initio

161 1332 448 1373 commentarii
492 1330 540 1372 ad
588 1342 723 1386 praec.
759 1336 879 1374 canm.
913 1343 987 1372 eae
1026 1335 1187 1372 tantum
1234 1329 1343 1387 [eyes
1391 1344 1410 1369 «
1436 1329 1742 1373 ecclesiasticae
1765 1345 1784 1370 »

163 1399 376 1443 habendae
418 1406 514 1443 sunt
556 1401 786 1444 secundum
829 1413 1068 1456 expressam
1113 1400 1230 1443 Sedis
1263 1400 1527 1457 Apostolicae
1560 1403 1684 1444 etiam
1719 1414 1790 1457 pro

162 1472 308 1515 suturis
334 1471 602 1525 voluntatem,
627 1471 774 1529 quibus
807 1471 981 1528 singulis
1013 1471 1054 1528 a)
1080 1477 1153 1514 am
1186 1477 1323 1514 aetum
1358 1471 1411 1515 ibi
1447 1485 1689 1528 expressum
1724 1471 1799 1514 vel

160 1543 363 1586 adversus
395 1545 565 1586 canonis
600 1545 900 1599 praescriptum
936 1556 1024 1585 esse
1056 1541 1235 1593 mellum,
1255 1542 1331 1585 hoc
1369 1542 1496 1585 verbo
1529 1542 1663 1599 quoad
1697 1555 1789 1585 sen-

159 1626 266 1658 sum.
303 1612 367 1656 vel
402 1626 451 1655 ex
497 1626 545 1656 eo
578 1613 687 1670 quod
736 1615 988 1668 praescripta
1025 1614 1155 1656 forma
1199 1615 1249 1656 sit
1289 1612 1337 1655 ad
1383 1617 1500 1656 actus
1537 1612 1789 1655 validitatem

161 1685 409 1740 necessaria,
445 1683 486 1740 b)
512 1688 587 1726 aut
618 1682 847 1726 inhabilem
881 1683 1013 1726 idest:
1048 1683 1242 1727 facultate
1266 1683 1441 1727 iuridica
1466 1685 1670 1739 privatam
1703 1696 1791 1725 esse

156 1767 395 1811 personam,
419 1766 499 1811 qua
525 1756 676 1797 iurium
700 1754 952 1802 subiectum,
972 1768 1168 1811 ea‘presse
1202 1767 1327 1797 unum
1353 1754 1586 1797 alterumve
1614 1753 1789 1797 dicendo

159 1824 222 1867 vel
254 1824 570 1882 aequivalenter
604 1825 734 1868 idest:
770 1825 904 1880 quoad
934 1824 1158 1869 verborum
1186 1826 1451 1868 manifestum
1485 1825 1664 1868 eundem
1698 1837 1788 1868 sen-

158 1908 250 1938 sum
282 1900 500 1937 statuatur
531 1895 794 1939 indubitabili
820 1896 941 1939 modo
975 1895 1025 1939 ad
1060 1907 1249 1938 normam
1283 1908 1375 1938 can.
1401 1895 1467 1938 15.
1493 1921 1546 1926 —
1571 1895 1632 1938 Ad
1667 1895 1788 1939 buius

159 1965 482 2009 declarationem
516 1968 733 2009 conterunt
770 1965 896 2010 verba
930 1966 1197 2010 Reiflenstuel
1222 1965 1267 2010 ²:
1307 1981 1327 2006 «
1351 1965 1530 2009 Irritatio
1562 1971 1678 2010 actus
1709 1965 1788 2009 alia

158 2041 219 2080 est
252 2036 477 2093 implicita,
511 2037 590 2080 alia
624 2036 840 2094 eoepliei'ta.
884 2036 933 2080 Et
966 2037 1134 2094 quidem
1169 2039 1344 2080 irritatio
1386 2036 1581 2093 explicita
1622 2037 1787 2089 dicitur,

158 2120 264 2165 quae
298 2107 342 2150 lit
379 2107 514 2151 verbis
547 2107 670 2151 claris
703 2112 741 2151 et
775 2110 996 2163 expressis,
1031 2112 1074 2150 ut
1106 2110 1139 2150 si
1175 2107 1239 2150 lex
1274 2107 1400 2152 dicit:
1436 2108 1460 2127 “
1484 2109 1517 2150 si
1551 2120 1672 2151 secus
1705 2108 1785 2162 liat,

158 2180 270 2221 omni
303 2183 443 2221 careat
480 2178 627 2221 robore
666 2180 874 2221 firmitatis
898 2177 939 2234 ''‚
971 2191 1061 2234 cap.
1099 2177 1240 2228 Decet,
1273 2180 1298 2232 ἓ
1330 2179 1399 2220 tin.
1435 2177 1494 2221 De
1529 2180 1787 2221 immunitate

159 2248 285 2299 Eccl„
320 2251 357 2291 in
406 2248 531 2293 Sext„
564 2254 635 2292 aut
669 2251 879 2292 “irritum
927 2251 979 2292 sit
1016 2253 1054 2292 et
1104 2247 1285 2292 inane
1338 2247 1466 2293 Clem.
1502 2249 1539 2303 ἱ),
1573 2248 1631 2291 De
1664 2248 1788 2292 rebus

158 2318 268 2362 Eccl.
301 2332 379 2361 non
414 2319 656 2362 alienandis.
689 2345 747 2351 —
780 2319 957 2362 lrritatio
991 2319 1200 2377 implicita
1234 2324 1308 2374 est,
1333 2331 1439 2376 quae
1475 2320 1518 2361 lit
1552 2332 1624 2375 per
1660 2318 1785 2362 verba

155 2389 489 2446 aequipollentia,
525 2394 568 2432 ut
601 2390 645 2432 fit
677 2390 843 2446 quando
876 2395 990 2432 certa
1032 2388 1171 2447 forma
1214 2388 1524 2447 praescribitur
1554 2392 1662 2433 actui
1696 2391 1786 2434 sive

155 2463 400 2503 contractui.
434 2459 536 2503 Nam
561 2462 657 2517 quia
682 2461 812 2504 forma
837 2460 907 2503 dat
939 2473 1028 2503 esse
1062 2462 1134 2515 rei,
1159 2465 1463 2517 consequenter
1496 2472 1543 2503 ea
1566 2460 1784 2503 deficiente

158 2532 315 2573 corruit
348 2536 464 2574 actus
488 2546 525 2571 n.

276 2600 374 2657 Reg.
410 2603 509 2644 iuris
543 2601 596 2643 35
631 2603 668 2643 in
705 2600 762 2646 60.
797 2606 884 2644 est:
924 2617 943 2642 «
971 2601 1064 2644 Plus
1095 2614 1264 2657 semper
1308 2603 1347 2644 in
1379 2614 1422 2644 se
1460 2603 1642 2645 continet
1675 2601 1782 2658 quod

156 2675 218 2715 est
251 2674 450 2727 minus»,
484 2672 592 2715 unde
626 2677 804 2728 potestas
838 2672 1025 2715 irritandi
1060 2677 1176 2715 actus
1210 2674 1248 2714 in
1283 2672 1474 2715 omnibus
1506 2671 1681 2715 subditis
1715 2685 1786 2728 per

157 2741 281 2798 leges,
316 2753 423 2798 quae
467 2743 659 2798 provenit
702 2741 753 2785 ob
802 2744 1090 2785 necessitatem
1124 2741 1348 2785 efficaciter
1399 2741 1643 2798 providendi
1679 2741 1785 2784 bono

278 2848 288 2869 ¹
316 2847 407 2891 Cap.
431 2848 474 2881 16
501 2846 546 2880 de
572 2847 822 2892 regularibus
852 2847 913 2881 eit.
936 2847 1086 2889 XXXI⁷
1117 2847 1201 2880 Lib.
1223 2847 1294 2880 In.
1326 2867 1367 2871 —
1395 2848 1408 2868 ²
1435 2847 1513 2881 Tit.
1545 2846 1593 2888 ΙΙ,
1623 2846 1668 2880 de
1688 2846 1783 2880 Con-

159 2894 441 2928 stitutionibus
468 2905 506 2929 n.
527 2894 608 2928 243.
