1950 3313
105 176 196 212 Can.
224 174 430 210 2247-2248
511 175 596 209 TIT.
625 175 731 211 VIII.
750 197 762 201 <
782 177 836 211 De
858 182 994 222 poenis
1022 180 1319 213 medicimclions
1664 183 1729 216 l(›5

106 307 308 340 censurae
341 293 393 337 ob
418 298 673 343 cmitextum,
695 296 988 351 poenitentem,
1013 311 1082 339 sen
1112 300 1147 339 in
1173 312 1293 354 quein
1321 297 1467 341 lialieat
1491 303 1730 356 ceteroquin

106 364 451 410 sacramentalem
479 364 823 418 iurisdictionem,
849 380 939 409 nani
972 367 1094 409 tertia
1135 384 1151 407 «
1173 370 1485 411 eonl'essarins»
1525 375 1561 411 et
1602 386 1618 409 «
1642 385 1732 426 poe·

107 439 345 480 nitentem»
386 434 462 478 lioc
496 437 534 477 in
572 435 660 478 loco
693 450 735 477 se
771 435 920 479 habent
955 438 1217 490 correlatixe,
1242 453 1265 478 t!
1299 453 1474 480 renxnra
1508 447 1731 486 reserxata,

109 513 150 551 ut
183 508 444 563 supponitur,
478 517 585 562 quae
624 508 855 562 «importet
892 511 1214 550 reservationem
1243 512 1398 563 pet-eati
1422 528 1438 549 »
1494 523 1583 552 ean.
1607 511 1732 557 2246,

107 580 131 632 g
165 577 223 634 3),
259 580 426 633 propter
457 576 567 632 quod
603 575 792 619 additur:
828 591 875 618 (ιιΊ
906 583 1073 633 peccalo
1102 578 1168 619 illo
1193 592 1354 634 (pioque
1389 579 1590 632 alm-olvat,
1623 580 1735 623 aliso-

106 648 212 692 lutio
246 660 449 690 censurae
479 659 603 703 supra
639 647 887 692 declaratae,
921 650 1009 690 sire
1042 648 1133 690 Sedi
1171 649 1442 704 Apostolieae,
1481 653 1568 691 site
1607 648 1728 692 Ordi-

109 721 223 763 nario
268 722 508 762 reservatae
541 730 563 760 a
613 720 701 760 iure
737 717 859 770 valet,
905 731 951 760 ac
986 724 1289 774 etniseqnentor
1333 718 1533 762 absolutio
1579 726 1732 776 peceati

107 790 240 834 solum
278 788 510 832 virtualiter
544 790 758 841 reservati,
784 787 1007 830 (Iunnnodo
1033 802 1080 830 ae
1113 790 1318 844 praedicta
1345 790 1398 830 sil
1423 790 1461 845 a)
1482 805 1656 832 rens-ura
1686 792 1734 832 ab

110 860 288 913 homine,
322 859 466 903 saltem
493 863 661 915 propter
684 861 929 901 sententiani
956 859 1352 914 condemnatoi-iani,
1376 866 1448 901 aul
1485 860 1524 914 1))
1561 875 1734 903 censura

108 930 416 990 specialissimo
451 934 608 973 tantum
643 929 763 972 modo
798 928 901 971 Sede·
934 929 1200 987 Apostolieae
1232 936 1459 971 reservata.
1485 930 1634 982 (Kinaeri
1668 946 1734 987 po-

108 1007 187 1047 test
221 1015 318 1046 num
353 1003 534 1057 cognitio
569 1002 865 1043 reservationis
899 1014 946 1042 ex
976 1004 1088 1056 parte
1124 1003 1367 1056 poenitentis
1390 999 1519 1043 obstet
1557 1004 1591 1042 xi
1619 1002 1737 1044 liuius

111 1072 393 1131 praescripti?
431 1070 602 1115 Videtur
648 1071 983 1127 respoinlendtnn
1026 1071 1272 1113 atti-nmine.
1307 1073 1380 1113 nisi
1416 1071 1579 1113 aliunde
1614 1086 1737 1113 reser-

114 1147 224 1188 vatio
256 1147 402 1187 cesset.
436 1141 550 1185 Tunc
584 1144 694 1185 enim
730 1141 847 1184 deest
883 1143 1105 1197 poenitenti
1140 1141 1276 1184 debita
1312 1141 1536 1197 dispositio.
1571 1156 1661 1183 enm
1700 1145 1735 1183 in

113 1218 220 1260 facto
255 1216 519 1273 recipiendae
552 1215 824 1259 absolutionis
859 1220 998 1270 peccet
1035 1220 1176 1257 eontra
1213 1214 1458 1270 legislatoris
1493 1216 1741 1255 l·(⁷·sert·‹tnlls

115 1287 383 1331 voluntatem.
407 1286 457 1330 Et
488 1289 584 1344 quia
611 1288 912 1342 praescriptum
939 1287 1108 1328 canonis
1133 1287 1326 1340 prospicit
1354 1284 1551 1327 validitati
1577 1284 1737 1326 absolu-

112 1361 234 1402 tionis
267 1371 289 1402 a
326 1362 508 1414 peccato,
543 1357 660 1401 deest
684 1370 800 1400 mens
824 1356 1073 1399 extendendi
1101 1355 1197 1398 illud
1233 1355 1281 1399 ad
1308 1368 1447 1398 casum
1476 1358 1739 1410 propositum.

114 1430 286 1486 Insuper
318 1430 430 1472 fraus
462 1433 502 1472 et
535 1427 669 1481 dolus,
702 1430 810 1470 sicut
844 1429 881 1469 in
917 1439 1029 1479 casn,
1065 1428 1217 1469 nemini
1253 1427 1499 1482 patrocinari
1539 1423 1674 1467 debet.

232 1501 300 1545 72.
337 1502 410 1546 De
454 1501 770 1546 absolutione
815 1511 1066 1551 censurae,
1112 1496 1245 1554 quoad
1293 1495 1400 1538 illius
1443 1497 1742 1543 necessitatem,

112 1573 423 1616 concessionem
458 1583 506 1614 ac
543 1572 624 1612 vim
660 1573 809 1612 tractat
843 1582 933 1612 emi.
968 1569 1106 1610 3248.
1143 1566 1340 1609 Damnata
1386 1567 1460 1608 fuit
1495 1578 1565 1621 per
1594 1565 1743 1619 Congr.

114 1644 152 1687 S.
187 1640 356 1687 Officii1
406 1654 520 1698 prop.
571 1639 679 1682 ((44.
724 1639 870 1694 Quoad
921 1640 1055 1681 forum
1105 1639 1395 1689 conscientiae,
1442 1649 1510 1678 reo
1558 1640 1744 1677 eorreeto

116 1716 289 1771 eiusque
323 1714 584 1756 contumacia
619 1715 821 1763 cessante,
847 1714 1007 1753 cessant
1042 1720 1298 1751 censurae».
1319 1706 1349 1749 E
1372 1708 1578 1749 contrario
1602 1707 1742 1748 asserit

115 1783 144 1841 ἓ
176 1787 211 1828 1.
250 1782 469 1837 Quaelibet
502 1795 681 1825 censura
716 1783 881 1837 proprie
915 1781 1039 1832 dicta,
1074 1792 1151 1821 non
1187 1780 1265 1821 iam
1312 1776 1560 1832 homonyma
1603 1788 1742 1831 poena,

120 1868 157 1899 v,
193 1868 254 1911 gr.
293 1855 547 1910 «suspensio
581 1853 631 1896 ad
667 1857 831 1908 tempus
865 1852 1125 1907 praelinitum
1148 1865 1166 1889 »
1206 1849 1313 1904 (can.
1350 1847 1474 1896 2298,
1512 1846 1587 1901 20),
1621 1845 1745 1887 semel

118 1930 336 1969 eontracta
371 1938 443 1982 per
477 1928 683 1981 patratum
718 1922 930 1971 delictum,
970 1921 1031 1963 rel
1067 1934 1138 1976 per
1170 1921 1412 1962 sententiam
1458 1917 1746 1960 condemnato-

119 1999 239 2051 riam,
275 2010 347 2053 pro
381 2008 554 2039 casuum
586 1994 846 2047 diversitate,
882 1991 1048 2035 tollitur
1082 1996 1258 2043 suillum,
1292 2002 1383 2031 cnm
1419 1987 1655 2030 exclusione
1689 1985 1744 2028 al-

120 2070 248 2111 terius
282 2066 407 2122 modi,
442 2065 634 2124 legitima
665 2079 738 2108 seu
773 2067 886 2107 iuxta
921 2077 973 2106 ss,
998 2075 1176 2105 canones
1209 2059 1343 2117 quoad
1377 2058 1627 2100 validitatem
1653 2055 1744 2098 data

120 2137 395 2189 absolutione,
429 2149 536 2195 quae
569 2141 630 2179 est
662 2140 794 2190 actus,
827 2148 908 2192 quo
955 2133 1162 2189 legitimus
1196 2131 1393 2186 Superior
1436 2128 1626 2183 exprimit
1671 2125 1746 2167 hoc

124 2209 250 2254 verbo
283 2222 327 2252 se
359 2207 580 2252 absolvere
616 2207 738 2250 talem
776 2200 992 2262 personam
1028 2203 1078 2246 ab
1113 2205 1275 2245 incursa
1311 2212 1498 2243 censura.

239 2279 345 2323 Hinc
380 2281 418 2322 in
453 2291 590 2335 praec.
626 2280 728 2330 iure,
762 2275 1017 2320 Clementina
1055 2274 1076 2315 4
1119 2272 1207 2314 «de
1239 2272 1438 2314 sententia
1472 2267 1751 2310 exeommuni-

120 2353 378 2396 cationis...»
417 2348 483 2407 (V,
523 2348 592 2405 10)
626 2348 804 2391 dicitur:
844 2348 922 2389 «si
958 2346 1153 2389 Summus
1190 2342 1368 2384 l'ontil'ex
1403 2341 1580 2382 scienter
1623 2338 1743 2378 etiam

122 2423 486 2466 excommunicato
521 2421 739 2476 participet
766 2418 925 2470 litteris,
954 2414 1092 2458 verbo.
1121 2413 1183 2456 vel
1209 2411 1360 2455 osculo,
1395 2423 1465 2452 seu
1501 2408 1579 2451 alio
1603 2408 1749 2463 (itioris

125 2493 270 2536 modo:
308 2495 440 2548 ipsum
477 2503 549 2547 per
572 2489 650 2533 hoc
683 2488 902 2533 absolvere
926 2485 1036 2529 nulla
1063 2486 1219 2527 ratione
1241 2486 1446 2533 censetur,
1471 2481 1543 2521 nisi
1579 2490 1620 2519 se
1648 2475 1749 2518 telle

125 2566 293 2608 forsitan
342 2564 549 2619 exprimat
593 2561 707 2603 illum
752 2573 802 2602 ex
847 2558 921 2601 lioc
958 2571 1028 2613 pro
1063 2554 1248 2598 absoluto
1293 2550 1490 2594 haberi».
1527 2548 1652 2590 lnnno
1696 2548 1746 2587 ait

124 2634 318 2679 Clemens
352 2632 443 2675 Xlll
478 2634 516 2675 in
551 2635 681 2675 const.
727 2627 1061 2672 «lnexhaustnm
1084 2623 1127 2665 ))2
1159 2624 1187 2681 3⁶
1221 2623 1264 2665 5:
1306 2622 1403 2663 «Ae
1440 2619 1636 2666 itt‹iein...‚
1680 2616 1746 2655 ‹le-

125 2706 334 2750 claramus
367 2705 490 2746 etiam
527 2716 599 2759 per
633 2700 979 2746 benedictionem,
1011 2694 1243 2751 Apostolica
1269 2693 1524 2743 anctoritate,
1558 2690 1644 2728 site
1680 2698 1748 2740 per

78 2821 81 2824 .
128 2779 280 2833 ipsos...
313 2774 554 2831 Episcopos,
587 2775 677 2816 sive
712 2784 783 2827 pei·
816 2768 1042 2825 Regulares
1075 2763 1291 2822 quoslibet.
1328 2767 1366 2804 nt
1417 2760 1642 2816 praesertin·
1677 2757 1747 2796 iin-

246 2907 259 2950 Ᾰ
288 2927 331 2961 te
358 2926 475 2960 Mart.
505 2924 613 2961 1666.
639 2923 868 2967 Denzinger
894 2933 932 2954 n.
965 2919 1066 2953 1144.
1096 2938 1139 2942 ——
1167 2917 1179 2938 '2
1206 2918 1226 2949 3
1254 2914 1359 2958 Sept.
1393 2912 1492 2945 1752.
