1950 3313
102 158 196 195 Can.
223 157 430 193 2248-2249
512 158 597 191 Trr.
628 158 732 192 VIII.
753 180 762 184 -
785 160 839 194 De
860 163 996 204 poenis
1023 162 1318 197 medicinalibus
1658 165 1721 198 lo?

221 279 275 322 lta
311 280 444 322 fuerat
476 279 744 322 constitutum
780 292 799 321 a
839 279 962 324 Bonis.
1003 279 1084 322 Vlll
1111 283 1148 323 in
1183 294 1270 338 cap.
1308 282 1359 324 22
1399 283 1489 325 «de
1522 286 1720 326 sententia

100 350 581 396 excommunicationis³)
622 350 659 390 in
696 349 762 390 6⁰:
803 365 822 389 «
843 349 932 403 Eos,
967 353 1035 407 qui
1060 364 1080 393 a
1115 354 1313 394 sententia
1339 355 1507 395 canonis
1537 356 1645 406 (cum
1672 354 1720 395 ad

101 421 231 474 illum,
265 432 287 463 a
320 431 402 476 quo
426 417 528 460 alias
560 417 611 460 de
637 420 724 460 iure
759 419 917 461 lucrant
942 418 1202 473 absolvendi,
1227 427 1431 477 nequeunt
1460 427 1625 478 propter
1650 425 1721 464 im-

102 493 294 535 minentis
328 490 472 532 mortis
505 488 741 531 articulum.
766 493 834 531 aut
868 489 977 531 aliud
1006 490 1343 545 impedimentum
1382 492 1626 547 legitimum,
1653 507 1722 548 pro

99 561 370 606 absolutionis
403 559 605 603 beneficio
641 558 792 602 babere
818 569 1051 607 recursum)
1075 560 1125 603 al)
1149 561 1227 602 alio
1260 561 1559 605 absolxuntnr:
1585 566 1615 604 si
1641 578 1724 605 ces-

99 638 214 677 sante
250 636 387 688 postea
439 629 636 686 periculo,
675 629 737 672 vel
785 630 1080 685 impedimento
1116 630 1361 679 huiusmodi,
1402 648 1443 675 sc
1485 633 1554 686 illi,
1587 647 1607 676 a
1642 647 1721 690 quo

102 704 163 747 bis
195 701 452 747 cessantibus
495 700 656 744 absolvi
701 699 922 747 debebant,
966 714 1088 756 qnam
1134 704 1213 744 cito
1257 704 1471 745 commode
1520 709 1721 759 poterunt,

99 775 423 830 contempserint
459 776 725 828 praesentare
761 771 1000 813 mandatum
1037 774 1163 827 ipsius
1196 786 1319 828 super
1354 773 1443 818 illis,
1480 788 1550 829 pro
1574 774 1723 830 quibus

99 845 448 888 excommunicati
483 842 660 895 inerant,
695 840 906 884 humiliter
931 844 1150 898 recepturi,
1184 847 1220 884 et
1244 844 1490 885 satisfacturi
1528 849 1642 899 prout
1670 847 1724 886 iu-

98 918 205 959 stitia
240 913 453 958 suadebit:
474 913 745 956 Decernimus
763 912 828 966 (ne
851 914 909 955 sic
932 925 1132 956 censurae
1156 913 1380 956 illudantur
1402 915 1721 971 ecclesiasticae)

99 987 138 1031 in
174 985 348 1029 eandem
382 985 629 1027 sententiam
677 983 864 1025 recidere
909 985 993 1038 ipso
1029 985 1172 1025 iure».
1209 984 1342 1040 Atque
1378 986 1414 1025 in
1449 997 1536 1039 cap.
1574 986 1596 1025 8
1636 1001 1650 1021 «
1673 986 1722 1026 de

99 1057 234 1100 officio
274 1056 422 1099 iudicis
465 1054 706 1097 ordinarii»
756 1053 803 1110 (l,
839 1053 911 1110 31)
949 1053 995 1106 X,
1042 1053 1175 1097 lnnoc.
1223 1054 1269 1096 lll
1305 1056 1359 1097 ait
1403 1054 1723 1110 Ai·‹·lii‹=pis‹·opo

100 1127 398 1183 Rothomagen.
440 1130 520 1168 «tu
557 1125 743 1182 (recepta
783 1126 978 1167 iuratoria
1024 1124 1232 1181 cautione)
1266 1124 1534 1167 absolutionis
1579 1139 1724 1167 mumis

99 1201 136 1242 ei
172 1200 324 1255 poteris
356 1196 570 1250 exhibere,
605 1198 659 1238 ita
703 1200 839 1238 tamen
884 1195 992 1252 qnod
1040 1198 1113 1238 nisi
1150 1196 1331 1250 legitime
1376 1195 1445 1238 tibi
1485 1198 1725 1245 constiterit,

99 1282 193 1312 eum
228 1273 370 1312 contra
407 1269 603 1310 iustitiam
638 1269 1047 1309 excommunicatum
1085 1267 1223 1317 fnisse,
1257 1279 1305 1308 ex
1340 1265 1478 1308 debito
1512 1265 1586 1309 sibi
1625 1268 1726 1308 iura-

101 1342 223 1383 menti
262 1341 505 1396 praecipias,
542 1342 584 1381 ut
615 1351 741 1393 super
773 1351 836 1391 eo,
869 1338 920 1380 de
949 1350 1029 1394 quo
1064 1338 1184 1380 fuerit
1208 1339 1637 1380 excommunicatione
1663 1350 1727 1378 no—

99 1415 218 1466 tatus,
253 1410 388 1454 eidem
423 1411 618 1465 episcopo
651 1409 875 1451 satisfaciat
898 1413 1203 1463 competenter:
1238 1406 1356 1460 Quod
1391 1409 1422 1449 si
1464 1409 1598 1450 facere
1637 1421 1728 1449 ron·

99 1483 327 1538 tempserit,
362 1494 456 1524 eum
493 1483 530 1523 in
565 1481 1012 1523 excommunicationis
1059 1481 1317 1526 sententiam,
1353 1477 1626 1534 appellatione
1667 1491 1725 1520 re-

100 1557 223 1606 mota,
258 1552 462 1595 reducere
497 1564 574 1594 non
610 1552 833 1593 omittas».

218 1623 285 1666 73.
338 1625 410 1669 De
455 1623 788 1668 absolutionis
836 1636 867 1667 a
913 1623 1133 1668 censuris
1180 1621 1498 1677 amplitudine
1548 1617 1728 1675 loquitur

99 1709 190 1740 cau.
203 1697 330 1738 2249
356 1706 594 1750 supponens
608 1693 800 1736 traditam
817 1692 1135 1748 explicationem
1153 1692 1392 1747 praescripti
1407 1689 1482 1733 sul)
1496 1703 1584 1732 can.
1602 1689 1677 1731 ³224
1693 1689 1726 1730 4.

99 1766 213 1809 Tunc
245 1767 353 1809 enim
388 1765 546 1808 dictum
581 1768 640 1807 est
674 1776 873 1806 censuras
906 1776 995 1806 esse
1030 1766 1222 1819 tanquam
1261 1760 1423 1804 vincula
1471 1759 1724 1816 prohibentia

100 1839 188 1880 iure
221 1849 241 1879 a
275 1835 526 1893 quibusdam
569 1833 743 1878 actibus.
790 1833 895 1877 Hinc
930 1836 1005 1876 rite
1042 1832 1284 1888 intelligitur
1321 1831 1428 1888 qnod
1463 1833 1517 1873 ait
1550 1831 1578 1887 g
1613 1833 1646 1871 1.
1684 1830 1728 1871 Si

101 1907 194 1966 quis
224 1906 418 1965 pluribus
448 1906 680 1949 «diversae
716 1905 778 1948 vel
814 1904 999 1948 eiusdem
1035 1905 1226 1959 speciei»
1255 1901 1442 1944 censuris
1472 1900 1725 1953 detineatur,

97 1983 234 2037 potest
265 1978 315 2022 ab
349 1992 433 2021 uua
467 1976 627 2020 absolvi
661 1976 845 2032 legitime
879 1988 926 2018 ac
962 1975 1085 2025 licite,
1119 1973 1267 2016 celeris
1302 1972 1470 2014 minime
1508 1970 1724 2013 absolutis:

100 2050 206 2094 Hinc
239 2052 362 2093 etiam
396 2061 417 2092 a
453 2047 642 2105 pluribus
675 2047 851 2099 absolvi,
887 2048 1005 2089 unica
1043 2045 1197 2087 relicta.

217 2120 245 2179 ξ
276 2122 317 2163 ἓ.
343 2118 489 2162 petens
512 2118 829 2172 absolutionem,
855 2130 948 2160 cum
980 2132 998 2156 ((
1019 2115 1205 2172 pluribus
1228 2116 1413 2157 censuris
1436 2113 1669 2155 detineatur
1690 2128 1726 2163 n,

99 2205 147 2235 eo
180 2191 290 2250 quod
325 2191 507 2245 additur,
541 2189 658 2233 debet
698 2191 798 2231 iuris
844 2190 1112 2244 praescripto,
1149 2190 1190 2228 ut
1231 2184 1475 2239 simpliciter
1517 2182 1727 2225 absolutus

101 2263 265 2317 evadat,
301 2275 422 2304 casus
457 2263 494 2303 in
530 2274 749 2304 censuram
786 2272 926 2302 omues
961 2256 1153 2299 indicare
1185 2256 1450 2303 sullicienter,
1487 2266 1576 2295 nam
1612 2266 1727 2293 set-us

101 2332 309 2377 absolutio
341 2333 437 2376 data
470 2331 581 2375 valet
617 2337 779 2374 inuium
815 2330 1008 2388 equidem
1041 2331 1151 2371 iuxta
1185 2327 1212 2385 ξ
1250 2329 1260 2368 t
1299 2340 1376 2383 pro
1410 2338 1508 2366 ease(
1532 2336 1726 2380 expresso

103 2406 141 2447 in
178 2403 370 2460 precibus
394 2417 474 2446 uno
511 2402 574 2446 vel
611 2401 853 2458 multiplici3
880 2400 980 2443 haec
1014 2404 1075 2441 est
1107 2400 1214 2441 enim
1245 2396 1431 2439 voluntas
1467 2393 1728 2437 rescribentis

101 2475 330 2518 secundum
351 2479 536 2517 tenorem
567 2473 822 2517 documenti.
851 2472 1116 2527 Prosequitur
1140 2481 1293 2511 canon:
1319 2465 1426 2522 quod
1448 2466 1485 2507 si
1508 2463 1724 2506 absolutio.

100 2558 208 2604 quae
243 2548 282 2588 in
317 2549 432 2602 parte
465 2547 655 2601 rescripti
691 2545 934 2600 dispositiva
972 2543 1195 2591 invenitur,
1229 2537 1416 2595 qmtmris
1447 2534 1727 2593 purlienl‹1ris

101 2616 237 2674 quoad
275 2618 331 2658 rei
368 2618 585 2659 veritatem
619 2615 769 2671 petilio
803 2614 919 2671 sueta
953 2613 1024 2666 sil,
1055 2610 1186 2668 sueri!
1212 2609 1288 2651 illa
1309 2606 1523 2664 ⁷qeueralits‘
1556 2620 1602 2647 ex
1644 2618 1726 2645 xer-

103 2687 248 2731 borum
285 2691 439 2741 tenore⁷
473 2685 514 2743 a)
548 2685 658 2728 vale!
693 2699 853 2743 quoque
886 2683 1092 2726 absolutio
1128 2681 1229 2724 ultra
1256 2681 1490 2736 petitionem
1528 2690 1597 2732 pro
1631 2688 1722 2715 (ψη-

102 2760 221 2811 suris,
256 2757 408 2815 quibus
441 2755 689 2811 detineatur,
724 2756 906 2799 reliciti's
939 2754 1043 2797 bona
1077 2751 1167 2808 fide,
1205 2752 1330 2793 idest:
1366 2762 1412 2790 ex
1448 2746 1722 2801 simplicitate,

106 2829 169 2872 vel
214 2830 446 2885 ignorantia
491 2832 575 2871 tum
611 2828 786 2871 aliarum
822 2837 1107 2877 censurarum,
1143 2828 1227 2864 tum
1265 2820 1371 2862 modi
1408 2816 1602 2860 exarandi
1640 2828 1724 2869 pro·

102 2912 184 2955 ces,
218 2904 405 2957 eoecepta,
438 2899 471 2941 si
516 2900 622 2940 inter
657 2901 839 2943 reticitas
882 2897 1001 2950 adsit,
1036 2906 1211 2936 censura
1254 2888 1459 2947 (praelibet
1509 2883 1720 2942 specialis-
