1950 3313
155 156 224 190 274
526 154 608 189 Liss.
627 153 673 187 V.
695 173 706 179 -
727 154 837 188 PARS
854 154 926 188 ΙΙΙ.
948 175 961 180 -
980 155 1038 190 De
1054 158 1188 199 poenis
1207 158 1249 190 in
1266 157 1408 191 delicta
1567 156 1658 192 Gan.
1685 157 1780 191 2363

157 275 206 318 ad
245 273 326 317 Vic.
362 273 437 329 Ap.
472 271 636 316 Cocinc.
686 277 854 316 extensa
903 274 952 317 ad
993 287 1136 317 omues
1187 273 1287 318 Vic.⁵
1320 274 1581 331 Apostolicos
1614 277 1652 318 iu
1687 275 1778 319 litt.²3

156 344 329 400 encycl.⁸
362 343 545 386 eiusdem
579 341 922 399 Congregaiiouis
946 344 974 386 ¹.
1001 370 1051 375 —-
1079 344 1189 389 Haec
1213 345 1416 389 habentur
1451 347 1488 388 in
1524 345 1592 389 illa
1624 345 1777 390 Instru-

156 418 311 459 ctione:
352 413 641 456 «Huiusmodi
677 414 1018 458 denunciationes
1050 415 1121 459 tibi
1157 420 1350 474 tanquam
1374 415 1584 472 Superiori
1621 417 1781 460 iurisdi-

156 488 335 528 ctionem
370 484 533 527 habenti
568 489 729 527 secreto
763 485 913 528 deferri
947 485 1111 537 debent,
1138 499 1269 543 neque
1293 500 1314 530 a
1337 489 1503 531 nemine
1527 489 1657 530 omitti
1687 501 1781 549 pos7

156 561 250 599 sunt
272 555 428 612 absque
450 555 569 611 eulpa
595 554 733 598 lethali
757 571 798 597 ».
823 555 907 599 Nec
940 560 1076 600 tamen
1110 557 1277 600 additur
1302 562 1514 613 peccatum
1541 557 1776 602 huiusmodi

159 630 415 669 reservatum
450 639 553 669 esse.
590 651 641 656 -—
681 626 918 683 «Acceptis
951 641 1023 684 per
1058 633 1109 681 te,
1145 641 1224 671 uuo
1261 628 1323 671 vel
1362 629 1491 672 altero
1527 630 1648 673 modo
1682 628 1800 687 (sci-'

157 697 272 741 licet:
313 712 333 738 ((
358 701 400 740 ut.
435 709 633 753 personae
665 696 907 741 sollicitatae
954 699 1002 742 ad
1054 703 1163 742 tuam
1204 699 1455 742 audientiam
1490 699 1703 754 accedant,
1739 705 1781 744 ut

159 770 232 811 rite
266 768 453 811 deferant
484 780 579 811 suas
611 768 953 812 denunciationes
976 785 996 810 ))
1039 769 1099 812 vel
1141 786 1162 810 «
1187 784 1258 826 per
1290 770 1524 826 delegatum
1549 771 1599 814 ad
1624 784 1694 814 eas
1719 785 1778 814 re-

156 839 380 894 cipiendas,
415 838 594 896 aliquem
629 838 887 882 sacerdotem
924 839 1119 896 probatae
1155 841 1263 895 fidei,
1287 843 1355 898 qui
1380 845 1516 884 tamen
1552 855 1630 884 uon
1654 844 1705 884 sit
1728 842 1780 885 de

159 911 242 965 ipsa
277 908 564 953 sollicitatione
616 909 678 952 vel
728 915 944 967 suspectus
985 911 1046 954 vel
1081 911 1421 969 denunciatus»)
1454 912 1782 956 denunciationi-

157 979 245 1030 bus,
279 992 385 1032 quae
417 993 583 1036 semper
616 994 704 1024 esse
739 981 890 1024 debent
934 984 1165 1026 iuramento
1209 983 1408 1035 firmatae,
1443 995 1585 1026 earum
1622 984 1780 1040 pondus

155 1050 375 1107 qualitates
407 1055 447 1094 et
479 1053 811 1095 circumstantias
860 1055 969 1096 serio
1017 1057 1057 1095 et
1103 1058 1296 1097 accurate
1345 1053 1576 1110 perpendas
1612 1067 1779 1098 necesse

156 1126 260 1165 est...
295 1125 373 1164 etc.
397 1136 440 1162 ›>.

273 1190 378 1236 Cum
415 1206 512 1236 vero
545 1193 834 1237 difficillimum
868 1206 966 1237 sane
999 1196 1089 1250 erit,
1114 1197 1151 1237 in
1178 1194 1240 1238 bis
1274 1200 1354 1238 tam
1389 1195 1541 1239 dissitis
1574 1200 1613 1239 et
1644 1196 1780 1253 dispa-

158 1264 254 1306 ratis
287 1262 538 1319 regionibus,
575 1263 676 1307 liaec
710 1267 848 1308 omnia
882 1264 954 1322 (ibi
982 1265 1211 1322 praedicta)
1245 1265 1495 1309 adamussim
1530 1279 1713 1323 servare,
1742 1271 1782 1311 et

156 1347 266 1388 cum,
299 1336 331 1377 si
365 1333 501 1392 aliqua
536 1348 584 1378 ex
621 1334 684 1378 liis
722 1337 979 1389 omittantur,
1017 1338 1167 1379 iustitia
1214 1350 1291 1379 uon
1339 1339 1516 1393 patiatur
1550 1342 1592 1380 ut
1625 1350 1780 1394 poenae

158 1404 396 1460 infligantur
428 1405 631 1448 adversus
665 1419 754 1448 reos
787 1406 838 1449 de
861 1419 1046 1463 ,quorum
1071 1408 1245 1450 crimine
1278 1407 1345 1450 tali
1380 1412 1497 1462 pacto
1525 1407 1662 1452 adbuc
1695 1410 1778 1452 suf-

158 1476 456 1518 licientei·÷non
489 1479 661 1529 constat,
697 1479 793 1519 tunc
826 1475 1052 1519 consultius
1086 1477 1255 1520 fortasse
1288 1490 1399 1533 ages,
1423 1479 1519 1520 siin
1543 1477 1778 1521 huiusmodi

157 1547 292 1588 causis
325 1550 440 1589 extra
476 1546 615 1589 iudicii
651 1546 837 1589 ordinem
875 1547 1075 1603 procedas
1108 1548 1158 1590 ad
1193 1548 1495 1591 occurrendum
1527 1553 1638 1591 tanto
1673 1548 1781 1592 malo

159 1616 305 1659 mediis
338 1620 377 1659 et
412 1616 544 1660 modis
578 1618 709 1673 magis
740 1617 931 1660 facilibus
962 1621 1002 1660 et
1032 1618 1248 1674 expeditis,
1282 1631 1384 1675 quos
1417 1617 1487 1661 tibi
1522 1623 1719 1675 suggeret
1742 1621 1780 1661 in

157 1685 320 1730 casibus
355 1686 674 1743 particularibus
709 1692 774 1731 tua
811 1693 1022 1745 perspecta
1058 1688 1275 1745 prudentia
1308 1702 1401 1732 cum
1436 1691 1669 1733 animarum
1697 1689 1782 1733 zelo

157 1759 390 1812 coniuncta,
425 1763 465 1801 et
496 1771 594 1802 cura
629 1771 751 1816 quam
788 1758 915 1802 debes
947 1758 1100 1802 habere
1131 1762 1394 1816 praecipuam
1421 1759 1472 1803 de
1495 1760 1781 1804 conservanda

160 1840 258 1884 pace
292 1833 329 1872 et
363 1829 582 1872 concordia
634 1831 739 1872 inter
787 1832 998 1886 operarios
1046 1829 1306 1886 apostolicos,
1347 1833 1587 1886 praesertim
1627 1831 1781 1874 diversi

159 1898 334 1942 Instituti
367 1904 406 1942 et
440 1902 673 1945 nationis».

276 1969 327 2014 Ut
359 1983 458 2027 ergo
491 1970 612 2014 falsas
645 1984 788 2014 omnes
832 1971 1069 2015 huiusmodi
1107 1971 1448 2015 denunciationes
1491 1974 1657 2016 omnino
1699 1986 1782 2016 sce-

160 2040 281 2083 lestas
315 2043 479 2096 puniret
502 2043 539 2085 S.
567 2041 694 2085 Mater
724 2041 906 2085 Ecclesia
940 2043 1148 2086 efficacius
1183 2042 1368 2086 condidit
1402 2056 1556 2086 novum
1581 2055 1779 2087 canonem

158 2110 235 2154 sub
258 2126 278 2152 c<
298 2111 431 2155 Titulo
453 2112 504 2155 de
527 2115 702 2156 crimine
723 2113 812 2156 salsi
833 2129 853 2154 ))
878 2113 1085 2166 ultimum,
1105 2113 1170 2157 bic
1195 2113 1503 2169 explicandum.
1528 2112 1780 2158 Caw.2363.

161 2182 205 2225 Si
238 2182 344 2240 quis,
381 2185 443 2225 vir
475 2188 545 2226 aut
578 2183 738 2236 mulier,
772 2184 962 2239 clericus,
998 2184 1139 2238 laicus,
1175 2183 1238 2227 vel
1280 2184 1507 2240 religiosus,
1541 2187 1580 2241 a)
1612 2198 1688 2241 per
1720 2199 1779 2228 se-

160 2252 296 2311 ipsum
330 2253 372 2310 b)
406 2253 469 2296 vel
508 2267 585 2311 per
622 2254 744 2305 alios,
779 2256 948 2298 forsitan
1002 2268 1074 2311 per
1121 2254 1379 2298 sacerdotem
1430 2255 1681 2312 delegatum,
1713 2260 1783 2299 aut

161 2326 294 2371 minis,
330 2329 562 2380 praecepto,
596 2327 799 2379 suasione,
836 2325 908 2368 lios
942 2325 1156 2379 inducens,
1188 2324 1229 2381 a)
1258 2325 1577 2381 consessmium,
1600 2326 1780 2370 scilicet:

161 2395 444 2438 iurisdictione
477 2395 780 2449 sacramentali,
816 2399 858 2438 ut
890 2394 1129 2452 apparebat,
1164 2396 1410 2452 praeditum,
1436 2395 1477 2452 b)
1502 2396 1552 2438 (le
1583 2396 1784 2440 sollicita-

162 2465 289 2509 tionis
321 2465 495 2511 crimine
528 2466 733 2522 explicato
767 2467 815 2509 ad
852 2478 942 2510 can.
977 2466 1074 2524 904,
1099 2465 1138 2523 c)
1163 2465 1277 2524 apud
1309 2466 1556 2524 Superiores
1589 2468 1781 2523 equidem

160 2536 475 2584 ecclesiasticos,
510 2539 670 2580 etiamsi
719 2550 796 2580 nou
847 2539 903 2580 uti
949 2537 1119 2588 iudices,
1153 2537 1196 2593 d)
1230 2536 1341 2594 falso
1374 2537 1701 2590 denuntiaverit,
1734 2552 1782 2582 eo

162 2607 268 2664 quod
307 2607 385 2650 tale
419 2609 574 2650 crimen
612 2621 688 2649 uon
724 2609 885 2659 existat,
910 2607 1000 2664 ipso
1033 2606 1145 2664 sacto
1170 2606 1405 2650 huiusmodi
1439 2608 1783 2664 denunciationis,

163 2680 418 2733 praecisione
453 2678 554 2721 sacta
589 2677 640 2721 ab
672 2678 858 2721 eiusdem
894 2678 1092 2731 efficacia,
1126 2683 1166 2721 et
1199 2678 1344 2721 effectu
1379 2692 1457 2721 non
1496 2684 1684 2736 sequuto,
1720 2679 1781 2722 iii-

161 2748 297 2791 currit
329 2748 373 2791 in
405 2748 874 2791 eoeconmumicaci'onem
909 2747 1085 2805 speciali
1128 2748 1245 2792 modo
1292 2748 1391 2792 Secli
1426 2749 1693 2807 Apostolicae
1723 2764 1784 2793 re-

282 2901 292 2922 1
319 2901 364 2935 25
393 2900 465 2934 Iul.
490 2900 589 2934 1883.
613 2899 760 2934 Collect
795 2900 877 2941 cit„
903 2911 940 2933 n.
971 2899 1073 2934 1604.

1893 1488 1900 1495 ,

1923 2595 1940 2647 2—232
1914 2363 1942 2581 *Ake-'‘vaffss
1922 2199 1943 2331 ‘⁴„*‘..⁴.-...I.·
1918 2007 1942 2086 ζ
1920 1930 1945 1986 „252
1918 1645 1946 1797 2221„ss
1927 1551 1929 1553 ·
1941 1501 1944 1504 .
1925 1454 1934 1466 -“
1925 1394 1944 1416 «’
1923 1359 1925 1363 “

1916 2957 1933 3014 rm
1908 2635 1941 2950 m’sagQ‘qss-ssmasssf
