1950 3313
192 155 234 188 16
862 155 1140 191 ΙΝΤΒΟΒΗΟΤΙΟ

190 275 385 320 sessionis,
431 273 574 316 saltem
624 273 750 316 semel
802 275 840 316 in
889 286 1054 325 anno,...
1099 275 1398 331 impleretur».
1443 274 1599 329 Quarto
1647 278 1813 322 demum

188 345 473 387 conclusiones
522 344 643 387 infert
693 346 824 400 magis
875 345 936 388 vel
991 348 1125 389 minus
1168 349 1425 390 necessarias
1472 360 1523 390 ex
1575 348 1817 393 veritatibus

190 418 393 471 practicis,
437 427 543 471 (piae
586 420 680 458 sunt
723 416 924 459 divinitus
970 417 1192 472 revelatae,
1233 417 1406 475 illasque
1450 417 1576 461 iubet.
1620 418 1815 476 Sequitur

188 486 280 528 inde
315 486 422 541 quod
469 488 505 528 in
553 487 685 542 primo
729 491 767 529 et
811 487 995 530 secundo
1041 488 1176 538 modo,
1211 493 1377 532 exercet
1410 488 1596 532 Ecclesia
1635 489 1815 533 officium

185 557 359 599 docendi
395 570 465 599 seu
509 559 791 613 magisterium
835 558 1038 609 divinum,
1074 559 1330 617 proindeque
1372 564 1590 615 praecepta
1630 562 1688 603 sic
1723 574 1813 616 pro-

187 630 315 683 posita
351 630 426 670 iuri
462 627 594 670 altiori
633 630 768 683 potius
802 641 925 685 quam
971 633 1170 673 canonico
1193 635 1290 673 sunt
1320 630 1560 683 tribuenda3
1596 630 1815 688 solumque

185 697 236 741 ab
269 698 548 742 ecclesiastica
593 699 682 755 lege
724 699 969 743 inutuabunt
1009 702 1263 743 sanctionem
1307 715 1343 743 v.
1379 714 1438 757 gr.
1475 704 1812 745 excommunica-

185 771 319 815 tionis,
357 771 537 812 l'orlassis
571 772 629 813 eis
661 783 879 813 annexam.
915 770 1051 814 Tertio
1089 785 1186 814 vero
1220 777 1257 815 et
1292 777 1438 829 quarto
1474 773 1594 816 modo
1629 772 1811 816 Ecclesia

186 853 228 882 se
266 843 369 896 gerit
411 845 450 883 ut
476 841 780 894 legislatricem,
815 844 919 885 sieut
954 856 1048 885 cum
1084 842 1168 885 Deo
1202 843 1449 899 legislatore⁷
1477 843 1730 901 proindeque
1763 844 1813 887 ad

186 912 247 953 ius
271 913 516 954 canonicum
542 915 706 969 proprie
742 913 977 956 reducenda
1011 918 1070 956 est
1104 913 1315 969 obligatio,
1341 919 1425 957 tum
1455 914 1812 958 determinationis

187 984 394 1036 praecepti
432 982 628 1025 naturalis
665 988 733 1025 aut
778 983 922 1028 divini.
959 988 1043 1026 tum
1089 983 1366 1027 conclusionis
1403 997 1510 1042 quae
1547 984 1691 1027 saltem
1734 997 1810 1027 non
1866 988 1869 989 ’

186 1054 419 1094 necessario
453 1057 623 1095 eruatur
654 1067 702 1096 ex
739 1056 810 1096 eis.

303 1122 502 1179 Exempla
543 1124 747 1167 dictorum
794 1139 1011 1181 possumus
1043 1126 1263 1170 desumere
1297 1140 1345 1169 ex
1381 1126 1551 1171 Concilii
1585 1127 1813 1171 Tridentini

185 1192 309 1236 Actis.
349 1192 391 1235 Y.
427 1208 487 1250 gr.
532 1195 666 1252 quoad
711 1195 750 1237 ΙΧΠ
786 1198 822 1238 in
873 1210 970 1239 sess.
1009 1195 1089 1241 Vll.
1139 1210 1228 1241 can.
1266 1196 1315 1239 XI
1367 1196 1423 1240 De
1469 1200 1740 1241 sacramentis
1775 1200 1812 1240 in

185 1276 358 1319 genere:
394 1265 528 1321 quoad
570 1266 621 1308 ἕω
669 1268 705 1309 in
746 1280 845 1311 sess.
882 1267 986 1320 xlii,
1022 1281 1111 1324 cap.
1150 1267 1216 1310 Vll
1240 1270 1348 1311 circa
1385 1273 1651 1324 praeceptum
1684 1268 1814 1324 Apos-

185 1334 277 1377 toli:
319 1335 507 1379 «Probet
549 1341 686 1379 autem
731 1339 912 1393 seipsum
949 1338 1138 1382 liomo›):
1174 1339 1307 1395 quoad
1349 1339 1402 1380 3¹³¹
1438 1341 1474 1381 in
1519 1352 1617 1383 sess.
1654 1338 1743 1382 XIV
1778 1354 1810 1382 c.

186 1405 209 1445 3
245 1405 318 1450 loe.
353 1419 475 1462 supra
517 1409 628 1459 cit.⁰;
666 1409 800 1465 quoad
837 1409 890 1451 4111
925 1409 1105 1466 denique
1149 1422 1238 1466 cap.
1276 1410 1293 1452 1
1339 1412 1376 1452 in
1411 1423 1508 1453 sess.
1547 1408 1595 1452 Vl
1629 1410 1685 1453 De
1723 1410 1811 1454 Res.

184 1478 295 1519 eirca
337 1482 599 1533 praeceptum
646 1478 829 1535 Apostoli
870 1482 948 1522 «in
983 1480 1176 1524 omnibus
1219 1480 1420 1531 laborent,
1454 1485 1491 1523 et
1538 1482 1809 1523 ministerium

184 1560 302 1589 suurn
341 1548 575 1603 impleant»
614 1554 651 1592 et
676 1562 763 1605 cap.
795 1550 809 1591 1
851 1552 888 1592 in
923 1564 1021 1593 sess.
1048 1549 1177 1593 XXIII
1204 1550 1260 1594 De
1294 1550 1381 1594 Res.
1412 1550 1551 1593 «Cum
1590 1555 1810 1607 praecepto

185 1618 325 1660 divino
362 1619 599 1662 mandatum
635 1622 685 1663 sit
719 1620 969 1664 omnibus...
1005 1626 1123 1666 etc.»

966 1798 1028 1843 lV.

598 1908 743 1959 Iuris
783 1909 1043 1960 canonici
1084 1908 1401 1972 disciplina.

307 2047 370 2088 13.
404 2048 707 2104 Disciplinae
742 2050 872 2093 circa
902 2050 976 2094 ius
1001 2051 1289 2094 canonicum
1313 2051 1464 2094 notio.
1491 2074 1542 2078 —
1568 2047 1807 2091 Delinienda

184 2122 244 2160 est
277 2120 355 2160 iam
390 2118 606 2174 disciplina
647 2120 748 2161 iuris
787 2121 991 2172 canonici,
1027 2124 1067 2162 ut
1114 2121 1277 2175 proprie
1319 2119 1511 2163 distincta
1545 2132 1566 2162 a
1602 2119 1806 2175 theologia

187 2188 344 2236 morali,
379 2189 551 2246 aliisque
598 2190 783 2233 iuridicis
827 2190 1068 2246 disciplinis.
1104 2189 1174 2233 Est
1223 2204 1369 2246 nempe
1417 2189 1634 2246 disciplina
1683 2189 1807 2233 llaec:

191 2262 407 2315 «cognitio
442 2264 552 2303 certa
586 2265 625 2303 et
660 2260 960 2304 rationabiliter
995 2261 1163 2304 tundata
1204 2261 1456 2317 regularum,
1491 2260 1641 2317 quibus
1674 2273 1809 2303 mores

181 2330 499 2373 clu·istiamn·um
525 2332 808 2374 cont‘ormamli
833 2337 927 2375 sunt
948 2346 1020 2388 pro
1042 2334 1121 2375 tine
1144 2332 1447 2388 supernaturali
1471 2333 1809 2375 sanctificationis

182 2402 370 2457 vitaeque
395 2407 587 2445 aeternae
606 2402 901 2458 adipiscendo:
939 2416 1016 2446 non
1053 2405 1236 2446 omnium
1265 2416 1362 2445 vero
1399 2403 1635 2459 regularum
1671 2402 1806 2444 liuius-

180 2471 301 2516 modi.
336 2472 404 2514 sed
446 2485 588 2515 earum
629 2473 889 2516 solummodo
931 2486 1038 2531 quae
1079 2475 1158 2516 vim
1196 2486 1313 2516 suam
1351 2486 1530 2525 omnem,
1555 2477 1624 2515 aut
1656 2472 1801 2515 saltem

177 2542 403 2597 partialiter
436 2543 569 2599 quoad
596 2543 986 2587 determinationem
1027 2549 1095 2587 aut
1130 2556 1367 2600 expressam
1402 2545 1657 2586 sanctionem
1690 2555 1804 2598 repe-

177 2617 264 2655 tunt
297 2612 348 2655 ab
382 2613 660 2657 ecclesiastica
697 2620 952 2670 potestate».
989 2614 1050 2658 Ex
1086 2610 1166 2658 bac
1194 2615 1445 2670 descriptiva
1481 2614 1736 2667 delinitione,
1769 2614 1809 2656 si

176 2687 372 2727 attentius
407 2686 690 2741 perspiciatur,
728 2686 854 2729 inulta
889 2686 1076 2729 eruenda
1109 2690 1216 2728 sunt.

298 2754 454 2798 Dicitur
492 2754 568 2799 l.⁰;
604 2755 785 2811 eoynili'o
818 2761 932 2798 cerm
973 2761 1012 2798 ec
1058 2755 1374 2798 rationabiliter
1415 2754 1613 2812 sicinium,
1648 2754 1697 2796 ad
1744 2755 1801 2795 in-

184 2826 389 2868 nuendam
424 2825 608 2868 eiusdem
643 2825 922 2882 stabilitatem,
948 2832 1034 2870 tum
1069 2840 1117 2869 ex
1156 2831 1268 2882 parte
1301 2825 1488 2879 subiecti,
1524 2824 1632 2882 quod
1668 2823 1801 2866 eidem

183 2898 406 2951 cognitioni
432 2896 605 2939 tirmiter
628 2896 840 2951 adhaeret,
865 2902 951 2940 tum
976 2910 1024 2939 ex
1052 2902 1165 2953 parte
1189 2896 1337 2939 obiecti
1363 2894 1628 2953 (regularum
1654 2905 1802 2948 nempe
