1950 3313
131 148 176 181 44
810 145 1088 180 INTRODUCTIO

131 269 258 308 tatum
303 276 350 307 ac
395 265 723 307 Seminariorum
769 262 1018 307 Doctoribus
1064 268 1188 321 atque
1231 263 1550 319 auditoribus»,
1584 277 1762 322 quorum

129 337 217 378 usui
243 339 302 377 est
327 336 533 378 maximae
558 333 746 377 utilitatis
777 333 843 377 bic
867 333 1023 388 Codex,
1046 346 1094 378 ac
1128 348 1178 377 ex
1203 347 1350 377 eorum
1384 334 1520 377 studio
1555 336 1594 377 in
1630 337 1763 391 ipsum

128 405 427 450 addiscendum
453 407 634 462 cognitio
668 412 708 448 et
743 407 882 461 praxis
904 404 1138 448 desiderata
1163 407 1202 448 in
1229 405 1299 448 Dei
1326 404 1475 462 populo
1499 409 1559 449 est
1582 407 1765 449 maxime

124 476 361 532 spectanda.
387 475 464 520 Sed
502 476 722 532 perfectior
748 476 823 518 fuit
857 475 960 519 haec
995 475 1286 532 promulgatio,
1312 476 1411 519 dum
1446 478 1667 519 universae
1692 475 1765 520 Ec·

126 546 277 589 clesiae
301 559 351 589 ex
376 543 579 590 Orientali
614 550 739 603 atque
772 542 1033 590 Occidentali
1069 546 1316 590 coalescenti
1341 547 1537 590 Summus
1574 546 1757 590 Pontifex

128 617 380 674 adloquitur,
414 617 580 675 quando
615 614 851 661 Ordinariis
885 616 1078 661 omnibus
1112 617 1269 660 Bullam
1306 617 1560 674 dii·exit‚qui
1598 616 1759 673 plebem

129 690 352 745 unicuique
387 689 651 731 commissam
679 692 1004 744 repraesentant,
1029 690 1152 730 etiam
1180 691 1222 730 ut
1247 687 1432 731 Romano
1459 687 1645 731 Pontifici
1669 686 1764 731 sub·

129 762 293 803 iectam.

247 829 471 873 Exorditur
505 842 576 885 per
599 829 831 885 simplicem
867 832 1078 885 potestatis
1114 829 1309 886 legiferae
1344 832 1381 873 in
1417 829 1601 873 Ecclesia
1637 841 1765 873 asser-

127 903 296 955 tionem,
331 913 454 958 quam
490 899 660 944 historia
693 905 867 944 testatur
900 899 951 944 ab
986 900 1095 943 illius
1130 903 1244 944 initio
1279 914 1360 944 non
1395 903 1483 944 sine
1519 900 1764 957 populorum

130 972 306 1016 utilitate
342 970 573 1028 multiplici.

246 1043 430 1086 Meminit
479 1041 588 1100 quod
634 1042 700 1085 sel.
738 1042 899 1086 record.
937 1042 1031 1085 Pius
1074 1041 1109 1085 Χ
1155 1042 1266 1086 Motu
1321 1045 1488 1099 proprio
1537 1043 1765 1086 «Arduum

128 1127 267 1158 sane»
317 1113 355 1158 d.
393 1111 480 1155 xvi
527 1112 620 1157 Kal.
665 1112 764 1169 Apr.
800 1125 865 1156 an.
911 1113 1020 1156 1904
1072 1113 1182 1156 edito
1232 1115 1444 1170 sapienter
1491 1113 1684 1166 advertit,
1729 1117 1767 1156 et

134 1201 152 1226 «
172 1184 323 1243 quibus
347 1185 397 1228 de
421 1185 557 1228 causis
581 1184 800 1227 consilium
836 1186 926 1227 iniit
959 1186 1177 1228 universas
1202 1184 1413 1228 Ecclesiae
1439 1184 1566 1241 leges„
1590 1184 1639 1228 ad
1665 1184 1768 1227 baec

129 1269 259 1314 usque
293 1260 480 1312 tempora
525 1254 670 1308 editas,
706 1254 844 1298 lucitlo
882 1255 1028 1298 ordine
1062 1255 1244 1311 digestas
1282 1256 1319 1298 in
1357 1268 1483 1298 unum
1519 1255 1766 1311 colligendi3

128 1329 276 1371 amotis
311 1326 406 1369 inde
445 1337 552 1383 quae
596 1325 821 1383 abrogatae
866 1328 945 1369 iam
991 1331 1126 1369 essent
1171 1331 1242 1369 aut
1285 1325 1518 1377 obsoletae3
1558 1326 1661 1376 aliis,
1696 1324 1766 1369 ubi

128 1411 231 1454 opus
269 1402 387 1445 esset,
422 1397 471 1439 ad
519 1401 684 1442 nostros
718 1401 958 1454 praesentes
983 1410 1118 1439 mores
1143 1398 1417 1453 opportunius
1456 1396 1763 1444 accomodatis;

130 1469 221 1513 aliis
253 1470 394 1522 etiam,
419 1469 451 1510 si
481 1469 647 1525 quando
673 1481 839 1512 necesse
875 1481 963 1511 esse
996 1473 1065 1510 aut
1099 1467 1299 1524 expedire
1326 1468 1550 1517 videretur,
1575 1481 1622 1510 ex
1659 1480 1768 1510 novo

129 1541 420 1584 constitutis».

247 1609 337 1663 Qua
373 1611 591 1667 prudentia
628 1613 666 1654 in
703 1624 789 1654 rem
824 1623 922 1654 sane
957 1611 1204 1667 perarduain
1243 1611 1491 1666 processerit
1519 1608 1652 1652 bonae
1687 1621 1768 1651 me-

131 1684 286 1725 moriae
322 1682 415 1726 Pius
444 1681 493 1735 X,
520 1685 662 1739 paucis
697 1681 930 1739 praelibare
954 1682 1073 1725 duxit
1095 1686 1218 1739 atque
1252 1681 1421 1725 laudare
1445 1681 1641 1724 Summus
1665 1679 1765 1722 Pon-

129 1754 227 1795 tifex
253 1752 416 1796 Codicis
440 1753 737 1810 promulgator,
764 1755 832 1810 qui
859 1757 1032 1796 testatur
1072 1769 1089 1793 (t
1111 1766 1266 1795 novum
1293 1754 1418 1796 totius
1452 1753 1638 1795 canonici
1665 1753 1765 1794 iuris

129 1822 367 1867 Codicem...
394 1826 431 1866 in
458 1837 601 1867 omnes
624 1836 719 1867 suas
745 1829 880 1880 partes
905 1826 1240 1880 recognovi1mffi‚
1265 1822 1603 1880 approbavimus,
1630 1827 1763 1864 ratum

129 1893 407 1937 habuimus».
443 1895 558 1949 Quae
596 1894 722 1938 verba
762 1895 1120 1937 contii-mationem
1162 1897 1198 1937 in
1241 1895 1372 1937 forma
1416 1894 1608 1949 specilica
1651 1892 1767 1935 indu-

130 1964 239 2008 biam
275 1966 540 2021 patefaciunt.

248 2036 315 2079 38.
351 2038 477 2082 Pars
510 2039 808 2094 dispositiva
843 2038 1014 2082 Bullae
1047 2037 1204 2079 dictum
1241 2035 1501 2088 corroborat,
1535 2037 1592 2078 sic
1628 2047 1766 2091 prose-

128 2112 278 2164 quente
311 2107 513 2163 Supremo
539 2107 748 2151 Ecclesiae
785 2107 974 2150 Pastore:
1015 2122 1035 2148 ε(
1057 2106 1211 2164 ltaque,
1248 2109 1441 2149 invocato
1470 2106 1638 2149 divinae
1672 2117 1761 2161 gra-

128 2180 207 2220 tiae
231 2178 400 2233 auxilio,
425 2178 643 2222 Beatoruin
672 2178 777 2221 Petri
806 2183 845 2221 et
871 2177 982 2221 Pauli
1007 2177 1301 2234 Apostolorum
1336 2179 1580 2220 auctoritate
1605 2176 1761 2230 conlisi,

130 2254 241 2292 motu
277 2251 457 2310 proprio,
491 2254 603 2293 certa
648 2251 820 2293 scientia
866 2254 990 2306 atque
1025 2248 1303 2306 Apostolicae,
1337 2261 1418 2305 qua
1458 2249 1566 2291 aucti
1606 2260 1762 2302 sumus,

131 2322 343 2375 potestatis
377 2319 646 2375 plenitudine,
669 2318 970 2363 Constitutione
1003 2319 1080 2363 bac
1113 2319 1275 2374 Nostra,
1300 2332 1424 2377 quam
1463 2318 1653 2361 volumus
1674 2330 1760 2373 per-

132 2394 253 2446 petuo
283 2389 503 2433 valituram
542 2389 617 2446 (uti
653 2390 860 2433 obiectum
897 2392 985 2433 eius
1020 2389 1225 2446 requirit),
1258 2393 1517 2445 praesentem
1553 2388 1763 2442 Cofflcem,

131 2462 197 2517 (eo
232 2460 340 2517 quod
391 2460 511 2503 simul
548 2474 641 2503 cum
680 2461 745 2504 illa
780 2466 841 2504 est
876 2460 1027 2517 publici
1080 2462 1179 2503 iuris
1213 2460 1379 2517 sactus),
1413 2462 1471 2503 sic
1505 2464 1545 2502 ut
1580 2459 1764 2514 digestus

131 2536 203 2580 est,
252 2533 350 2581 (non
403 2536 559 2573 tantun]
613 2531 668 2574 Pii
721 2531 753 2573 X
805 2537 991 2587 tempore
1045 2547 1062 2570 (ι
1094 2539 1313 2591 antequam
1361 2530 1762 2587 promulgaretur»,

130 2602 200 2645 sod
252 2604 289 2644 in
343 2601 570 2657 exemplari
620 2601 758 2645 [lullae
794 2602 1137 2658 proimilgationis
1181 2602 1366 2649 adnex03
1400 2606 1524 2657 atque
1581 2605 1622 2643 ut
1672 2599 1763 2642 talis

130 2671 266 2716 Codex
303 2686 397 2715 cuni
429 2673 648 2724 divisione,
677 2672 977 2729 multiplicibus
1011 2672 1363 2728 inscrIptionibuS,
1389 2672 1533 2715 ordine
1568 2673 1764 2714 universo

132 2745 254 2785 etiam
309 2743 444 2800 quoad
503 2745 686 2797 minima,
740 2748 777 2786 et
831 2742 1166 2787 distinctionibus
1215 2757 1288 2799 pei·
1331 2745 1417 2796 ἔξω
1458 2744 1681 2785 sententias
1724 2745 1762 2783 et

132 2812 355 2870 commata)
394 2812 722 2870 pronuilgamus⁷
758 2813 882 2870 (quae
908 2813 1185 2869 promulgatio
1219 2813 1443 2856 solemnior
1476 2814 1579 2855 t'acta
1613 2816 1673 2854 est
1697 2811 1762 2853 die

133 2883 185 2925 28
219 2883 327 2926 Junii
367 2884 492 2935 1917,
517 2883 776 2928 adstantibus
813 2896 953 2928 coram
979 2885 1111 2927 Ss.mo
1136 2884 1173 2927 S.
1197 2884 1239 2927 ll.
1267 2884 1309 2926 E.
1335 2882 1624 2927 Cardinalibus
1647 2881 1762 2925 Com-
