1950 3313
710 156 752 180 IN
782 157 859 181 nos:
887 148 1217 183 COMMENTARIUM
1736 153 1782 186 37

150 264 298 321 ligiose
334 267 585 322 recipiantur
609 270 645 308 et
673 266 867 310 inviolate
891 273 1112 311 serventur
1138 285 1174 310 n.
1202 268 1387 325 ltegulac
1411 270 1514 313 aliae
1537 270 1782 314 dicebantur

152 335 430 389 beneficiales,
463 336 598 394 quoad
636 336 796 379 illorum
826 341 1067 393 praesertim
1096 342 1442 384 reservatitmem.
1479 340 1662 398 Denique
1686 344 1784 384 exti-

147 411 279 450 terant
316 406 485 463 regulae
520 406 746 456 iudiciales,
782 408 932 465 quibus
965 410 1243 453 deliniebatur
1280 411 1385 453 ordo
1421 412 1624 455 iudicialis
1648 415 1684 454 in
1710 426 1781 468 ap-

146 476 436 534 pellationibus
468 477 642 534 aliisque
666 478 850 532 partibus
876 493 1092 534 processus
1118 481 1323 524 iudicialis
1355 481 1654 526 observandus.
1678 484 1778 525 tlum

146 562 244 604 ergo
279 553 358 591 tam
388 547 650 591 beneticialcs
673 562 796 606 quam
824 550 1037 593 iudiciales
1064 551 1230 607 regulae
1260 555 1558 595 constituerent
1585 555 1645 595 ius
1668 567 1777 595 corn-

147 632 268 662 mune
301 618 556 665 servandum
592 621 716 662 etiam
752 625 866 663 extra
904 620 1068 664 Urbem.
1096 624 1273 665 transire
1298 622 1530 666 debuerunt
1561 626 1597 665 in
1625 637 1775 666 norum

141 688 350 742 Codicem,
386 689 530 732 iisdem
565 688 774 745 abrogatis
807 692 940 748 quoad
977 696 1136 735 ceteras
1169 706 1312 735 earum
1360 696 1713 750 praescriptiones.

264 759 331 802 3⁶2
368 761 491 806 Acta
525 762 726 806 Concilii
745 764 1018 807 Tridentini
1046 764 1082 804 in
1113 762 1300 806 Decretis
1330 779 1348 802 «
1372 763 1422 805 de
1444 765 1732 807 reformatione
1754 781 1772 804 n

145 829 263 874 nobis
296 829 493 874 exhibent
530 844 678 887 magna
713 846 761 875 ex
800 838 913 888 parte
949 834 1209 889 disciplinam
1240 833 1497 885 hodiernam,
1531 848 1635 891 quae.
1673 835 1781 879 tide-

143 900 237 944 licet
269 901 554 958 superadditis
579 902 875 946 mutationibus
910 906 1069 946 transiit
1107 906 1144 946 in
1170 903 1382 955 Codicem,
1407 909 1444 946 et
1467 918 1573 961 quae
1608 904 1777 948 Decreta

146 985 218 1028 per
250 972 522 1029 quamplures
554 976 814 1016 successivas
847 973 1153 1018 declarationes
1185 976 1225 1018 S.
1249 973 1413 1030 Congr⁸.
1439 974 1609 1017 Concilii
1651 978 1780 1032 magis

142 1042 346 1098 explicata
381 1045 557 1087 olt‘erunt
590 1044 877 1087 adiumentum
916 1048 1317 1101 praestantissimum
1353 1045 1401 1087 ad
1437 1046 1598 1088 Codicis
1633 1046 1776 1089 intelli-

142 1115 336 1170 gentiam.
374 1113 599 1158 Distributa
633 1120 727 1158 sunt
765 1121 851 1171 post
886 1114 1009 1159 Conc.
1036 1115 1148 1159 Trid.
1174 1118 1211 1158 in
1249 1118 1399 1172 capita,
1425 1116 1531 1159 unde
1565 1119 1778 1159 citationes

143 1185 245 1228 liunt
280 1199 353 1241 per
386 1187 546 1242 capitis,
580 1198 628 1229 ac
661 1187 858 1229 sessionis
893 1199 1100 1236 numeros,
1135 1186 1288 1229 additis
1324 1186 1459 1229 verbis
1491 1187 1541 1229 de
1566 1186 1774 1230 Retio-ma-

142 1257 264 1307 tione,
300 1260 341 1299 ut
375 1262 648 1300 secernantur
696 1271 717 1299 a
767 1256 954 1300 Decretis
1003 1257 1305 1300 doctrinalibus
1352 1270 1458 1314 quae
1509 1259 1777 1301 inveniuntur

141 1327 248 1383 apud
286 1327 452 1370 easdem
487 1329 705 1370 sessiones.
752 1327 836 1370 lmo
881 1329 919 1370 in
964 1327 1217 1371 sessionibus
1252 1327 1380 1370 xxiv
1415 1333 1451 1370 et
1491 1327 1599 1370 XXY
1634 1329 1775 1371 distin-

141 1398 303 1454 guenda
338 1402 471 1441 sunta
492 1397 679 1442 Decretis
697 1400 748 1442 de
772 1398 860 1442 Res.
884 1398 963 1442 alia
990 1398 1162 1442 Decreta
1204 1415 1221 1439 (s
1247 1399 1297 1442 de
1323 1400 1616 1442 rel'ormalione
1643 1402 1773 1442 matri-

143 1471 312 1511 monii»
369 1471 405 1511 in
456 1482 556 1513 sess.
606 1468 735 1512 xxiv
776 1474 815 1513 et
859 1470 954 1513 «de
996 1469 1269 1526 Regularibus
1307 1475 1343 1513 et
1389 1469 1680 1513 monialibus»
1737 1473 1772 1513 in

140 1552 238 1582 sess.
278 1538 402 1581 XXV.
439 1539 684 1583 Huiusmodi
731 1539 905 1584 Decreta
940 1540 1220 1596 disciplinaria
1260 1543 1339 1583 tim
1377 1546 1634 1597 consequuta
1683 1546 1774 1583 sunt

142 1610 358 1653 iuridicam
396 1624 446 1653 ex
481 1613 796 1655 confirmatione
829 1625 876 1655 ac
918 1611 1196 1667 publicatione
1236 1612 1291 1653 l'ii
1330 1611 1377 1654 tv
1415 1625 1486 1667 per
1525 1614 1612 1654 eius
1645 1617 1773 1655 const.

148 1699 165 1719 c<
193 1679 440 1725 Benedictus
461 1681 569 1725 Deus
593 1698 612 1722 ³>
652 1682 733 1725 diei
760 1682 812 1725 ⁶26
840 1682 921 1725 lan.
953 1682 1076 1735 1564,
1098 1688 1272 1738 excepto
1297 1695 1387 1738 cap.
1422 1698 1439 1722 «
1465 1681 1639 1724 'l'ainetsi
1667 1700 1684 1719 n
1724 1683 1774 1725 de

142 1752 259 1794 cuitis
294 1752 627 1809 promulgatione
661 1752 780 1796 aliter
813 1758 979 1796 cautum
1017 1756 1053 1795 in
1090 1768 1136 1795 eo
1172 1756 1258 1809 ipso
1295 1755 1382 1796 l'nit.

262 1822 329 1865 33.
366 1824 585 1869 Bullaria
616 1828 707 1866 sunt
749 1823 1014 1867 collectiones
1055 1826 1255 1879 primitae.
1291 1826 1322 1865 si
1361 1826 1593 1879 excipiatur
1629 1823 1772 1866 saltem

146 1893 202 1935 1¹²S
226 1898 361 1937 tomus
397 1894 563 1938 Bullarii
601 1894 750 1937 Roned.
778 1893 882 1945 X1V,
918 1900 1122 1952 quatenus
1155 1897 1242 1937 eius
1269 1897 1514 1937 auctoritate
1549 1904 1605 1937 est
1641 1895 1774 1937 editus

142 1976 187 2007 ac
222 1964 471 2008 documenta
522 1968 648 2021 ipsius
697 1965 933 2009 authentica
977 1970 1083 2010 sunt.
1136 1965 1230 2008 lllae
1265 1965 1532 2008 collectiones
1565 1968 1772 2008 continent

145 2034 279 2078 Bullas
313 2041 350 2079 et
385 2036 486 2079 alias
519 2036 723 2093 Epistolas
768 2036 1045 2079 Romanorum
1085 2037 1346 2079 l'ontilicum.
1385 2036 1604 2079 ltullariuin
1631 2035 1775 2078 Roma-

141 2119 238 2149 num
289 2111 456 2150 auctum
507 2113 545 2150 et
594 2109 879 2157 continuatum
931 2109 1002 2150 l'nit
1053 2108 1210 2150 editum
1261 2120 1280 2149 a
1326 2106 1470 2149 (Iarolo
1504 2106 1773 2163 (Iocquelines

140 2177 306 2221 saeculo
332 2177 457 2220 XVlll
493 2180 611 2221 annis
646 2178 773 2221 ati-*tt
814 2177 967 2221 Romae
1002 2183 1038 2221 et
1077 2178 1340 2234 protenditur
1373 2191 1392 2220 a
1428 2177 1560 2220 Leone
1598 2177 1606 2219 l
1643 2191 1771 2232 usque

140 2248 188 2291 ad
214 2248 342 2291 Clem.
369 2248 438 2292 Xll
467 2248 683 2293 inclusive.
720 2249 808 2292 Alia
835 2250 961 2292 editio
984 2248 1253 2292 Taurinensis
1278 2250 1382 2291 lacta
1407 2253 1464 2291 est
1489 2248 1653 2291 saeculo
1680 2246 1767 2289 ΧΙΧ

140 2331 238 2362 cura
273 2319 435 2376 collegii
473 2322 631 2363 romani
666 2319 816 2363 adlecti
861 2333 908 2362 ex
952 2319 1154 2375 theologis
1199 2332 1246 2362 ac
1279 2321 1514 2362 canonistis.
1558 2318 1767 2374 Tanquam

142 2389 250 2432 illius
285 2389 449 2433 Bullarii
485 2393 752 2448 prosequutio
777 2393 935 2434 censeri
973 2395 1102 2446 potest
1129 2390 1353 2433 Bullarium
1393 2389 1540 2433 Bened.
1570 2388 1669 2434 xit,
1705 2391 1768 2431 cui

139 2459 406 2518 subsequitur
443 2477 462 2502 ((
488 2462 655 2505 Bullarii
684 2462 853 2505 Romani
879 2462 1140 2504 Continualio
1167 2478 1185 2502 »
1224 2474 1243 2504 a
1279 2461 1406 2504 (ilem.
1436 2460 1519 2503 Xlll
1559 2474 1684 2516 nsque
1718 2460 1765 2501 ad

140 2531 262 2586 tlreg.
298 2531 387 2574 xv!
423 2532 650 2587 exclusite,
685 2546 790 2590 quae
826 2533 979 2577 Romae
1015 2535 1085 2576 l'uit
1121 2533 1229 2575 edita
1270 2532 1473 2575 18:313-355.

261 2602 328 2644 34.
365 2604 488 2649 Acta
520 2604 643 2659 Greg.
671 2602 760 2646 XYl
797 2617 926 2659 usque
960 2604 1009 2646 ad
1049 2603 1159 2645 l'ium
1197 2602 1229 2644 X
1265 2604 1501 2645 successite.
1534 2606 1624 2642 sunt
1660 2601 1764 2641 edita

140 2674 258 2715 cinus
293 2675 485 2728 postremi
536 2673 708 2716 Romani
747 2674 956 2717 l'ontilicis
992 2673 1304 2716 memorandum
1357 2677 1412 2714 est
1466 2671 1680 2713 Decretum
1718 2684 1763 2711 ex

139 2742 369 2786 Sec-telaria
403 2744 541 2787 Status
576 2746 584 2766 ¹
623 2747 732 2787 circa
782 2744 907 2788 libros
947 2760 965 2783 ((
991 2745 1088 2786 Acta
1128 2743 1181 2785 l'it
1220 2743 1289 2786 l’l‘.
1315 2742 1342 2784 X
1372 2760 1389 2779 ³>
1430 2741 1478 2782 ‘le’
1524 2740 1763 2797 promissum·

259 2898 268 2919 1
296 2898 342 2930 2⁴5
370 2897 460 2930 Dee.
492 2897 594 2930 1913.
