1950 3313
155 141 200 175 76
674 140 759 175 Lm.
784 140 816 174 I.
847 161 858 166 -
884 142 1056 176 ,Nor-mae
1076 143 1274 186 yenerales

154 260 347 315 quamvis
380 271 458 301 non
494 258 741 302 excludatur
772 259 940 303 forsitan
984 260 1141 304 directa
1175 274 1340 319 quoque
1377 263 1585 305 sociorum
1625 261 1780 307 utilitas

153 333 321 385 propter
361 328 584 385 specialem
627 331 837 373 societatis
877 334 1083 386 naturam,
1116 331 1226 389 quod
1270 331 1473 376 absdubio
1506 333 1779 376 asserendum

150 403 209 443 est
243 399 294 443 de
328 399 613 443 iurisdictione
646 402 774 457 ipsius
806 399 1016 444 Ecclesiae
1044 400 1096 445 ob
1116 402 1366 458 peculiarem
1391 404 1520 459 ipsius
1543 404 1683 458 linem,
1708 405 1778 461 qui

150 475 209 513 est
241 469 352 513 salus
384 471 617 514 animarum
654 473 692 513 in
726 470 901 527 singulis
934 471 1127 515 fidelibus
1161 473 1443 529 promovenda
1483 473 1655 528 directe,
1687 477 1778 518 sive

150 539 217 583 illa
253 544 431 596 potestas
459 546 712 584 exerceatur
742 540 952 585 socialiter
983 543 1073 585 sive
1108 545 1316 598 privatim.
1343 569 1388 574 —
1435 543 1560 587 «Lex
1589 557 1687 588 vero
1711 558 1776 588 ec-

149 610 378 654 clesiastica
402 627 441 665 »,
464 613 497 654 si
531 610 643 669 loqui
676 613 843 668 proprie
870 611 1058 664 velimus,
1078 618 1136 656 est
1161 613 1328 670 quidem
1353 614 1559 657 ordinatio
1592 617 1778 670 rationis,

148 695 220 724 seu
253 686 466 725 statutum.
501 681 600 725 Item
626 682 857 726 secundum
882 682 1094 739 Digestum
1123 684 1150 725 ¹.
1180 699 1199 724 (‹
1224 683 1305 728 Lex
1331 690 1392 728 est
1415 698 1635 729 commune
1659 699 1777 742 prae-

149 757 313 808 ceptum
341 770 376 802 ἡ,
411 753 522 810 quod
555 765 578 796 a
613 766 711 796 vero
746 753 968 809 Superiore
1003 760 1232 810 promanat,
1257 755 1327 798 sed
1362 754 1486 799 habet
1507 755 1585 799 sibi
1609 759 1778 800 omnino

147 825 375 879 proprium,
410 824 520 881 quod
557 823 744 880 procedit
775 823 826 867 ab
861 823 1072 868 Ecclesiae
1097 825 1382 869 iurisdictione
1415 839 1488 869 seu
1523 826 1688 883 publica
1713 840 1776 871 re-

147 896 313 950 giminis
348 899 561 951 potestate,
586 907 633 938 ac
657 895 814 938 directe
839 897 876 937 in
903 894 1054 939 bonum
1084 909 1306 939 commune
1341 899 1413 953 ipsi
1448 899 1632 941 societati
1661 910 1777 954 prae-

147 966 273 1008 lixum
310 964 361 1008 ab
394 965 579 1008 eiusdem
615 964 765 1008 Divino
798 963 1033 1009 Conditore.

265 1036 331 1078 60.
367 1036 576 1088 Statum,
606 1038 744 1092 leges
777 1050 836 1082 ac
869 1041 1139 1094 praecepta
1173 1039 1345 1083 stricto
1378 1052 1540 1084 sensu.
1575 1037 1679 1082 Hinc
1712 1052 1775 1083 se-

147 1109 300 1164 quitur,
336 1107 443 1164 quod
485 1122 506 1146 «
528 1111 679 1149 statuta
702 1122 723 1147 ))
761 1108 904 1150 stricto
937 1120 1058 1150 sensu
1093 1113 1188 1150 sunt
1220 1108 1514 1155 ordinationes.
1548 1122 1775 1166 quaeaca-

144 1177 284 1234 pitulis
317 1178 421 1220 fiunt
456 1176 519 1220 vel
554 1190 575 1220 a
614 1177 1026 1221 confraternitatibus
1064 1177 1220 1235 absque
1259 1178 1341 1222 ulla
1379 1182 1674 1241 *superioritate
1711 1181 1774 1224 vel

143 1249 443 1303 iurisdictione,
477 1250 672 1306 quamvis
706 1249 877 1291 forsitan
912 1262 961 1292 ex
986 1252 1276 1304 contentione,
1305 1250 1366 1293 vel
1403 1253 1668 1295 oeconomica
1703 1254 1777 1295 uti-

144 1318 268 1362 litate.
304 1317 481 1361 Econtra
517 1317 628 1372 leges
661 1317 967 1362 ecclesiasticae
1003 1321 1218 1376 requirunt
1252 1318 1295 1376 a)
1331 1322 1369 1362 in
1404 1333 1473 1363 eas
1505 1321 1659 1364 ferente
1692 1324 1774 1378 spi-

143 1389 333 1432 ritualem
368 1389 697 1432 iurisdictionem
732 1390 807 1431 tori
842 1391 1016 1444 externi,
1042 1395 1079 1432 et
1111 1389 1206 1433 hinc
1240 1390 1353 1446 leges
1387 1404 1465 1433 non
1500 1397 1634 1445 erunt,
1668 1405 1774 1449 quae

143 1463 180 1502 vi
218 1462 299 1503 voti
345 1459 549 1516 religiosis
591 1462 964 1516 congregationum
1005 1463 1127 1503 etiarn
1174 1464 1451 1504 communiter
1491 1465 1771 1519 iniungantur.

141 1531 238 1574 lten]
274 1530 309 1585 b)
333 1544 500 1574 necesse
533 1535 593 1573 est
628 1532 850 1587 respiciant
883 1531 1044 1574 directe
1070 1531 1220 1575 bonum
1257 1534 1385 1588 ipsius
1412 1532 1635 1587 Ecclesiae,
1661 1535 1769 1591 quod

140 1601 312 1645 resultat
360 1615 408 1644 ex
459 1601 639 1658 plurium
686 1600 861 1655 actibus,
899 1604 1012 1644 iuxta
1059 1602 1157 1645 illud
1194 1601 1349 1659 Digesti
1385 1603 1399 1625 ²
1447 1603 1580 1647 «lura
1618 1617 1696 1647 non
1732 1606 1770 1647 in

139 1673 323 1729 singulas
358 1678 564 1728 personas,
599 1672 668 1715 sed
705 1671 955 1728 generaliter
990 1675 1360 1716 constituuntur».
1395 1673 1444 1717 Et
1476 1688 1570 1718 cun}
1596 1674 1672 1719 hoc
1708 1675 1774 1719 bo-

138 1757 252 1798 nnm,
285 1748 426 1799 utpote
475 1742 685 1787 Ecclesiae
733 1756 839 1800 (piae
887 1756 1052 1799 semper
1102 1744 1235 1799 durat,
1280 1748 1519 1788 conservari
1571 1751 1772 1802 perpetuo

137 1819 337 1871 oporteat,
374 1814 436 1857 lex
473 1813 751 1858 ecclesiastica
787 1817 824 1871 e)
857 1828 906 1857 ex
944 1820 1091 1857 natura
1136 1816 1383 1867 suasertur
1427 1818 1464 1859 in
1512 1823 1770 1873 perpetuum.

137 1887 235 1931 lino.
271 1890 313 1928 ut
348 1885 498 1942 legitur
531 1887 569 1927 in
596 1884 762 1942 Digesto
787 1885 829 1926 ³:
871 1901 890 1926 «
917 1884 973 1928 Ex
1009 1885 1070 1928 llis
1104 1898 1210 1942 quae
1245 1887 1348 1930 sorte
1382 1900 1464 1931 uno
1499 1887 1637 1945 aliquo
1671 1901 1767 1932 casu

135 1957 326 2000 accidere
377 1961 557 2012 possunt,
608 1958 696 1999 iura
745 1969 824 1998 non
874 1958 1242 2001 constituuntur».
1284 1973 1302 1998 z(
1329 1956 1430 2001 Nam
1467 1958 1516 2001 ad
1553 1971 1598 2001 ea
1635 1961 1769 2015 potius

136 2028 256 2071 debet
290 2030 421 2083 aptari
458 2029 533 2081 ius,
567 2040 674 2084 quae
708 2033 747 2070 et
780 2028 1019 2084 frequenter
1052 2032 1088 2070 et
1126 2027 1260 2077 facile,
1295 2041 1417 2085 quan]
1454 2041 1559 2086 quac
1600 2042 1769 2085 perraro

135 2100 333 2141 eveniunt
357 2114 394 2142 )).
432 2124 483 2128 —-
519 2098 878 2155 Quandocumque
913 2111 1012 2154 ergo
1045 2098 1213 2155 aliquod
1249 2098 1396 2142 horum
1431 2099 1596 2143 deficiat
1632 2102 1767 2157 requi-

133 2171 270 2212 situm.
295 2169 499 2211 ordinatio
526 2170 694 2211 rationis
729 2170 935 2224 practicae
960 2171 1107 2225 poterit
1136 2171 1275 2212 vocari
1302 2174 1516 2224 statutum,
1544 2170 1606 2213 vet
1642 2173 1767 2214 etiam

135 2244 415 2295 praeceptum,
450 2241 480 2281 si
517 2252 567 2282 ex
601 2242 846 2282 auctoritate
880 2241 1074 2296 quamvis
1109 2239 1273 2295 publica
1309 2241 1561 2296 iniungatur,
1595 2241 1664 2284 sed
1701 2241 1766 2284 de-

133 2311 243 2354 liciet
277 2310 367 2365 plus
402 2312 591 2352 minusve
624 2322 645 2352 a
682 2312 846 2366 propria
881 2309 983 2366 legis
1017 2309 1323 2354 ecclesiasticae
1358 2316 1516 2355 natura.

252 2381 318 2425 ol.
355 2381 606 2426 Canonum
645 2382 905 2426 distinctio.
958 2379 1085 2436 Leges
1119 2381 1425 2424 ecclesiasticae
1470 2387 1637 2438 possunt
1677 2394 1765 2425 esse

131 2463 171 2505 a)
189 2450 417 2507 generales,
430 2451 504 2493 lioc
524 2456 581 2493 est
601 2453 688 2493 sine
708 2451 865 2493 directa
893 2453 1151 2494 restrictione
1171 2451 1219 2494 ad
1243 2453 1439 2494 territorii
1462 2451 1765 2506 limitationem,

131 2521 387 2578 proindeque
419 2533 439 2563 a
474 2534 667 2579 suprema
702 2520 911 2564 Ecclesiae
948 2526 1160 2576 potestate,
1193 2521 1232 2577 h)
1259 2522 1530 2577 particulares
1557 2536 1654 2566 vero
1691 2536 1762 2577 pro

130 2591 403 2634 determinato
439 2593 660 2643 territorio,
694 2593 782 2634 sive
806 2604 828 2633 a
851 2604 1045 2646 suprema
1081 2593 1172 2634 sive'
1203 2591 1253 2634 al)
1289 2593 1483 2635 inferiore
1516 2592 1666 2635 dentur
1701 2605 1766 2648 po-

131 2667 288 2705 testate.
324 2661 418 2704 lllae
444 2665 599 2704 tantum
627 2663 664 2703 in
691 2660 842 2705 Codice
870 2666 1071 2704 vocantur
1109 2677 1128 2702 ((
1153 2674 1332 2705 canones
1356 2678 1375 2703 »
1407 2665 1586 2718 proprie.
1620 2662 1722 2706 Nam
1749 2663 1763 2684 4

133 2731 314 2775 «Canon
349 2744 511 2788 graece,
547 2731 670 2775 latine
704 2731 843 2788 regula
881 2737 1188 2788 nuncupatur»
1227 2738 1265 2776 et
1305 2733 1508 2790 «Regula
1544 2733 1653 2776 dicta
1688 2739 1761 2787 est,

250 2838 258 2858 ¹
287 2837 372 2870 Lib.
401 2837 420 2870 I
445 2837 510 2870 tit.
540 2838 561 2870 3
589 2837 614 2870 l.
646 2839 677 2870 1.
708 2837 752 2871 D.
793 2857 836 2862 —
875 2837 889 2858 2
914 2837 1004 2871 Loc.
1035 2837 1101 2871 cit.
1131 2837 1156 2870 1.
1185 2838 1219 2871 8.
1261 2858 1302 2862 —
1342 2839 1355 2860 3
1382 2838 1466 2874 Lib.
1492 2838 1511 2871 Ι
1538 2838 1600 2872 tit.
1627 2838 1649 2872 3
1675 2838 1764 2873 114

129 2888 170 2918 et
196 2886 229 2918 5.
264 2884 304 2919 D.
333 2904 374 2908 —
402 2886 414 2905 ⁴
443 2884 535 2918 Dec.
566 2884 759 2928 Gratiani,
791 2884 894 2918 Dist.
924 2884 995 2927 ΠΙ,
1026 2896 1106 2929 cap.
1141 2889 1151 2918 1
1184 2890 1223 2918 et
1250 2886 1284 2918 Q.
