1950 3313
102 151 168 189 102
564 148 647 181 121ss.
673 147 720 181 V.
750 167 762 171 -
788 146 899 180 PARS
924 145 976 180 ΙΙ.
1005 166 1017 171 -
1043 146 1101 180 De
1119 148 1258 191 poenis
1511 143 1604 180 Can.
1633 143 1728 179 2246

217 268 284 310 70.
322 266 690 312 Reservationis
723 265 979 317 institutio,
1002 265 1345 321 interpretatio
1368 267 1519 321 atque
1551 266 1728 309 virtua-

99 342 227 385 litas.
260 364 303 368 —
331 337 386 379 De
411 336 487 378 hoc
511 337 712 378 canonico
731 336 917 377 instituto
937 334 1072 390 placet
1092 335 1244 378 referre
1265 334 1393 378 verba
1414 333 1565 377 Bened.
1587 332 1676 376 XlV
1697 333 1725 388 ¹,

99 422 205 467 quae
238 406 501 462 disciplinam
549 405 866 461 praecedentem
903 409 1198 459 conmostrant,
1238 405 1334 448 dum
1380 406 1725 448 commentarium

98 493 182 536 seq.
217 492 306 521 can.
342 476 459 520 nobis
493 476 674 519 tradunt.
714 475 872 519 «Ratio
905 488 953 518 ac
998 475 1215 519 methodus
1252 488 1274 519 3
1317 490 1368 519 ss.
1405 475 1633 519 canonibus
1675 475 1724 518 ad

100 550 281 593 debitam
316 561 336 591 a
372 546 690 591 contumacibus
713 546 991 591 obedientiam
1017 547 1266 603 exigendam
1292 549 1562 604 praescripta.
1583 559 1628 589 ea
1654 550 1726 600 est,

101 625 141 662 ut
176 622 213 661 in
251 620 419 661 maximi
457 619 652 660 momenti
693 619 873 661 causis...
908 630 1109 660 censurae
1148 617 1439 671 adhibeantur,
1474 622 1513 660 et
1547 621 1589 660 ut
1623 619 1728 659 inter

98 703 217 733 casus
251 692 485 732 reservatos
519 687 575 730 illi
610 690 733 731 etiam
759 688 1014 744 adiungendi
1049 690 1142 742 sint,
1177 701 1197 730 a
1223 687 1374 745 quibus
1407 688 1631 748 discrimen
1655 686 1730 730 Re-

98 760 237 818 ligioni
263 765 387 816 atque
410 761 582 802 exitium
610 760 829 801 imminere
855 759 1163 814 praevideatur.
1192 758 1321 801 Probe
1345 763 1485 801 notum
1513 757 1630 801 vobis
1653 762 1727 812 est,

97 833 136 874 S.
160 830 269 873 Trid.
304 828 534 874 Concilium
571 829 868 872 iurisdictionis
914 833 1076 872 vestrae
1111 830 1293 872 tirmitati
1337 829 1605 884 consuluisse,
1639 833 1725 871 tum

97 915 190 946 cum
215 901 522 956 vobismetipsis
539 902 603 943 ius
627 900 868 943 reservandi
893 912 1012 943 casus
1030 902 1229 952 asseruit;
1253 913 1386 957 neque
1405 913 1474 942 eos
1492 899 1541 942 ad
1562 898 1726 955 publica

97 977 255 1016 tantum
290 973 468 1015 crimina
503 973 729 1025 restrinxit,
769 983 914 1013 verum
947 973 1069 1013 etiam
1106 970 1408 1013 adatrociora
1441 975 1480 1012 et
1509 969 1726 1027 yrcwiorffl

96 1042 323 1085 dummodo
358 1054 470 1084 mere
503 1042 663 1084 interna
700 1054 777 1083 non
813 1043 906 1083 sint.
943 1040 1143 1094 extendit,
1176 1045 1301 1097 atque
1343 1039 1572 1096 ampliavit.
1607 1038 1726 1084 Com-

97 1113 236 1169 plures
267 1117 404 1155 autem
439 1111 491 1155 ab
527 1114 697 1155 huiusce
732 1110 875 1154 Almae
907 1110 1029 1154 Urbis
1054 1115 1216 1153 nostrae
1240 1110 1388 1167 Congr.
1425 1113 1463 1153 in
1500 1112 1626 1153 variis
1650 1109 1726 1153 De-

95 1186 232 1239 cretis,
265 1188 304 1226 et
337 1182 498 1239 encycl.
523 1182 708 1238 epistolis
731 1182 932 1231 decisum,
966 1194 1012 1224 ac
1038 1184 1354 1237 pronunciatum
1379 1182 1467 1235 fuit,
1501 1184 1728 1224 atrociores

96 1256 216 1307 inter,
249 1259 373 1311 atque
404 1255 623 1309 graviores
657 1265 789 1304 casus,
833 1266 903 1295 eos
938 1255 1143 1295 recenseri
1189 1252 1357 1297 debere.
1403 1253 1452 1295 ad
1487 1265 1591 1310 quos
1636 1265 1725 1307 pro·

95 1325 292 1369 cliviores
328 1325 514 1367 homines
547 1328 712 1375 sunt,et
747 1326 815 1380 qui
841 1326 1108 1366 coniunctam
1130 1322 1437 1366 ecclesiasticae
1470 1322 1726 1379 disciplinae,

95 1398 184 1439 sive
215 1395 358 1438 salutis
390 1397 639 1445 animarum,
674 1407 780 1451 quae
812 1393 1035 1450 episcopali
1070 1406 1195 1436 curae
1229 1396 1475 1437 commissae
1508 1398 1617 1446 sunt,
1643 1407 1729 1449 per-

96 1468 246 1510 niciem
283 1466 458 1519 liabent,
492 1465 848 1522 quemadmodum
884 1477 904 1507 a
940 1464 1066 1507 Nobis
1101 1466 1137 1506 in
1175 1469 1312 1507 nostro
1358 1469 1532 1507 tractatu
1568 1464 1619 1507 de
1652 1464 1724 1520 Sy-

97 1537 204 1580 nodo
238 1537 457 1580 diocesana
478 1535 493 1557 2
529 1537 616 1579 l'use
650 1540 859 1579 ostensum
896 1541 953 1578 est
976 1552 1013 1576 υ.

214 1607 329 1650 Hanc
364 1609 511 1650 retinet
545 1608 798 1649 adamussim
826 1606 1089 1663 disciplinam
1114 1620 1204 1650 can.
1229 1608 1369 1650 2246.
1402 1606 1430 1664 ἓ
1454 1609 1488 1648 1.
1514 1605 1575 1651 Ne
1597 1619 1728 1648 reser-

97 1684 214 1721 relnr
245 1678 297 1722 ab
330 1675 565 1722 Ordinariis
598 1691 775 1720 censura
817 1677 1039 1735 quaelibet,
1080 1674 1200 1720 secus
1229 1693 1246 1717 <‹
1267 1679 1574 1720 reservationes
1607 1681 1729 1720 erunt

95 1752 263 1793 omnino
299 1749 624 1801 revocandae»,
658 1750 713 1790 uti
751 1750 1015 1804 praescripsit
1063 1750 1100 1790 in
1135 1761 1231 1791 casu
1272 1747 1310 1790 S.
1329 1746 1478 1804 Congr.
1513 1747 1564 1791 de
1610 1747 1725 1803 Prop.

96 1819 191 1863 Fide
210 1820 238 1875 3,
272 1819 357 1861 nisi
389 1824 552 1861 attenta
585 1818 625 1875 a)
646 1818 860 1876 peculiari
886 1818 1101 1875 yrarilale
1123 1817 1372 1861 deliclornni
1398 1823 1566 1874 propter
1591 1817 1723 1874 legem

98 1890 159 1933 vel
196 1895 464 1946 praeceptum
501 1903 680 1947 quocum
711 1891 907 1932 statuitur
941 1894 1167 1943 reservata,
1200 1893 1237 1931 e!
1259 1889 1380 1931 simul
1416 1887 1455 1946 b)
1480 1889 1728 1931 necessitate

94 1961 235 2019 aptius
266 1959 519 2017 providendi
550 1959 806 2018 disciplinae
839 1959 1163 2011 ecclesiasticae,
1198 1973 1269 2002 seu
1314 1962 1497 2003 externis
1540 1959 1724 2002 fidelium

93 2031 325 2075 actionibus
362 2045 434 2086 per
466 2045 517 2075 ss.
554 2044 733 2074 canones
756 2031 1038 2083 dimetiendis,
1062 2036 1100 2072 el
1127 2029 1320 2073 medendi
1342 2030 1610 2073 conscientiis
1632 2029 1725 2086 fide-

94 2101 195 2144 lium
229 2104 287 2144 sic
320 2104 628 2144 aestimantium
665 2104 914 2158 gravitatem
950 2101 1115 2143 Illorum
1153 2100 1419 2157 peculiarem.

211 2171 311 2215 Cum
347 2185 396 2215 ex
434 2174 717 2214 reservatione
751 2171 1010 2227 adaugeatur
1038 2171 1259 2214 difficultas
1282 2170 1551 2214 absolutionis
1585 2184 1725 2214 censu-

95 2255 248 2287 rarum,
285 2247 395 2285 recte
441 2242 696 2285 subinfertur
734 2241 762 2299 ξ
794 2243 825 2284 2
857 2242 1020 2284 dicens:
1073 2241 1393 2284 Subamssendae
1441 2254 1720 2284 «censurae»

93 2312 315 2356 cuiuslibet
346 2312 397 2355 ab
431 2311 599 2354 homine
637 2312 697 2354 vel
733 2324 752 2354 a
792 2314 880 2354 iure
913 2311 1145 2354 reservatio
1189 2324 1269 2368 qua
1296 2311 1387 2354 talis
1420 2313 1541 2354 etiam
1584 2327 1602 2351 ((
1623 2311 1727 2367 Apo-

92 2383 261 2426 stolicae
280 2384 391 2435 Seni,
410 2398 432 2423 >)
461 2382 651 2425 striclam
676 2382 828 2440 recipit
851 2385 1035 2434 canonis,
1061 2384 1282 2438 praecepti,
1306 2384 1547 2435 sententiae,
1568 2382 1726 2438 legisve

93 2454 354 2511 particularis
373 2453 781 2510 interprelalionem,
811 2453 925 2495 salva
953 2455 1204 2508 proprietate
1232 2451 1469 2495 verborum.
1500 2452 1588 2495 Hoc
1614 2466 1728 2509 prae-

92 2527 290 2580 scriptum
326 2529 386 2567 est
418 2523 763 2579 comprehensum
798 2536 818 2566 3
854 2523 994 2578 regula
1021 2523 1073 2565 49
1100 2525 1199 2565 iuris
1223 2525 1260 2565 in
1287 2521 1353 2564 6⁰:
1385 2538 1404 2563 ((
1426 2522 1465 2565 ln
1492 2526 1634 2579 poenis
1659 2523 1727 2567 be-

92 2597 255 2650 nignior
288 2600 348 2637 est
382 2596 667 2649 interpretatio
702 2594 947 2637 facienda».
984 2593 1098 2636 Dixi:
1126 2596 1351 2636 reservatio
1385 2606 1463 2650 qua
1501 2593 1604 2648 talis,
1630 2606 1725 2643 nam

96 2665 133 2707 id
170 2664 382 2720 illegitime
416 2665 714 2707 extenderetur
747 2664 795 2706 ad
841 2663 1084 2707 absolvendi
1129 2663 1364 2706 facultatem
1410 2664 1520 2721 quod
1565 2666 1724 2715 attinet,

215 2795 225 2816 ¹
246 2793 315 2838 Ep.
335 2793 485 2838 encyel.
518 2794 581 2826 <A
611 2804 688 2837 quo
706 2793 905 2837 primum»
934 2793 975 2825 14
993 2793 1084 2827 Jun.
1107 2792 1211 2834 1751,
1233 2792 1300 2834 §8
1329 2813 1374 2817 —
1399 2793 1414 2814 2
1441 2793 1527 2826 Lib.
1549 2793 1581 2833 5,
1599 2803 1681 2836 cap.
1703 2792 1724 2825 5

93 2852 162 2885 per
188 2844 329 2876 totum.
358 2861 400 2865 —
419 2842 432 2862 ³
459 2840 579 2874 Instr.
608 2841 670 2884 (ad
700 2841 781 2874 Vie.
803 2841 876 2885 Ap.
900 2840 1136 2883 Sutchuen.)
1156 2840 1177 2872 6
1195 2839 1289 2873 dun.
1314 2840 1417 2883 1817,
1439 2852 1478 2873 n.
1495 2841 1517 2873 4
1536 2839 1725 2874 collecta-

96 2899 169 2921 nea
189 2888 212 2920 S
246 2888 287 2921 C.
317 2887 363 2921 de
390 2887 433 2921 P.
464 2888 506 2921 F.
536 2899 575 2920 n.
605 2888 686 2921 723.
