<?xml version="1.0" encoding="UTF-8"?>
<!DOCTYPE html PUBLIC "-//W3C//DTD XHTML 1.0 Transitional//EN"
    "http://www.w3.org/TR/xhtml1/DTD/xhtml1-transitional.dtd">
<html xmlns="http://www.w3.org/1999/xhtml" xml:lang="en" lang="en">
 <head>
  <title>
</title>
<meta http-equiv="Content-Type" content="text/html;charset=utf-8" />
  <meta name='ocr-system' content='tesseract 3.04.00' />
  <meta name='ocr-capabilities' content='ocr_page ocr_carea ocr_par ocr_line ocrx_word'/>
</head>
<body>
  <div class='ocr_page' id='page_1' title='image "./commentariumtext01blatuoft_0226.png"; bbox 0 0 1950 3313; ppageno 0'>
   <div class='ocr_carea' id='block_1_1' title="bbox 164 142 1792 204">
    <p class='ocr_par' dir='ltr' id='par_1_1' title="bbox 164 142 1792 204">
     <span class='ocr_line' id='line_1_1' title="bbox 164 142 1792 204; baseline 0.002 -10"><span class='ocrx_word' id='word_1_1' title='bbox 164 162 236 194; x_wconf 85' lang='grc'>214</span> <span class='ocrx_word' id='word_1_2' title='bbox 544 159 629 192; x_wconf 74' lang='lat' dir='ltr'>Lm.</span> <span class='ocrx_word' id='word_1_3' title='bbox 652 158 697 192; x_wconf 88' lang='lat' dir='ltr'>V.</span> <span class='ocrx_word' id='word_1_4' title='bbox 719 178 730 183; x_wconf 87' lang='lat'><em>—</em></span> <span class='ocrx_word' id='word_1_5' title='bbox 750 158 860 193; x_wconf 79' lang='lat' dir='ltr'><strong>PARS</strong></span> <span class='ocrx_word' id='word_1_6' title='bbox 878 158 949 193; x_wconf 83' lang='lat'>111.</span> <span class='ocrx_word' id='word_1_7' title='bbox 968 178 983 184; x_wconf 99' lang='lat'>-</span> <span class='ocrx_word' id='word_1_8' title='bbox 1000 159 1057 193; x_wconf 87' lang='lat' dir='ltr'>De</span> <span class='ocrx_word' id='word_1_9' title='bbox 1068 162 1208 204; x_wconf 78' lang='lat' dir='ltr'>poenis</span> <span class='ocrx_word' id='word_1_10' title='bbox 1226 162 1269 194; x_wconf 76' lang='lat' dir='ltr'>in</span> <span class='ocrx_word' id='word_1_11' title='bbox 1286 161 1425 195; x_wconf 74' lang='lat' dir='ltr'>delicta</span> <span class='ocrx_word' id='word_1_12' title='bbox 1536 142 1537 145; x_wconf 11' lang='grc' dir='ltr'><strong>Ἴ</strong></span> <span class='ocrx_word' id='word_1_13' title='bbox 1578 161 1671 197; x_wconf 78' lang='lat' dir='ltr'>Can.</span> <span class='ocrx_word' id='word_1_14' title='bbox 1697 162 1792 197; x_wconf 80' lang='lat'><strong>2323</strong></span> 
     </span>
    </p>
   </div>
   <div class='ocr_carea' id='block_1_2' title="bbox 1226 219 1487 228">
    <p class='ocr_par' dir='ltr' id='par_1_2' title="bbox 1226 219 1487 228">
     <span class='ocr_line' id='line_1_2' title="bbox 1226 219 1487 228; baseline 0 0"><span class='ocrx_word' id='word_1_15' title='bbox 1226 219 1487 228; x_wconf 95' lang='lat' dir='ltr'> </span> 
     </span>
    </p>
   </div>
   <div class='ocr_carea' id='block_1_3' title="bbox 151 277 1793 902">
    <p class='ocr_par' dir='ltr' id='par_1_3' title="bbox 151 277 1793 902">
     <span class='ocr_line' id='line_1_3' title="bbox 164 277 1792 337; baseline 0.001 -14"><span class='ocrx_word' id='word_1_16' title='bbox 164 280 237 323; x_wconf 88' lang='lat' dir='ltr'>Dei</span> <span class='ocrx_word' id='word_1_17' title='bbox 271 282 339 337; x_wconf 89' lang='lat' dir='ltr'>qui</span> <span class='ocrx_word' id='word_1_18' title='bbox 373 278 539 336; x_wconf 76' lang='lat' dir='ltr'>aliquod</span> <span class='ocrx_word' id='word_1_19' title='bbox 574 277 723 321; x_wconf 81' lang='lat' dir='ltr'>salsum</span> <span class='ocrx_word' id='word_1_20' title='bbox 757 277 808 321; x_wconf 91' lang='lat' dir='ltr'>de</span> <span class='ocrx_word' id='word_1_21' title='bbox 841 277 926 321; x_wconf 91' lang='lat' dir='ltr'>Deo</span> <span class='ocrx_word' id='word_1_22' title='bbox 959 280 1118 333; x_wconf 83' lang='lat' dir='ltr'>asserit,</span> <span class='ocrx_word' id='word_1_23' title='bbox 1152 291 1275 336; x_wconf 86' lang='lat' dir='ltr'>quam</span> <span class='ocrx_word' id='word_1_24' title='bbox 1310 281 1379 336; x_wconf 90' lang='lat' dir='ltr'>qui</span> <span class='ocrx_word' id='word_1_25' title='bbox 1426 292 1497 335; x_wconf 92' lang='lat' dir='ltr'>per</span> <span class='ocrx_word' id='word_1_26' title='bbox 1534 292 1684 323; x_wconf 90' lang='lat' dir='ltr'>nomen</span> <span class='ocrx_word' id='word_1_27' title='bbox 1721 279 1792 324; x_wconf 89' lang='lat' dir='ltr'>Dei</span> 
     </span>
     <span class='ocr_line' id='line_1_4' title="bbox 162 349 1793 408; baseline 0.001 -14"><span class='ocrx_word' id='word_1_28' title='bbox 162 350 327 408; x_wconf 82' lang='lat' dir='ltr'>aliquod</span> <span class='ocrx_word' id='word_1_29' title='bbox 365 349 511 392; x_wconf 81' lang='lat' dir='ltr'>falsum</span> <span class='ocrx_word' id='word_1_30' title='bbox 547 349 828 402; x_wconf 73' lang='lat' dir='ltr'>confirmat»,</span> <span class='ocrx_word' id='word_1_31' title='bbox 867 349 976 406; x_wconf 91' lang='lat' dir='ltr'>quod</span> <span class='ocrx_word' id='word_1_32' title='bbox 1013 351 1180 405; x_wconf 78' lang='lat' dir='ltr'>proprie</span> <span class='ocrx_word' id='word_1_33' title='bbox 1220 351 1446 405; x_wconf 89' lang='lat' dir='ltr'>periurium</span> <span class='ocrx_word' id='word_1_34' title='bbox 1482 349 1648 394; x_wconf 90' lang='lat' dir='ltr'>dicitur.</span> <span class='ocrx_word' id='word_1_35' title='bbox 1681 350 1793 395; x_wconf 80' lang='lat' dir='ltr'>Haec</span> 
     </span>
     <span class='ocr_line' id='line_1_5' title="bbox 161 418 1791 476; baseline -0.001 -11"><span class='ocrx_word' id='word_1_36' title='bbox 161 422 241 465; x_wconf 88' lang='lat' dir='ltr'>duo</span> <span class='ocrx_word' id='word_1_37' title='bbox 275 420 423 464; x_wconf 89' lang='lat' dir='ltr'>delicta</span> <span class='ocrx_word' id='word_1_38' title='bbox 468 421 720 463; x_wconf 86' lang='lat' dir='ltr'>coniunctim</span> <span class='ocrx_word' id='word_1_39' title='bbox 768 421 945 476; x_wconf 89' lang='lat' dir='ltr'>percutit</span> <span class='ocrx_word' id='word_1_40' title='bbox 995 422 1138 476; x_wconf 89' lang='lat' dir='ltr'>poenis</span> <span class='ocrx_word' id='word_1_41' title='bbox 1169 433 1260 463; x_wconf 72' lang='lat' dir='ltr'>ean.</span> <span class='ocrx_word' id='word_1_42' title='bbox 1292 421 1432 464; x_wconf 71' lang='lat'>2323.</span> <span class='ocrx_word' id='word_1_43' title='bbox 1472 418 1567 476; x_wconf 74' lang='lat' dir='ltr'>Qui,</span> <span class='ocrx_word' id='word_1_44' title='bbox 1601 421 1791 474; x_wconf 74' lang='lat' dir='ltr'>clericus,</span> 
     </span>
     <span class='ocr_line' id='line_1_6' title="bbox 160 489 1792 549; baseline 0 -13"><span class='ocrx_word' id='word_1_45' title='bbox 160 493 301 547; x_wconf 84' lang='lat' dir='ltr'>laicus,</span> <span class='ocrx_word' id='word_1_46' title='bbox 335 492 496 534; x_wconf 89' lang='lat' dir='ltr'>etiamsi</span> <span class='ocrx_word' id='word_1_47' title='bbox 535 490 735 534; x_wconf 75' lang='lat' dir='ltr'>alteruter</span> <span class='ocrx_word' id='word_1_48' title='bbox 777 492 829 533; x_wconf 87' lang='lat' dir='ltr'>sit</span> <span class='ocrx_word' id='word_1_49' title='bbox 873 490 1104 546; x_wconf 84' lang='lat' dir='ltr'>religiosus,</span> <span class='ocrx_word' id='word_1_50' title='bbox 1138 489 1503 549; x_wconf 75' lang='lat' dir='ltr'>blasphemaverit,</span> <span class='ocrx_word' id='word_1_51' title='bbox 1542 491 1605 534; x_wconf 84' lang='lat' dir='ltr'>vel</span> <span class='ocrx_word' id='word_1_52' title='bbox 1648 496 1692 535; x_wconf 91' lang='lat' dir='ltr'>ut</span> <span class='ocrx_word' id='word_1_53' title='bbox 1736 495 1792 537; x_wconf 83' lang='lat' dir='ltr'>ait</span> 
     </span>
     <span class='ocr_line' id='line_1_7' title="bbox 156 560 1791 619; baseline -0.001 -12"><span class='ocrx_word' id='word_1_54' title='bbox 156 562 277 619; x_wconf 86' lang='lat' dir='ltr'>Greg.</span> <span class='ocrx_word' id='word_1_55' title='bbox 324 561 433 616; x_wconf 70' lang='lat' dir='ltr'>lX1,</span> <span class='ocrx_word' id='word_1_56' title='bbox 481 566 668 605; x_wconf 85' lang='lat' dir='ltr'>«contra</span> <span class='ocrx_word' id='word_1_57' title='bbox 718 560 849 604; x_wconf 91' lang='lat' dir='ltr'>Deum</span> <span class='ocrx_word' id='word_1_58' title='bbox 903 561 964 604; x_wconf 89' lang='lat' dir='ltr'>vel</span> <span class='ocrx_word' id='word_1_59' title='bbox 1014 561 1194 618; x_wconf 79' lang='lat' dir='ltr'>aliquem</span> <span class='ocrx_word' id='word_1_60' title='bbox 1245 566 1482 605; x_wconf 88' lang='lat' dir='ltr'>sanctorum</span> <span class='ocrx_word' id='word_1_61' title='bbox 1532 575 1700 605; x_wconf 89' lang='lat' dir='ltr'>suorum</span> <span class='ocrx_word' id='word_1_62' title='bbox 1751 567 1791 606; x_wconf 91' lang='lat' dir='ltr'>et</span> 
     </span>
     <span class='ocr_line' id='line_1_8' title="bbox 157 630 1788 689; baseline -0.002 -12"><span class='ocrx_word' id='word_1_63' title='bbox 157 636 338 677; x_wconf 83' lang='lat' dir='ltr'>maxime</span> <span class='ocrx_word' id='word_1_64' title='bbox 370 633 537 676; x_wconf 77' lang='lat' dir='ltr'>Beatam</span> <span class='ocrx_word' id='word_1_65' title='bbox 577 630 804 689; x_wconf 79' lang='lat' dir='ltr'>Virginem,</span> <span class='ocrx_word' id='word_1_66' title='bbox 840 632 1021 689; x_wconf 89' lang='lat' dir='ltr'>linguam</span> <span class='ocrx_word' id='word_1_67' title='bbox 1058 634 1097 675; x_wconf 92' lang='lat' dir='ltr'>in</span> <span class='ocrx_word' id='word_1_68' title='bbox 1132 631 1431 689; x_wconf 80' lang='lat' dir='ltr'>blasphemiam</span> <span class='ocrx_word' id='word_1_69' title='bbox 1472 632 1788 687; x_wconf 73' lang='lat' dir='ltr'>relaxaverit»,</span> 
     </span>
     <span class='ocr_line' id='line_1_9' title="bbox 155 703 1788 763; baseline 0.001 -16"><span class='ocrx_word' id='word_1_70' title='bbox 155 705 263 763; x_wconf 92' lang='lat' dir='ltr'>quod</span> <span class='ocrx_word' id='word_1_71' title='bbox 303 720 325 745; x_wconf 85' lang='lat'>«</span> <span class='ocrx_word' id='word_1_72' title='bbox 348 717 497 747; x_wconf 89' lang='lat' dir='ltr'>nomen</span> <span class='ocrx_word' id='word_1_73' title='bbox 533 705 758 760; x_wconf 83' lang='lat' dir='ltr'>importare</span> <span class='ocrx_word' id='word_1_74' title='bbox 795 703 960 746; x_wconf 88' lang='lat' dir='ltr'>videtur</span> <span class='ocrx_word' id='word_1_75' title='bbox 992 703 1201 760; x_wconf 89' lang='lat' dir='ltr'>quandam</span> <span class='ocrx_word' id='word_1_76' title='bbox 1251 703 1562 759; x_wconf 82' lang='lat' dir='ltr'>derogationem</span> <span class='ocrx_word' id='word_1_77' title='bbox 1612 703 1788 748; x_wconf 89' lang='lat' dir='ltr'>alicuius</span> 
     </span>
     <span class='ocr_line' id='line_1_10' title="bbox 154 774 1785 830; baseline -0.001 -11"><span class='ocrx_word' id='word_1_78' title='bbox 154 775 396 820; x_wconf 84' lang='lat' dir='ltr'>excellentis</span> <span class='ocrx_word' id='word_1_79' title='bbox 438 775 645 827; x_wconf 75' lang='lat' dir='ltr'>bonitatis,</span> <span class='ocrx_word' id='word_1_80' title='bbox 690 776 872 817; x_wconf 82' lang='lat' dir='ltr'>maxime</span> <span class='ocrx_word' id='word_1_81' title='bbox 915 774 1084 817; x_wconf 78' lang='lat' dir='ltr'>divinae</span> <span class='ocrx_word' id='word_1_82' title='bbox 1109 789 1128 814; x_wconf 90' lang='lat'>))</span> <span class='ocrx_word' id='word_1_83' title='bbox 1153 774 1182 814; x_wconf 52' lang='grc' dir='ltr'>ἓ.</span> <span class='ocrx_word' id='word_1_84' title='bbox 1226 774 1362 830; x_wconf 84' lang='lat' dir='ltr'>Atque</span> <span class='ocrx_word' id='word_1_85' title='bbox 1400 776 1550 817; x_wconf 88' lang='lat' dir='ltr'>«sicut</span> <span class='ocrx_word' id='word_1_86' title='bbox 1595 774 1703 818; x_wconf 89' lang='lat' dir='ltr'>Deus</span> <span class='ocrx_word' id='word_1_87' title='bbox 1747 777 1785 817; x_wconf 93' lang='lat' dir='ltr'>in</span> 
     </span>
     <span class='ocr_line' id='line_1_11' title="bbox 151 844 1784 902; baseline -0.001 -12"><span class='ocrx_word' id='word_1_88' title='bbox 151 849 306 891; x_wconf 87' lang='lat' dir='ltr'>sanctis</span> <span class='ocrx_word' id='word_1_89' title='bbox 353 848 438 889; x_wconf 90' lang='lat' dir='ltr'>suis</span> <span class='ocrx_word' id='word_1_90' title='bbox 487 845 693 899; x_wconf 77' lang='lat' dir='ltr'>laudatur,</span> <span class='ocrx_word' id='word_1_91' title='bbox 728 847 971 901; x_wconf 83' lang='lat' dir='ltr'>inquantum</span> <span class='ocrx_word' id='word_1_92' title='bbox 1008 844 1230 887; x_wconf 85' lang='lat' dir='ltr'>laudantur</span> <span class='ocrx_word' id='word_1_93' title='bbox 1277 857 1401 900; x_wconf 89' lang='lat' dir='ltr'>opera</span> <span class='ocrx_word' id='word_1_94' title='bbox 1445 857 1551 902; x_wconf 88' lang='lat' dir='ltr'>quae</span> <span class='ocrx_word' id='word_1_95' title='bbox 1592 844 1703 888; x_wconf 90' lang='lat' dir='ltr'>Deus</span> <span class='ocrx_word' id='word_1_96' title='bbox 1746 848 1784 889; x_wconf 90' lang='lat' dir='ltr'>in</span> 
     </span>
    </p>
   </div>
   <div class='ocr_carea' id='block_1_4' title="bbox 148 915 1853 973">
    <p class='ocr_par' dir='ltr' id='par_1_4' title="bbox 148 915 1853 973">
     <span class='ocr_line' id='line_1_12' title="bbox 148 915 1853 973; baseline -0.001 -12"><span class='ocrx_word' id='word_1_97' title='bbox 148 919 305 961; x_wconf 87' lang='lat' dir='ltr'>sanctis</span> <span class='ocrx_word' id='word_1_98' title='bbox 337 917 477 971; x_wconf 77' lang='lat' dir='ltr'>efficit,</span> <span class='ocrx_word' id='word_1_99' title='bbox 512 918 565 959; x_wconf 88' lang='lat' dir='ltr'>ita</span> <span class='ocrx_word' id='word_1_100' title='bbox 599 920 638 959; x_wconf 90' lang='lat' dir='ltr'>et</span> <span class='ocrx_word' id='word_1_101' title='bbox 671 915 926 971; x_wconf 86' lang='lat' dir='ltr'>blasphemia</span> <span class='ocrx_word' id='word_1_102' title='bbox 961 927 1068 972; x_wconf 90' lang='lat' dir='ltr'>quae</span> <span class='ocrx_word' id='word_1_103' title='bbox 1101 916 1146 957; x_wconf 82' lang='lat' dir='ltr'>fit</span> <span class='ocrx_word' id='word_1_104' title='bbox 1170 917 1207 957; x_wconf 92' lang='lat' dir='ltr'>in</span> <span class='ocrx_word' id='word_1_105' title='bbox 1232 920 1408 970; x_wconf 75' lang='lat' dir='ltr'>sanctos,</span> <span class='ocrx_word' id='word_1_106' title='bbox 1433 929 1482 958; x_wconf 84' lang='lat' dir='ltr'>ex</span> <span class='ocrx_word' id='word_1_107' title='bbox 1513 919 1783 973; x_wconf 79' lang='lat' dir='ltr'>consequenti</span> <span class='ocrx_word' id='word_1_108' title='bbox 1850 936 1853 940; x_wconf 47' lang='grc'>’</span> 
     </span>
    </p>
   </div>
   <div class='ocr_carea' id='block_1_5' title="bbox 77 984 1783 2739">
    <p class='ocr_par' dir='ltr' id='par_1_5' title="bbox 77 984 1783 2603">
     <span class='ocr_line' id='line_1_13' title="bbox 150 984 1783 1042; baseline -0.001 -11"><span class='ocrx_word' id='word_1_109' title='bbox 150 992 190 1031; x_wconf 90' lang='lat' dir='ltr'>in</span> <span class='ocrx_word' id='word_1_110' title='bbox 226 987 355 1031; x_wconf 89' lang='lat' dir='ltr'>Deum</span> <span class='ocrx_word' id='word_1_111' title='bbox 391 986 657 1030; x_wconf 86' lang='lat' dir='ltr'>redundat».</span> <span class='ocrx_word' id='word_1_112' title='bbox 697 985 851 1028; x_wconf 86' lang='lat' dir='ltr'>«Deus</span> <span class='ocrx_word' id='word_1_113' title='bbox 899 990 1050 1037; x_wconf 70' lang='lat' dir='ltr'>autem,</span> <span class='ocrx_word' id='word_1_114' title='bbox 1086 990 1128 1028; x_wconf 86' lang='lat' dir='ltr'>ut</span> <span class='ocrx_word' id='word_1_115' title='bbox 1163 984 1386 1042; x_wconf 77' lang='lat' dir='ltr'>Dionysius</span> <span class='ocrx_word' id='word_1_116' title='bbox 1418 985 1518 1028; x_wconf 91' lang='lat' dir='ltr'>dicit</span> <span class='ocrx_word' id='word_1_117' title='bbox 1542 986 1570 1038; x_wconf 76' lang='lat'>³,</span> <span class='ocrx_word' id='word_1_118' title='bbox 1604 991 1664 1029; x_wconf 86' lang='lat' dir='ltr'>est</span> <span class='ocrx_word' id='word_1_119' title='bbox 1697 989 1783 1042; x_wconf 88' lang='lat' dir='ltr'>ipsa</span> 
     </span>
     <span class='ocr_line' id='line_1_14' title="bbox 148 1055 1783 1114; baseline -0.001 -11"><span class='ocrx_word' id='word_1_120' title='bbox 148 1061 328 1103; x_wconf 86' lang='lat' dir='ltr'>essentia</span> <span class='ocrx_word' id='word_1_121' title='bbox 379 1071 503 1102; x_wconf 85' lang='lat' dir='ltr'>verae</span> <span class='ocrx_word' id='word_1_122' title='bbox 549 1057 782 1101; x_wconf 83' lang='lat' dir='ltr'>bonitatis...</span> <span class='ocrx_word' id='word_1_123' title='bbox 818 1056 1083 1114; x_wconf 85' lang='lat' dir='ltr'>Quicumque</span> <span class='ocrx_word' id='word_1_124' title='bbox 1116 1069 1216 1112; x_wconf 91' lang='lat' dir='ltr'>ergo</span> <span class='ocrx_word' id='word_1_125' title='bbox 1260 1055 1324 1099; x_wconf 91' lang='lat' dir='ltr'>vel</span> <span class='ocrx_word' id='word_1_126' title='bbox 1370 1060 1493 1112; x_wconf 89' lang='lat' dir='ltr'>negat</span> <span class='ocrx_word' id='word_1_127' title='bbox 1533 1056 1686 1114; x_wconf 87' lang='lat' dir='ltr'>aliquid</span> <span class='ocrx_word' id='word_1_128' title='bbox 1733 1058 1783 1101; x_wconf 92' lang='lat' dir='ltr'>de</span> 
     </span>
     <span class='ocr_line' id='line_1_15' title="bbox 151 1126 1780 1187; baseline -0.002 -13"><span class='ocrx_word' id='word_1_129' title='bbox 151 1130 235 1174; x_wconf 89' lang='lat' dir='ltr'>Deo</span> <span class='ocrx_word' id='word_1_130' title='bbox 269 1129 377 1187; x_wconf 89' lang='lat' dir='ltr'>quod</span> <span class='ocrx_word' id='word_1_131' title='bbox 414 1131 449 1172; x_wconf 91' lang='lat' dir='ltr'>ei</span> <span class='ocrx_word' id='word_1_132' title='bbox 485 1130 694 1182; x_wconf 82' lang='lat' dir='ltr'>convenit,</span> <span class='ocrx_word' id='word_1_133' title='bbox 731 1127 794 1170; x_wconf 85' lang='lat' dir='ltr'>vel</span> <span class='ocrx_word' id='word_1_134' title='bbox 840 1129 986 1170; x_wconf 89' lang='lat' dir='ltr'>asserit</span> <span class='ocrx_word' id='word_1_135' title='bbox 1018 1127 1069 1170; x_wconf 86' lang='lat' dir='ltr'>de</span> <span class='ocrx_word' id='word_1_136' title='bbox 1103 1126 1187 1170; x_wconf 86' lang='lat' dir='ltr'>Deo</span> <span class='ocrx_word' id='word_1_137' title='bbox 1221 1126 1329 1183; x_wconf 91' lang='lat' dir='ltr'>quod</span> <span class='ocrx_word' id='word_1_138' title='bbox 1374 1128 1411 1169; x_wconf 90' lang='lat' dir='ltr'>ei</span> <span class='ocrx_word' id='word_1_139' title='bbox 1452 1139 1532 1169; x_wconf 90' lang='lat' dir='ltr'>non</span> <span class='ocrx_word' id='word_1_140' title='bbox 1572 1130 1780 1184; x_wconf 81' lang='lat' dir='ltr'>convenit,</span> 
     </span>
     <span class='ocr_line' id='line_1_16' title="bbox 147 1196 1782 1256; baseline -0.001 -13"><span class='ocrx_word' id='word_1_141' title='bbox 147 1201 322 1256; x_wconf 81' lang='lat' dir='ltr'>derogat</span> <span class='ocrx_word' id='word_1_142' title='bbox 365 1199 532 1242; x_wconf 90' lang='lat' dir='ltr'>divinae</span> <span class='ocrx_word' id='word_1_143' title='bbox 578 1197 761 1241; x_wconf 85' lang='lat' dir='ltr'>bonitati.</span> <span class='ocrx_word' id='word_1_144' title='bbox 797 1197 835 1240; x_wconf 86' lang='lat' dir='ltr'>Si</span> <span class='ocrx_word' id='word_1_145' title='bbox 871 1199 1068 1240; x_wconf 84' lang='lat' dir='ltr'>consistat</span> <span class='ocrx_word' id='word_1_146' title='bbox 1110 1201 1268 1239; x_wconf 89' lang='lat' dir='ltr'>tantum</span> <span class='ocrx_word' id='word_1_147' title='bbox 1305 1199 1343 1239; x_wconf 90' lang='lat' dir='ltr'>iu</span> <span class='ocrx_word' id='word_1_148' title='bbox 1378 1196 1517 1252; x_wconf 85' lang='lat' dir='ltr'>corde,</span> <span class='ocrx_word' id='word_1_149' title='bbox 1552 1201 1610 1240; x_wconf 86' lang='lat' dir='ltr'>est</span> <span class='ocrx_word' id='word_1_150' title='bbox 1645 1198 1782 1241; x_wconf 88' lang='lat' dir='ltr'>cordis</span> 
     </span>
     <span class='ocr_line' id='line_1_17' title="bbox 148 1267 1781 1327; baseline -0.002 -12"><span class='ocrx_word' id='word_1_151' title='bbox 148 1271 426 1327; x_wconf 76' lang='lat' dir='ltr'>blasphemia3</span> <span class='ocrx_word' id='word_1_152' title='bbox 467 1272 499 1313; x_wconf 90' lang='lat' dir='ltr'>si</span> <span class='ocrx_word' id='word_1_153' title='bbox 537 1274 674 1313; x_wconf 89' lang='lat' dir='ltr'>autem</span> <span class='ocrx_word' id='word_1_154' title='bbox 725 1270 909 1312; x_wconf 83' lang='lat' dir='ltr'>exterius</span> <span class='ocrx_word' id='word_1_155' title='bbox 959 1268 1131 1324; x_wconf 83' lang='lat' dir='ltr'>prodeat</span> <span class='ocrx_word' id='word_1_156' title='bbox 1178 1281 1251 1324; x_wconf 89' lang='lat' dir='ltr'>per</span> <span class='ocrx_word' id='word_1_157' title='bbox 1299 1267 1563 1322; x_wconf 77' lang='lat' dir='ltr'>locutionem,</span> <span class='ocrx_word' id='word_1_158' title='bbox 1597 1272 1657 1311; x_wconf 89' lang='lat' dir='ltr'>est</span> <span class='ocrx_word' id='word_1_159' title='bbox 1698 1271 1781 1312; x_wconf 89' lang='lat' dir='ltr'>oris</span> 
     </span>
     <span class='ocr_line' id='line_1_18' title="bbox 148 1334 1778 1398; baseline -0.002 -12"><span class='ocrx_word' id='word_1_160' title='bbox 148 1334 401 1398; x_wconf 84' lang='lat' dir='ltr'>blasphemia</span> <span class='ocrx_word' id='word_1_161' title='bbox 429 1357 467 1396; x_wconf 86' lang='grc'>)),</span> <span class='ocrx_word' id='word_1_162' title='bbox 502 1341 553 1384; x_wconf 91' lang='lat' dir='ltr'>de</span> <span class='ocrx_word' id='word_1_163' title='bbox 595 1352 676 1398; x_wconf 90' lang='lat' dir='ltr'>qua</span> <span class='ocrx_word' id='word_1_164' title='bbox 721 1340 888 1396; x_wconf 90' lang='lat' dir='ltr'>proprie</span> <span class='ocrx_word' id='word_1_165' title='bbox 933 1339 1115 1396; x_wconf 88' lang='lat' dir='ltr'>loquitur</span> <span class='ocrx_word' id='word_1_166' title='bbox 1153 1351 1298 1393; x_wconf 76' lang='lat' dir='ltr'>canon,</span> <span class='ocrx_word' id='word_1_167' title='bbox 1333 1341 1401 1395; x_wconf 91' lang='lat' dir='ltr'>qui</span> <span class='ocrx_word' id='word_1_168' title='bbox 1445 1338 1596 1381; x_wconf 88' lang='lat' dir='ltr'>deinde</span> <span class='ocrx_word' id='word_1_169' title='bbox 1639 1352 1778 1395; x_wconf 85' lang='lat' dir='ltr'>prose-</span> 
     </span>
     <span class='ocr_line' id='line_1_19' title="bbox 145 1409 1777 1471; baseline -0.002 -15"><span class='ocrx_word' id='word_1_170' title='bbox 145 1416 307 1471; x_wconf 92' lang='lat' dir='ltr'>quitur:</span> <span class='ocrx_word' id='word_1_171' title='bbox 357 1412 420 1455; x_wconf 68' lang='grc' dir='ltr'>υθέ</span> <span class='ocrx_word' id='word_1_172' title='bbox 464 1411 705 1470; x_wconf 64' lang='grc' dir='ltr'>ρθνίῑινὶῑιηι</span> <span class='ocrx_word' id='word_1_173' title='bbox 737 1410 918 1454; x_wconf 86' lang='lat' dir='ltr'>scilicet:</span> <span class='ocrx_word' id='word_1_174' title='bbox 968 1410 1232 1454; x_wconf 82' lang='lat' dir='ltr'>mendacium</span> <span class='ocrx_word' id='word_1_175' title='bbox 1279 1411 1510 1452; x_wconf 87' lang='lat' dir='ltr'>iuramento</span> <span class='ocrx_word' id='word_1_176' title='bbox 1553 1409 1777 1465; x_wconf 80' lang='lat' dir='ltr'>firmatum,</span> 
     </span>
     <span class='ocr_line' id='line_1_20' title="bbox 144 1480 1780 1543; baseline -0.002 -15"><span class='ocrx_word' id='word_1_177' title='bbox 144 1488 241 1543; x_wconf 86' lang='lat' dir='ltr'>quia</span> <span class='ocrx_word' id='word_1_178' title='bbox 265 1489 308 1528; x_wconf 89' lang='lat' dir='ltr'>ut</span> <span class='ocrx_word' id='word_1_179' title='bbox 332 1483 478 1540; x_wconf 86' lang='lat' dir='ltr'>probat</span> <span class='ocrx_word' id='word_1_180' title='bbox 500 1488 540 1526; x_wconf 89' lang='lat' dir='ltr'>et</span> <span class='ocrx_word' id='word_1_181' title='bbox 563 1482 744 1539; x_wconf 81' lang='lat' dir='ltr'>explicat</span> <span class='ocrx_word' id='word_1_182' title='bbox 766 1481 812 1525; x_wconf 90' lang='lat' dir='ltr'>D.</span> <span class='ocrx_word' id='word_1_183' title='bbox 837 1481 1015 1524; x_wconf 84' lang='lat' dir='ltr'>Thomas</span> <span class='ocrx_word' id='word_1_184' title='bbox 1034 1482 1072 1524; x_wconf 82' lang='lat'>⁴:</span> <span class='ocrx_word' id='word_1_185' title='bbox 1112 1496 1133 1522; x_wconf 81' lang='lat'>«</span> <span class='ocrx_word' id='word_1_186' title='bbox 1156 1480 1310 1527; x_wconf 84' lang='lat' dir='ltr'>falsitas</span> <span class='ocrx_word' id='word_1_187' title='bbox 1342 1485 1403 1523; x_wconf 90' lang='lat' dir='ltr'>est</span> <span class='ocrx_word' id='word_1_188' title='bbox 1426 1480 1477 1523; x_wconf 92' lang='lat' dir='ltr'>de</span> <span class='ocrx_word' id='word_1_189' title='bbox 1501 1482 1658 1523; x_wconf 89' lang='lat' dir='ltr'>ratione</span> <span class='ocrx_word' id='word_1_190' title='bbox 1692 1494 1780 1537; x_wconf 88' lang='lat' dir='ltr'>per-</span> 
     </span>
     <span class='ocr_line' id='line_1_21' title="bbox 145 1552 1777 1611; baseline -0.003 -12"><span class='ocrx_word' id='word_1_191' title='bbox 145 1558 239 1600; x_wconf 94' lang='lat' dir='ltr'>iurii</span> <span class='ocrx_word' id='word_1_192' title='bbox 266 1572 303 1605; x_wconf 86' lang='grc'>»</span> <span class='ocrx_word' id='word_1_193' title='bbox 338 1555 409 1598; x_wconf 91' lang='lat' dir='ltr'>sed</span> <span class='ocrx_word' id='word_1_194' title='bbox 445 1556 667 1611; x_wconf 87' lang='lat' dir='ltr'>praecipue</span> <span class='ocrx_word' id='word_1_195' title='bbox 711 1552 1027 1609; x_wconf 81' lang='lat' dir='ltr'>intelligendum</span> <span class='ocrx_word' id='word_1_196' title='bbox 1063 1557 1123 1595; x_wconf 89' lang='lat' dir='ltr'>est</span> <span class='ocrx_word' id='word_1_197' title='bbox 1155 1552 1207 1595; x_wconf 91' lang='lat' dir='ltr'>de</span> <span class='ocrx_word' id='word_1_198' title='bbox 1240 1553 1473 1594; x_wconf 72' lang='lat' dir='ltr'>iuramento</span> <span class='ocrx_word' id='word_1_199' title='bbox 1511 1553 1777 1607; x_wconf 87' lang='lat' dir='ltr'>promissorio</span> 
     </span>
     <span class='ocr_line' id='line_1_22' title="bbox 146 1621 1776 1684; baseline -0.004 -12"><span class='ocrx_word' id='word_1_200' title='bbox 146 1631 288 1672; x_wconf 89' lang='lat' dir='ltr'>contra</span> <span class='ocrx_word' id='word_1_201' title='bbox 322 1626 432 1684; x_wconf 87' lang='lat' dir='ltr'>quod</span> <span class='ocrx_word' id='word_1_202' title='bbox 467 1627 662 1668; x_wconf 87' lang='lat' dir='ltr'>emissum</span> <span class='ocrx_word' id='word_1_203' title='bbox 709 1623 859 1680; x_wconf 86' lang='lat' dir='ltr'>aliquis</span> <span class='ocrx_word' id='word_1_204' title='bbox 901 1625 1033 1679; x_wconf 90' lang='lat' dir='ltr'>egerit</span> <span class='ocrx_word' id='word_1_205' title='bbox 1067 1622 1130 1666; x_wconf 88' lang='lat' dir='ltr'>vel</span> <span class='ocrx_word' id='word_1_206' title='bbox 1167 1624 1353 1665; x_wconf 87' lang='lat' dir='ltr'>omiserit</span> <span class='ocrx_word' id='word_1_207' title='bbox 1385 1621 1614 1678; x_wconf 86' lang='lat' dir='ltr'>quidquam</span> <span class='ocrx_word' id='word_1_208' title='bbox 1653 1637 1673 1663; x_wconf 65' lang='grc' dir='ltr'>(ι</span> <span class='ocrx_word' id='word_1_209' title='bbox 1697 1635 1776 1665; x_wconf 89' lang='lat' dir='ltr'>non</span> 
     </span>
     <span class='ocr_line' id='line_1_23' title="bbox 147 1692 1772 1750; baseline -0.006 -8"><span class='ocrx_word' id='word_1_210' title='bbox 147 1700 405 1750; x_wconf 86' lang='lat' dir='ltr'>necessitate</span> <span class='ocrx_word' id='word_1_211' title='bbox 429 1696 500 1740; x_wconf 88' lang='lat' dir='ltr'>sed</span> <span class='ocrx_word' id='word_1_212' title='bbox 527 1695 803 1749; x_wconf 79' lang='lat' dir='ltr'>voluntate»</span> <span class='ocrx_word' id='word_1_213' title='bbox 829 1699 872 1738; x_wconf 94' lang='lat' dir='ltr'>ut</span> <span class='ocrx_word' id='word_1_214' title='bbox 895 1694 1046 1750; x_wconf 90' lang='lat' dir='ltr'>legitur</span> <span class='ocrx_word' id='word_1_215' title='bbox 1070 1696 1109 1736; x_wconf 88' lang='lat' dir='ltr'>in</span> <span class='ocrx_word' id='word_1_216' title='bbox 1133 1706 1223 1750; x_wconf 89' lang='lat' dir='ltr'>cap.</span> <span class='ocrx_word' id='word_1_217' title='bbox 1250 1693 1302 1736; x_wconf 85' lang='lat' dir='ltr'>to</span> <span class='ocrx_word' id='word_1_218' title='bbox 1331 1708 1353 1733; x_wconf 76' lang='grc' dir='ltr'>α</span> <span class='ocrx_word' id='word_1_219' title='bbox 1376 1692 1426 1735; x_wconf 92' lang='lat' dir='ltr'>de</span> <span class='ocrx_word' id='word_1_220' title='bbox 1460 1693 1772 1736; x_wconf 79' lang='lat' dir='ltr'>iureiurando»</span> 
     </span>
     <span class='ocr_line' id='line_1_24' title="bbox 144 1763 1777 1827; baseline -0.004 -15"><span class='ocrx_word' id='word_1_221' title='bbox 144 1769 209 1827; x_wconf 85' lang='grc' dir='ltr'>(ΙΙ,</span> <span class='ocrx_word' id='word_1_222' title='bbox 245 1768 331 1825; x_wconf 78' lang='grc'>24).</span> <span class='ocrx_word' id='word_1_223' title='bbox 366 1767 546 1811; x_wconf 87' lang='lat' dir='ltr'>Additur</span> <span class='ocrx_word' id='word_1_224' title='bbox 580 1768 618 1809; x_wconf 94' lang='lat' dir='ltr'>in</span> <span class='ocrx_word' id='word_1_225' title='bbox 653 1779 812 1809; x_wconf 89' lang='lat' dir='ltr'>canone</span> <span class='ocrx_word' id='word_1_226' title='bbox 845 1770 968 1807; x_wconf 68' lang='lat' dir='ltr'>eoeloa</span> <span class='ocrx_word' id='word_1_227' title='bbox 1001 1763 1219 1821; x_wconf 70' lang='lat' dir='ltr'>iudicum,</span> <span class='ocrx_word' id='word_1_228' title='bbox 1253 1765 1348 1821; x_wconf 91' lang='lat' dir='ltr'>quia</span> <span class='ocrx_word' id='word_1_229' title='bbox 1384 1765 1422 1805; x_wconf 94' lang='lat' dir='ltr'>in</span> <span class='ocrx_word' id='word_1_230' title='bbox 1458 1763 1611 1806; x_wconf 87' lang='lat' dir='ltr'>iudicio</span> <span class='ocrx_word' id='word_1_231' title='bbox 1646 1766 1777 1819; x_wconf 91' lang='lat' dir='ltr'>periu-</span> 
     </span>
     <span class='ocr_line' id='line_1_25' title="bbox 142 1832 1774 1894; baseline -0.004 -11"><span class='ocrx_word' id='word_1_232' title='bbox 142 1843 250 1884; x_wconf 89' lang='lat' dir='ltr'>rium</span> <span class='ocrx_word' id='word_1_233' title='bbox 284 1844 345 1883; x_wconf 88' lang='lat' dir='ltr'>est</span> <span class='ocrx_word' id='word_1_234' title='bbox 377 1851 399 1882; x_wconf 89' lang='lat' dir='ltr'>a</span> <span class='ocrx_word' id='word_1_235' title='bbox 434 1838 570 1881; x_wconf 87' lang='lat' dir='ltr'>iudice</span> <span class='ocrx_word' id='word_1_236' title='bbox 605 1837 871 1894; x_wconf 72' lang='lat' dir='ltr'>peniendum7</span> <span class='ocrx_word' id='word_1_237' title='bbox 907 1835 1175 1886; x_wconf 75' lang='lat' dir='ltr'>commiserit,</span> <span class='ocrx_word' id='word_1_238' title='bbox 1200 1834 1310 1892; x_wconf 90' lang='lat' dir='ltr'>quod</span> <span class='ocrx_word' id='word_1_239' title='bbox 1347 1832 1521 1877; x_wconf 90' lang='lat' dir='ltr'>verbum</span> <span class='ocrx_word' id='word_1_240' title='bbox 1556 1835 1678 1876; x_wconf 90' lang='lat' dir='ltr'>etiam</span> <span class='ocrx_word' id='word_1_241' title='bbox 1715 1836 1774 1877; x_wconf 91' lang='lat' dir='ltr'>iu-</span> 
     </span>
     <span class='ocr_line' id='line_1_26' title="bbox 141 1906 1774 1963; baseline -0.004 -9"><span class='ocrx_word' id='word_1_242' title='bbox 141 1915 374 1954; x_wconf 87' lang='lat' dir='ltr'>ramentum</span> <span class='ocrx_word' id='word_1_243' title='bbox 409 1910 677 1952; x_wconf 86' lang='lat' dir='ltr'>assertorium</span> <span class='ocrx_word' id='word_1_244' title='bbox 711 1908 894 1963; x_wconf 74' lang='lat' dir='ltr'>respicit,</span> <span class='ocrx_word' id='word_1_245' title='bbox 927 1920 1020 1950; x_wconf 91' lang='lat' dir='ltr'>cum</span> <span class='ocrx_word' id='word_1_246' title='bbox 1062 1906 1265 1949; x_wconf 77' lang='lat' dir='ltr'>adversus</span> <span class='ocrx_word' id='word_1_247' title='bbox 1309 1906 1620 1961; x_wconf 88' lang='lat' dir='ltr'>promissorium</span> <span class='ocrx_word' id='word_1_248' title='bbox 1665 1906 1774 1948; x_wconf 84' lang='lat' dir='ltr'>iura-</span> 
     </span>
     <span class='ocr_line' id='line_1_27' title="bbox 141 1977 1774 2036; baseline -0.005 -11"><span class='ocrx_word' id='word_1_249' title='bbox 141 1986 326 2025; x_wconf 90' lang='lat' dir='ltr'>mentum</span> <span class='ocrx_word' id='word_1_250' title='bbox 375 1981 631 2036; x_wconf 77' lang='lat' dir='ltr'>t&#39;requentius</span> <span class='ocrx_word' id='word_1_251' title='bbox 678 1980 900 2021; x_wconf 87' lang='lat' dir='ltr'>omissione</span> <span class='ocrx_word' id='word_1_252' title='bbox 950 1979 1186 2034; x_wconf 83' lang='lat' dir='ltr'>peieretur3</span> <span class='ocrx_word' id='word_1_253' title='bbox 1241 1978 1495 2034; x_wconf 87' lang='lat' dir='ltr'>quicumque</span> <span class='ocrx_word' id='word_1_254' title='bbox 1544 1977 1681 2031; x_wconf 84' lang='lat' dir='ltr'>igitur,</span> <span class='ocrx_word' id='word_1_255' title='bbox 1733 1980 1774 2018; x_wconf 91' lang='lat' dir='ltr'>ut</span> 
     </span>
     <span class='ocr_line' id='line_1_28' title="bbox 139 2048 1773 2107; baseline -0.006 -11"><span class='ocrx_word' id='word_1_256' title='bbox 139 2053 295 2096; x_wconf 88' lang='lat' dir='ltr'>dictum</span> <span class='ocrx_word' id='word_1_257' title='bbox 340 2056 412 2103; x_wconf 77' lang='lat' dir='ltr'>est,</span> <span class='ocrx_word' id='word_1_258' title='bbox 447 2050 706 2107; x_wconf 76' lang='lat' dir='ltr'>delinquens,</span> <span class='ocrx_word' id='word_1_259' title='bbox 738 2048 941 2106; x_wconf 72' lang='lat' dir='ltr'>prudenti</span> <span class='ocrx_word' id='word_1_260' title='bbox 973 2061 1150 2104; x_wconf 88' lang='lat' dir='ltr'>nempe:</span> <span class='ocrx_word' id='word_1_261' title='bbox 1195 2048 1529 2091; x_wconf 88' lang='lat' dir='ltr'>circumstantias</span> <span class='ocrx_word' id='word_1_262' title='bbox 1573 2058 1773 2101; x_wconf 89' lang='lat' dir='ltr'>personae</span> 
     </span>
     <span class='ocr_line' id='line_1_29' title="bbox 138 2116 1770 2180; baseline -0.004 -14"><span class='ocrx_word' id='word_1_263' title='bbox 138 2136 342 2180; x_wconf 88' lang='lat' dir='ltr'>casusque</span> <span class='ocrx_word' id='word_1_264' title='bbox 377 2121 669 2178; x_wconf 77' lang='lat' dir='ltr'>perpenderitis</span> <span class='ocrx_word' id='word_1_265' title='bbox 706 2118 932 2162; x_wconf 67' lang='lat' dir='ltr'>Ordinara&#39;i</span> <span class='ocrx_word' id='word_1_266' title='bbox 960 2120 1205 2175; x_wconf 82' lang='lat' dir='ltr'>«proprii»</span> <span class='ocrx_word' id='word_1_267' title='bbox 1234 2117 1341 2175; x_wconf 87' lang='lat' dir='ltr'>(can.</span> <span class='ocrx_word' id='word_1_268' title='bbox 1368 2116 1441 2173; x_wconf 82' lang='lat'>94)</span> <span class='ocrx_word' id='word_1_269' title='bbox 1479 2116 1770 2173; x_wconf 86' lang='lat' dir='ltr'>delinquentis,</span> 
     </span>
     <span class='ocr_line' id='line_1_30' title="bbox 138 2185 1769 2248; baseline -0.005 -12"><span class='ocrx_word' id='word_1_270' title='bbox 138 2196 227 2237; x_wconf 89' lang='lat' dir='ltr'>sive</span> <span class='ocrx_word' id='word_1_271' title='bbox 262 2193 353 2248; x_wconf 72' lang='lat' dir='ltr'>loci,</span> <span class='ocrx_word' id='word_1_272' title='bbox 387 2194 477 2235; x_wconf 89' lang='lat' dir='ltr'>sive</span> <span class='ocrx_word' id='word_1_273' title='bbox 510 2192 743 2246; x_wconf 87' lang='lat' dir='ltr'>Superioris</span> <span class='ocrx_word' id='word_1_274' title='bbox 777 2191 945 2232; x_wconf 90' lang='lat' dir='ltr'>maioris</span> <span class='ocrx_word' id='word_1_275' title='bbox 979 2189 1112 2245; x_wconf 89' lang='lat' dir='ltr'>quoad</span> <span class='ocrx_word' id='word_1_276' title='bbox 1150 2187 1363 2244; x_wconf 89' lang='lat' dir='ltr'>religionis</span> <span class='ocrx_word' id='word_1_277' title='bbox 1395 2185 1599 2230; x_wconf 86' lang='lat' dir='ltr'>clericalis</span> <span class='ocrx_word' id='word_1_278' title='bbox 1630 2199 1769 2229; x_wconf 85' lang='lat' dir='ltr'>exem-</span> 
     </span>
     <span class='ocr_line' id='line_1_31' title="bbox 138 2256 1769 2320; baseline -0.005 -14"><span class='ocrx_word' id='word_1_279' title='bbox 138 2269 232 2320; x_wconf 89' lang='lat' dir='ltr'>ptae</span> <span class='ocrx_word' id='word_1_280' title='bbox 265 2262 469 2316; x_wconf 78' lang='lat' dir='ltr'>alumnos,</span> <span class='ocrx_word' id='word_1_281' title='bbox 501 2260 695 2312; x_wconf 72' lang='lat' dir='ltr'>arbitrio,</span> <span class='ocrx_word' id='word_1_282' title='bbox 728 2260 837 2315; x_wconf 91' lang='lat' dir='ltr'>quod</span> <span class='ocrx_word' id='word_1_283' title='bbox 872 2272 915 2302; x_wconf 89' lang='lat' dir='ltr'>se</span> <span class='ocrx_word' id='word_1_284' title='bbox 949 2259 1074 2302; x_wconf 86' lang='lat' dir='ltr'>refert</span> <span class='ocrx_word' id='word_1_285' title='bbox 1106 2271 1185 2301; x_wconf 91' lang='lat' dir='ltr'>non</span> <span class='ocrx_word' id='word_1_286' title='bbox 1229 2258 1279 2300; x_wconf 88' lang='lat' dir='ltr'>ad</span> <span class='ocrx_word' id='word_1_287' title='bbox 1325 2269 1481 2313; x_wconf 87' lang='lat' dir='ltr'>poenae</span> <span class='ocrx_word' id='word_1_288' title='bbox 1519 2256 1769 2299; x_wconf 84' lang='lat' dir='ltr'>determina-</span> 
     </span>
     <span class='ocr_line' id='line_1_32' title="bbox 137 2326 1768 2389; baseline -0.005 -12"><span class='ocrx_word' id='word_1_289' title='bbox 137 2336 291 2377; x_wconf 88' lang='lat' dir='ltr'>tionem</span> <span class='ocrx_word' id='word_1_290' title='bbox 325 2337 467 2389; x_wconf 91' lang='lat' dir='ltr'>utpote</span> <span class='ocrx_word' id='word_1_291' title='bbox 500 2331 597 2389; x_wconf 90' lang='lat' dir='ltr'>quid</span> <span class='ocrx_word' id='word_1_292' title='bbox 642 2329 1053 2386; x_wconf 79' lang='lat' dir='ltr'>subintelligendum,</span> <span class='ocrx_word' id='word_1_293' title='bbox 1088 2329 1158 2372; x_wconf 88' lang='lat' dir='ltr'>sed</span> <span class='ocrx_word' id='word_1_294' title='bbox 1205 2328 1304 2371; x_wconf 91' lang='lat' dir='ltr'>illud</span> <span class='ocrx_word' id='word_1_295' title='bbox 1344 2326 1562 2370; x_wconf 79' lang='lat' dir='ltr'>«verbum</span> <span class='ocrx_word' id='word_1_296' title='bbox 1608 2331 1669 2370; x_wconf 89' lang='lat' dir='ltr'>est</span> <span class='ocrx_word' id='word_1_297' title='bbox 1713 2328 1768 2370; x_wconf 82' lang='lat' dir='ltr'>fa-</span> 
     </span>
     <span class='ocr_line' id='line_1_33' title="bbox 77 2398 1767 2456; baseline -0.005 -8"><span class='ocrx_word' id='word_1_298' title='bbox 77 2424 81 2428; x_wconf 90' lang='lat'>.</span> <span class='ocrx_word' id='word_1_299' title='bbox 135 2404 384 2448; x_wconf 89' lang='lat' dir='ltr'>cultativum</span> <span class='ocrx_word' id='word_1_300' title='bbox 407 2418 429 2444; x_wconf 86' lang='grc'>))</span> <span class='ocrx_word' id='word_1_301' title='bbox 466 2402 594 2446; x_wconf 88' lang='lat' dir='ltr'>relate</span> <span class='ocrx_word' id='word_1_302' title='bbox 627 2403 677 2445; x_wconf 86' lang='lat' dir='ltr'>ad</span> <span class='ocrx_word' id='word_1_303' title='bbox 711 2401 1057 2456; x_wconf 79' lang='lat' dir='ltr'>significationem</span> <span class='ocrx_word' id='word_1_304' title='bbox 1095 2398 1234 2443; x_wconf 79' lang='lat' dir='ltr'>verbi:</span> <span class='ocrx_word' id='word_1_305' title='bbox 1273 2398 1482 2456; x_wconf 65' lang='lat' dir='ltr'>puniatur</span> <span class='ocrx_word' id='word_1_306' title='bbox 1513 2398 1636 2441; x_wconf 89' lang='lat' dir='ltr'>modo</span> <span class='ocrx_word' id='word_1_307' title='bbox 1679 2400 1767 2454; x_wconf 92' lang='lat' dir='ltr'>qui-</span> 
     </span>
     <span class='ocr_line' id='line_1_34' title="bbox 135 2470 1767 2530; baseline -0.006 -11"><span class='ocrx_word' id='word_1_308' title='bbox 135 2475 229 2519; x_wconf 88' lang='lat' dir='ltr'>dem</span> <span class='ocrx_word' id='word_1_309' title='bbox 278 2473 549 2530; x_wconf 76' lang='lat' dir='ltr'>disciplinari7</span> <span class='ocrx_word' id='word_1_310' title='bbox 597 2474 667 2530; x_wconf 93' lang='lat' dir='ltr'>qui</span> <span class='ocrx_word' id='word_1_311' title='bbox 716 2471 766 2514; x_wconf 91' lang='lat' dir='ltr'>ad</span> <span class='ocrx_word' id='word_1_312' title='bbox 817 2483 969 2528; x_wconf 88' lang='lat' dir='ltr'>poenas</span> <span class='ocrx_word' id='word_1_313' title='bbox 1018 2472 1282 2526; x_wconf 88' lang='lat' dir='ltr'>restringitur</span> <span class='ocrx_word' id='word_1_314' title='bbox 1330 2481 1548 2525; x_wconf 83' lang='lat' dir='ltr'>expressas</span> <span class='ocrx_word' id='word_1_315' title='bbox 1597 2470 1635 2510; x_wconf 91' lang='lat' dir='ltr'>in</span> <span class='ocrx_word' id='word_1_316' title='bbox 1676 2481 1767 2512; x_wconf 91' lang='lat' dir='ltr'>can.</span> 
     </span>
     <span class='ocr_line' id='line_1_35' title="bbox 136 2545 443 2603; baseline -0.01 -15"><span class='ocrx_word' id='word_1_317' title='bbox 136 2545 262 2600; x_wconf 79' lang='lat'><strong>1933,</strong></span> <span class='ocrx_word' id='word_1_318' title='bbox 296 2545 324 2603; x_wconf 58' lang='grc' dir='ltr'><strong>ἓ</strong></span> <span class='ocrx_word' id='word_1_319' title='bbox 358 2545 395 2587; x_wconf 79' lang='grc'>4.</span> <span class='ocrx_word' id='word_1_320' title='bbox 438 2545 443 2548; x_wconf 82' lang='grc'><strong><em>’</em></strong></span> 
     </span>
    </p>

    <p class='ocr_par' dir='ltr' id='par_1_6' title="bbox 133 2610 1766 2738">
     <span class='ocr_line' id='line_1_36' title="bbox 254 2610 1764 2670; baseline -0.005 -12"><span class='ocrx_word' id='word_1_321' title='bbox 254 2616 349 2659; x_wconf 84' lang='lat'>163.</span> <span class='ocrx_word' id='word_1_322' title='bbox 385 2617 574 2661; x_wconf 86' lang='lat' dir='ltr'>Delicta</span> <span class='ocrx_word' id='word_1_323' title='bbox 597 2616 728 2661; x_wconf 86' lang='lat' dir='ltr'>circa</span> <span class='ocrx_word' id='word_1_324' title='bbox 751 2615 997 2670; x_wconf 88' lang='lat' dir='ltr'>stipendia</span> <span class='ocrx_word' id='word_1_325' title='bbox 1020 2614 1295 2658; x_wconf 87' lang='lat' dir='ltr'>missarum.</span> <span class='ocrx_word' id='word_1_326' title='bbox 1313 2637 1368 2642; x_wconf 93' lang='lat'><strong>—</strong></span> <span class='ocrx_word' id='word_1_327' title='bbox 1391 2610 1634 2654; x_wconf 87' lang='lat' dir='ltr'>Sanctiones</span> <span class='ocrx_word' id='word_1_328' title='bbox 1668 2622 1764 2665; x_wconf 88' lang='lat' dir='ltr'>poe-</span> 
     </span>
     <span class='ocr_line' id='line_1_37' title="bbox 133 2681 1766 2739; baseline -0.004 -9"><span class='ocrx_word' id='word_1_329' title='bbox 133 2699 281 2730; x_wconf 89' lang='lat' dir='ltr'>narum</span> <span class='ocrx_word' id='word_1_330' title='bbox 314 2699 365 2729; x_wconf 85' lang='lat' dir='ltr'>ex</span> <span class='ocrx_word' id='word_1_331' title='bbox 398 2685 514 2729; x_wconf 89' lang='lat' dir='ltr'>Dec.⁰</span> <span class='ocrx_word' id='word_1_332' title='bbox 544 2684 639 2729; x_wconf 85' lang='lat' dir='ltr'>«Ut</span> <span class='ocrx_word' id='word_1_333' title='bbox 671 2683 809 2728; x_wconf 88' lang='lat' dir='ltr'>debita</span> <span class='ocrx_word' id='word_1_334' title='bbox 833 2699 853 2725; x_wconf 85' lang='lat'>»</span> <span class='ocrx_word' id='word_1_335' title='bbox 890 2684 928 2727; x_wconf 87' lang='lat' dir='ltr'>S</span> <span class='ocrx_word' id='word_1_336' title='bbox 963 2682 1129 2739; x_wconf 70' lang='lat' dir='ltr'>Congr.²³</span> <span class='ocrx_word' id='word_1_337' title='bbox 1161 2681 1333 2727; x_wconf 52' lang='lat' dir='ltr'>Concfff‘</span> <span class='ocrx_word' id='word_1_338' title='bbox 1368 2683 1455 2738; x_wconf 89' lang='lat' dir='ltr'>ipso</span> <span class='ocrx_word' id='word_1_339' title='bbox 1489 2682 1596 2724; x_wconf 80' lang='lat' dir='ltr'>facte</span> <span class='ocrx_word' id='word_1_340' title='bbox 1630 2682 1766 2724; x_wconf 89' lang='lat' dir='ltr'>incur·</span> 
     </span>
    </p>
   </div>
   <div class='ocr_carea' id='block_1_6' title="bbox 134 2782 1761 2907">
    <p class='ocr_par' dir='ltr' id='par_1_7' title="bbox 134 2782 1761 2907">
     <span class='ocr_line' id='line_1_38' title="bbox 251 2782 1761 2860; baseline -0.005 -10"><span class='ocrx_word' id='word_1_341' title='bbox 251 2817 262 2838; x_wconf 74' lang='lat'><strong>1</strong></span> <span class='ocrx_word' id='word_1_342' title='bbox 291 2815 381 2860; x_wconf 86' lang='lat' dir='ltr'>Cap.</span> <span class='ocrx_word' id='word_1_343' title='bbox 406 2816 440 2855; x_wconf 88' lang='grc'>2,</span> <span class='ocrx_word' id='word_1_344' title='bbox 459 2814 505 2849; x_wconf 85' lang='lat' dir='ltr'>de</span> <span class='ocrx_word' id='word_1_345' title='bbox 523 2813 739 2856; x_wconf 82' lang='lat' dir='ltr'>maledicis,</span> <span class='ocrx_word' id='word_1_346' title='bbox 761 2813 826 2846; x_wconf 76' lang='lat' dir='ltr'>tit.</span> <span class='ocrx_word' id='word_1_347' title='bbox 848 2813 905 2856; x_wconf 89' lang='grc'>26,</span> <span class='ocrx_word' id='word_1_348' title='bbox 931 2811 998 2846; x_wconf 79' lang='lat' dir='ltr'>lib.</span> <span class='ocrx_word' id='word_1_349' title='bbox 1019 2782 1063 2844; x_wconf 91' lang='lat' dir='ltr'>V.</span> <span class='ocrx_word' id='word_1_350' title='bbox 1085 2811 1227 2845; x_wconf 84' lang='lat' dir='ltr'>--2D.</span> <span class='ocrx_word' id='word_1_351' title='bbox 1250 2810 1322 2844; x_wconf 79' lang='lat' dir='ltr'>Th.</span> <span class='ocrx_word' id='word_1_352' title='bbox 1342 2810 1397 2844; x_wconf 92' lang='grc' dir='ltr'>ΙΙ-</span> <span class='ocrx_word' id='word_1_353' title='bbox 1400 2810 1452 2853; x_wconf 88' lang='grc' dir='ltr'>ΙΙ,</span> <span class='ocrx_word' id='word_1_354' title='bbox 1473 2821 1509 2855; x_wconf 89' lang='lat' dir='ltr'>q.</span> <span class='ocrx_word' id='word_1_355' title='bbox 1530 2809 1643 2853; x_wconf 89' lang='lat' dir='ltr'><strong>XIII,</strong></span> <span class='ocrx_word' id='word_1_356' title='bbox 1673 2820 1707 2843; x_wconf 81' lang='lat' dir='ltr'>a.</span> <span class='ocrx_word' id='word_1_357' title='bbox 1729 2813 1761 2852; x_wconf 88' lang='grc'>1,</span> 
     </span>
     <span class='ocr_line' id='line_1_39' title="bbox 134 2827 1761 2907; baseline -0.004 -10"><span class='ocrx_word' id='word_1_358' title='bbox 134 2874 237 2907; x_wconf 84' lang='lat' dir='ltr'>corp.</span> <span class='ocrx_word' id='word_1_359' title='bbox 267 2867 307 2896; x_wconf 74' lang='lat' dir='ltr'>et</span> <span class='ocrx_word' id='word_1_360' title='bbox 333 2827 381 2896; x_wconf 61' lang='lat' dir='ltr'>ad</span> <span class='ocrx_word' id='word_1_361' title='bbox 405 2863 525 2897; x_wconf 76' lang='lat'>2¹³³.—</span> <span class='ocrx_word' id='word_1_362' title='bbox 540 2862 555 2884; x_wconf 83' lang='lat'><strong>3</strong></span> <span class='ocrx_word' id='word_1_363' title='bbox 580 2861 638 2895; x_wconf 88' lang='lat' dir='ltr'>De</span> <span class='ocrx_word' id='word_1_364' title='bbox 664 2860 744 2896; x_wconf 72' lang='lat' dir='ltr'>div.</span> <span class='ocrx_word' id='word_1_365' title='bbox 762 2871 865 2894; x_wconf 87' lang='lat' dir='ltr'>nom.</span> <span class='ocrx_word' id='word_1_366' title='bbox 883 2871 962 2903; x_wconf 83' lang='lat' dir='ltr'>cap.</span> <span class='ocrx_word' id='word_1_367' title='bbox 984 2860 1015 2892; x_wconf 91' lang='grc'>1.</span> <span class='ocrx_word' id='word_1_368' title='bbox 1044 2879 1081 2883; x_wconf 94' lang='grc'>-</span> <span class='ocrx_word' id='word_1_369' title='bbox 1108 2858 1202 2891; x_wconf 72' lang='lat'>411-</span> <span class='ocrx_word' id='word_1_370' title='bbox 1206 2858 1258 2902; x_wconf 89' lang='grc' dir='ltr'>ΙΙ,</span> <span class='ocrx_word' id='word_1_371' title='bbox 1279 2870 1314 2902; x_wconf 92' lang='lat' dir='ltr'>q.</span> <span class='ocrx_word' id='word_1_372' title='bbox 1335 2837 1514 2899; x_wconf 67' lang='lat' dir='ltr'>XOViII,</span> <span class='ocrx_word' id='word_1_373' title='bbox 1540 2868 1572 2891; x_wconf 85' lang='lat' dir='ltr'>a.</span> <span class='ocrx_word' id='word_1_374' title='bbox 1601 2859 1633 2900; x_wconf 83' lang='lat'>1,</span> <span class='ocrx_word' id='word_1_375' title='bbox 1665 2867 1696 2890; x_wconf 78' lang='grc' dir='ltr'>ο.</span> <span class='ocrx_word' id='word_1_376' title='bbox 1721 2876 1761 2880; x_wconf 94' lang='lat'>-—</span> 
     </span>
    </p>
   </div>
   <div class='ocr_carea' id='block_1_7' title="bbox 133 2907 781 2952">
    <p class='ocr_par' dir='ltr' id='par_1_8' title="bbox 133 2907 781 2952">
     <span class='ocr_line' id='line_1_40' title="bbox 133 2907 781 2952; baseline -0.005 -8"><span class='ocrx_word' id='word_1_377' title='bbox 133 2911 147 2932; x_wconf 80' lang='lat'>5</span> <span class='ocrx_word' id='word_1_378' title='bbox 176 2912 216 2944; x_wconf 91' lang='grc'>11</span> <span class='ocrx_word' id='word_1_379' title='bbox 245 2910 339 2944; x_wconf 84' lang='lat' dir='ltr'>Maii</span> <span class='ocrx_word' id='word_1_380' title='bbox 369 2909 473 2950; x_wconf 82' lang='lat'>1904,</span> <span class='ocrx_word' id='word_1_381' title='bbox 502 2916 556 2943; x_wconf 82' lang='lat' dir='ltr'>n.¹</span> <span class='ocrx_word' id='word_1_382' title='bbox 560 2909 676 2952; x_wconf 82' lang='grc'>5102</span> <span class='ocrx_word' id='word_1_383' title='bbox 707 2907 781 2941; x_wconf 88' lang='grc'>130.</span> 
     </span>
    </p>
   </div>
   <div class='ocr_carea' id='block_1_8' title="bbox 1844 0 1950 3313">
    <p class='ocr_par' dir='ltr' id='par_1_9' title="bbox 1844 0 1950 3313">
     <span class='ocr_line' id='line_1_41' title="bbox 1844 0 1950 3313; baseline 0 0"><span class='ocrx_word' id='word_1_384' title='bbox 1844 0 1950 3313; x_wconf 95' lang='lat' dir='ltr'> </span> 
     </span>
    </p>
   </div>
  </div>
 </body>
</html>
