1950 3313
590 157 672 193 Trr.
700 157 764 192 VI.
791 177 801 182 -
830 158 887 192 Dc
911 132 1271 202 dispensationibus
1679 161 1749 196 175

115 277 271 334 aliquid
307 276 513 333 agendum
553 276 614 318 rel
649 276 937 320 omittendum.
971 279 1030 320 sic
1075 279 1215 333 incipit
1259 291 1353 321 curn
1392 278 1613 322 vei-borum
1651 293 1745 335 pro-

117 350 290 404 prietate
323 361 414 391 can.
453 348 528 390 80.
568 345 849 403 l11'.s·pen.s·al1'o,
883 360 1006 404 quani
1042 350 1178 390 statim
1203 348 1365 391 delinit:
1396 363 1466 391 seu
1492 348 1595 406 leyis·
1619 352 1741 393 etiam

117 417 299 474 poenalis
331 417 466 475 quoad
506 418 586 458 vim
621 416 696 459 sibi
732 430 779 460 ac
813 418 1101 460 consuetudini
1138 420 1256 464 iuris.
1271 432 1534 462 communem
1571 419 1610 462 ίη
1647 434 1746 461 ens-u

116 488 293 547 speciali
327 501 398 544 per
433 492 664 543 respectum
701 488 750 531 ad
788 488 889 543 legis
921 489 1237 544 amplitudinem
1272 489 1499 542 wlaoeatio,
1533 503 1612 547 qua
1647 490 1743 534 sub-

116 560 226 603 ditus
263 558 314 603 ab
357 572 403 602 ea
444 558 533 614 lege
576 558 837 601 observanda
884 558 1094 602 liberatur.
1135 558 1306 603 «Casus
1337 561 1574 616 specialis»
1615 567 1769 618 potest>

114 632 246 687 accipi
282 634 470 685 respectu
508 642 707 684 personae
740 635 940 686 actusque
975 633 1077 684 eius,
1111 635 1235 688 atque
1269 631 1522 687 dispensatio
1546 635 1625 675 erit
1646 635 1744 675 siin-

116 701 232 758 plex3
268 704 399 756 potest
436 713 533 742 vero
567 700 647 743 (lici
681 700 874 756 specialis
909 706 1095 757 respectu
1132 715 1331 757 personae
1364 703 1432 745 sed
1462 717 1532 758 pro
1558 703 1746 759 pluribus

113 771 298 814 eiusdem
333 770 494 814 actibus
528 771 801 814 excludendis
834 784 855 814 a
892 771 994 827 lege,
1029 777 1067 814 et
1101 772 1354 828 dispensatio
1389 776 1464 816 erit
1490 787 1583 817 cuin
1611 779 1742 817 tractu

113 845 369 892 successivo;
407 846 537 897 potest
570 855 736 899 quoque
770 844 900 898 accipi
935 843 1127 898 specialis
1163 848 1351 899 respectu
1386 849 1502 887 actus
1528 847 1648 887 unius
1670 845 1740 889 scd

114 926 186 968 pro
223 912 410 968 pluribus
444 915 629 969 personis
662 925 683 955 a
720 913 808 969 lege
842 913 986 956 eadein
1029 914 1275 965 eximendis,
1309 919 1347 957 et
1382 915 1633 970 dispensatio
1667 918 1743 959 erit

116 983 345 1039 multiplex.
380 985 438 1026 Ac
472 984 638 1026 demum
668 989 833 1039 possunt
859 986 979 1027 unico
1003 990 1095 1028 actu
1120 985 1352 1040 dispensari
1383 986 1521 1042 plures
1546 1000 1743 1043 personae

113 1067 135 1097 a
172 1055 260 1110 lege
293 1054 430 1111 aliqua
471 1068 542 1111 per
585 1054 751 1112 aliquod
799 1059 959 1111 tenipus
1002 1055 1277 1106 observanda,
1312 1061 1351 1099 et
1384 1057 1635 1113 dispensatio
1669 1061 1745 1101 erit

114 1125 234 1168 simul
272 1125 484 1182 multiplex
519 1130 643 1182 atque
677 1139 771 1169 cum
808 1130 940 1169 tractu
974 1129 1225 1169 successivo.
1250 1153 1307 1157 —
1330 1127 1387 1171 Ex
1413 1128 1652 1171 delinitione
1678 1129 1742 1172 illa

116 1196 234 1239 facile
274 1196 495 1239 deducitur
532 1197 880 1251 dispensationem
923 1197 1092 1240 differre
1133 1203 1217 1240 tum
1260 1212 1280 1241 a
1321 1199 1601 1242 declaratione
1646 1202 1748 1242 iuris

117 1280 188 1322 per
220 1279 343 1324 quani
381 1267 443 1309 lex
480 1267 613 1323 quoad
653 1267 862 1310 vincutum
900 1281 977 1310 non
1015 1268 1225 1311 relaxatur
1258 1269 1326 1312 sed
1353 1269 1586 1325 explicatur
1609 1271 1742 1327 quoad

113 1350 278 1380 sensum
318 1337 558 1392 verborum,
593 1342 676 1380 tuin
713 1351 732 1380 a
768 1338 945 1394 simplici
982 1338 1160 1392 licentia,
1194 1352 1301 1396 quae
1335 1345 1395 1383 est
1428 1343 1629 1396 appositio
1653 1355 1749 1384 con·

113 1421 259 1451 sensus
294 1408 466 1451 Praelati
507 1408 568 1451 vel
604 1408 788 1461 alterius,
822 1411 891 1466 qui
933 1412 1160 1465 requiritur
1194 1423 1216 1453 a
1256 1410 1359 1467 lege,
1396 1416 1437 1454 ut
1471 1416 1586 1455 actus
1622 1415 1743 1468 possit

114 1482 227 1523 iuxta
261 1492 349 1522 eam
388 1482 494 1535 poni:
531 1467 615 1522 tum
652 1479 833 1536 denique
866 1492 887 1522 a
925 1480 1156 1536 privilegio,
1193 1481 1301 1538 quod
1337 1486 1585 1538 potestesse
1619 1485 1743 1526 etiam

115 1555 278 1606 praeter
312 1552 387 1603 ius,
421 1563 514 1593 cum
550 1550 801 1606 dispensatIo
835 1553 883 1593 sit
918 1564 1083 1607 semper
1116 1557 1257 1595 contra
1296 1554 1417 1597 istud.

234 1619 500 1677 Prosequitur
532 1633 688 1663 canon:
729 1636 748 1660 ((
774 1620 1033 1677 Dispensatio
1057 1637 1077 1662 ))
1107 1627 1149 1665 ut
1181 1627 1241 1665 est
1275 1623 1458 1676 delinita,
1482 1623 1651 1667 concedi
1672 1638 1747 1682 po-

116 1695 194 1733 les!
231 1690 365 1733 valide
399 1705 423 1732 a
458 1690 674 1733 conditore
707 1690 825 1747 leqi'x,
860 1697 901 1734 ut
937 1696 1047 1748 patet
1081 1695 1193 1736 iuxta
1219 1707 1307 1750 reg.
1333 1696 1433 1737 iuris
1458 1694 1526 1736 1.ΗΠ
1555 1692 1752 1739 «Omnis

116 1774 180 1804 res
214 1775 284 1817 per
317 1774 603 1819 quascumque
636 1774 781 1805 causas
815 1765 1011 1816 nascitur,
1033 1777 1104 1819 per
1127 1765 1294 1807 easdem
1329 1765 1614 1809 dissolvitur»
1646 1766 1671 1812 ¹,
1697 1779 1747 1809 eo

115 1832 223 1889 quod
260 1832 458 1875 relaxatio
494 1832 560 1875 illa
597 1832 700 1889 legis
734 1837 793 1875 est
819 1835 954 1876 minus
976 1846 1099 1890 quan]
1124 1835 1309 1878 eiusdem
1335 1835 1562 1883 dissolutio,
1583 1836 1632 1879 ab
1656 1837 1745 1879 eins

114 1903 261 1960 supple
300 1904 571 1947 «conditoris
606 1904 753 1960 legis»
794 1903 835 1960 b)
869 1918 1106 1947 successore
1139 1905 1178 1963 c)
1213 1906 1275 1949 cel
1319 1907 1546 1965 Super-iore
1591 1910 1628 1950 in
1666 1908 1746 1951 hie-

116 1974 279 2018 rarchia
314 1975 610 2019 iurisdictionis
643 1975 778 2032 quoad
817 1974 928 2031 leges
961 1976 1274 2032 dispensandas,
1308 1979 1359 2021 de
1392 1991 1473 2035 quo
1513 1978 1655 2022 ultimo
1680 1993 1745 2022 res

114 2045 256 2103 liquet.
290 2044 436 2098 Quoad
470 2059 754 2090 successorem
790 2046 1012 2090 cuiuslibet
1045 2047 1292 2104 legislatoris
1330 2050 1598 2093 ecclesiastici
1637 2050 1743 2093 valet

115 2119 231 2169 ratio,
267 2130 390 2174 quam
426 2118 545 2160 affert
578 2117 714 2160 lunoc.
751 2116 799 2160 lll
835 2120 877 2162 in-
908 2131 997 2174 cap.
1034 2118 1215 2162 lnnotuit
1249 2120 1302 2162 ⁶20
1341 2120 1437 2163 «de
1470 2120 1671 2164 electione
1705 2125 1744 2164 et

114 2187 233 2232 electi
269 2193 468 2244 potestate
493 2204 513 2229 »
552 2188 599 2246 (l,
635 2188 678 2245 6)
712 2191 844 2232 aiens:
885 2206 904 2230 (ι
929 2189 1047 2233 nobis
1081 2194 1216 2233 tamen
1242 2204 1314 2247 per
1337 2205 1431 2234 eum
1457 2191 1631 2249 (scilicet
1655 2192 1753 2235 ΑΙθι

115 2259 320 2302 xanclrum
357 2259 425 2316 lll)
459 2260 653 2316 adempta
687 2274 765 2303 non
801 2262 872 2304 fuit
907 2262 1173 2317 dispensandi
1217 2262 1403 2317 facultas,
1438 2276 1532 2306 cum
1577 2276 1623 2306 ea
1663 2276 1741 2306 non

115 2330 237 2373 fuerit
268 2330 525 2386 prohibentis
559 2333 748 2374 intentio:
784 2334 853 2389 qui
886 2332 1199 2376 successoribus
1237 2336 1322 2376 suis
1345 2333 1502 2377 nullum
1540 2336 1669 2390 potuit
1704 2336 1740 2376 in

115 2399 192 2444 hac
226 2406 341 2457 parte
375 2402 677 2458 praeiudicium
712 2416 926 2459 generare,
964 2406 1050 2460 pari
1096 2408 1184 2460 post
1227 2418 1336 2457 eum,
1372 2407 1453 2447 imo
1496 2405 1639 2448 eadem
1678 2419 1744 2460 po-

115 2475 261 2514 testate
294 2472 507 2525 functuriS‚
542 2486 635 2517 cuin
672 2487 749 2516 non
785 2473 933 2518 habeat
977 2476 1196 2530 imperium
1234 2488 1308 2531 par
1341 2478 1378 2517 in
1416 2488 1555 2531 parem
1584 2492 1623 2516 ».
1660 2475 1742 2517 lnio

117 2546 305 2597 respectu
351 2541 487 2598 legum
531 2543 810 2587 Conciliorum
854 2545 1111 2601 generalium
1152 2545 1346 2589 audiatur
1389 2546 1487 2602 qnid
1534 2548 1741 2601 rescripsit

117 2611 324 2656 Paschalis
359 2613 465 2670 Papa
499 2614 689 2657 Panorm.
723 2615 1070 2672 Arclliepiscopo:
1112 2616 1283 2659 «Aiunt
1316 2619 1353 2658 in
1389 2616 1581 2660 Conciliis
1614 2621 1742 2658 statu-

116 2686 201 2724 tum
236 2695 315 2726 non
351 2685 554 2727 inveniri:
599 2688 715 2741 quasi
761 2685 970 2729 Romanae
1016 2685 1225 2729 Ecclesiae
1270 2686 1401 2742 legem
1445 2686 1625 2729 Concilia
1663 2686 1741 2728 ulla

118 2754 408 2808 praefixerint:
441 2767 536 2797 cum
569 2758 707 2798 omnia
740 2754 921 2799 Concilia
943 2770 1015 2812 per
1032 2756 1242 2800 Romanae
1278 2756 1487 2800 Ecclesiae
1520 2759 1746 2799 auctorita—

234 2907 244 2928 1
272 2905 350 2939 Tit.
379 2905 472 2940 XLI
499 2918 517 2939 ‹
537 2906 594 2940 De
619 2907 769 2952 regulis
796 2907 893 2941 iuris
912 2920 931 2941 ›
960 2907 1046 2941 Lib.
1075 2907 1119 2942 V.
