1950 3313
128 147 179 181 32
729 134 731 136 ’
807 145 1087 181 INTRODUCTIO

129 266 259 310 editio
293 265 454 321 publica
489 265 664 309 dicenda
699 269 772 313 est,
807 268 1002 323 quamvis
1034 267 1122 309 eius
1166 265 1352 322 partibus
1385 268 1517 309 maior
1550 266 1646 310 inde
1679 280 1759 310 non

129 336 385 380 concedatur
412 338 485 388 vis,
508 349 633 394 quam
659 336 859 380 haberent
882 336 1133 380 documenta
1156 342 1272 380 extra
1297 339 1442 394 ipsam.
1469 363 1521 368 —
1550 336 1619 381 Vel
1645 337 1688 380 3⁰
1708 342 1762 380 te-

129 409 323 451 stimonio
359 406 547 463 publicae
582 409 840 450 auctoritatis
872 407 1111 451 declaratur
1143 408 1391 451 documenta
1426 410 1466 451 in
1508 407 1644 465 aliqua
1678 407 1761 452 col-

131 478 306 521 lectione
341 481 491 521 inserta
526 480 707 535 genuina
741 491 844 533 esse,
869 483 991 536 atque
1025 481 1063 521 in
1098 478 1175 522 hoc
1198 492 1296 522 casu
1321 479 1511 522 collectio
1535 483 1574 522 et
1597 478 1761 535 publica

129 555 193 592 est
236 554 270 591 et
317 548 553 592 authentica
598 549 678 592 dici
719 548 856 603 debet,
914 549 976 593 vel
1014 549 1161 593 melius
1199 549 1419 593 «Decreta
1451 549 1686 593 authentica
1711 566 1759 603 »3

128 620 201 663 sed
238 620 338 663 haec
377 622 412 662 vi
449 622 684 663 insertionis
718 622 756 663 in
790 619 1056 675 Collectione,
1081 623 1275 678 quamvis
1299 623 1412 664 reiici
1436 625 1657 678 nequeant,
1683 633 1764 663 ma-

132 694 229 732 nent
263 692 414 733 intacta
447 691 580 747 quoad
618 703 760 733 eorum
798 692 881 732 vim
918 690 1154 734 iuridicam.
1188 689 1374 748 Denique
1408 690 1452 733 4⁰
1477 703 1699 746 supremus
1724 692 1762 732 in

132 759 314 803 Ecclesia
352 760 560 817 legislator
594 766 724 818 potest
758 761 1046 805 collectionem
1081 761 1262 819 aliquam
1290 764 1341 805 ita
1369 760 1520 817 publici
1546 763 1647 804 iuris
1672 761 1762 804 red-

133 831 245 883 dere,
269 836 307 873 nt
332 844 412 888 qua
437 831 528 874 talis
551 831 734 875 obtineat
769 834 850 874 vim
879 832 1097 876 iuridicam
1134 831 1285 888 legum.
1321 832 1412 887 Quo
1436 834 1475 874 in
1501 843 1598 875 casu
1622 834 1763 875 stricte

134 901 369 945 authentica
403 902 579 946 dicenda
603 907 675 950 est,
696 907 900 960 quatenus
920 908 1087 959 propter
1109 902 1237 946 solam
1263 915 1467 946 canonum
1495 904 1760 945 insertionem

135 974 173 1015 in
208 986 269 1025 ea,
303 972 342 1015 hi
377 973 488 1030 leges
521 973 827 1017 ecclesiasticae
861 975 978 1028 liunt,
1011 978 1135 1031 atque
1169 973 1333 1030 publica
1367 976 1535 1016 omnino
1569 975 1645 1016 erit
1678 973 1762 1016 col-

136 1043 268 1099 lectio,
303 1049 504 1100 quatenus
538 1044 662 1087 tidem
697 1047 735 1087 in
772 1043 953 1088 Ecclesia
988 1045 1083 1088 facit
1117 1044 1168 1088 de
1202 1043 1414 1087 voluntate
1447 1044 1565 1088 Sedis
1588 1044 1762 1100 Aposto-

133 1114 249 1158 licae.
286 1115 531 1158 Huiusmodi
567 1121 625 1159 est
659 1115 796 1159 Codex
823 1118 923 1159 iuris
945 1117 1146 1159 canonici.
1183 1115 1474 1158 praecedentis
1508 1114 1764 1158 collectionis

130 1186 371 1242 exemplum
415 1186 529 1230 adest
572 1189 609 1229 in
651 1187 765 1230 Actis
809 1186 1071 1242 Apostolicae
1110 1186 1227 1229 Sedis
1269 1199 1339 1229 seu
1380 1188 1417 1228 in
1452 1184 1761 1229 Commentario

132 1255 313 1299 officiali.

254 1326 320 1369 ’23
359 1329 548 1384 Corpus
581 1329 700 1373 iuris
739 1329 960 1374 canonici
994 1326 1162 1371 exhibet
1198 1330 1234 1369 in
1259 1340 1302 1369 se
1339 1340 1409 1380 pro
1443 1326 1622 1369 diversis
1656 1327 1763 1368 eius·

131 1397 228 1440 dem
262 1396 595 1453 Collectionibus,
637 1397 828 1454 exempla
872 1398 1158 1456 quadruplicis
1203 1400 1461 1441 interventus
1505 1398 1764 1439 auctoritatis

132 1467 442 1511 ecclesiasticae
474 1474 594 1512 antea
629 1469 742 1524 dicti,
777 1474 817 1511 ut
854 1468 1020 1525 patebit.
1055 1468 1119 1512 Ab
1152 1468 1214 1512 his
1249 1471 1508 1524 incipiemus,
1531 1469 1627 1524 quia
1653 1479 1765 1523 prae-

136 1538 330 1582 cedentes
364 1542 497 1595 ipsum
532 1539 818 1587 Collectiones,
853 1542 883 1582 si
919 1540 1027 1596 quod
1063 1542 1124 1583 ius
1159 1542 1305 1596 vigens
1341 1551 1437 1595 prae
1471 1551 1515 1581 se
1550 1539 1697 1585 ferunt,
1725 1539 1763 1579 in

134 1608 205 1651 illo
238 1608 418 1666 Corpore
455 1610 517 1653 vel
553 1610 850 1666 posterioribus
883 1610 1196 1654 collectionibus
1229 1615 1322 1653 ante
1346 1608 1539 1653 Codicem
1576 1612 1635 1651 est
1668 1620 1765 1651 con-

137 1683 307 1727 tentum,
346 1681 452 1724 unde
486 1682 704 1724 utilitatem
739 1683 980 1735 amiserunt,
1006 1683 1082 1724 nisi
1107 1681 1243 1739 quoad
1269 1679 1592 1737 comparandam
1627 1679 1764 1721 erudi-

135 1753 287 1794 tionem
324 1757 361 1794 et
395 1752 529 1809 quoad
567 1755 824 1808 primaevam
860 1755 961 1795 iuris
993 1752 1263 1796 ecclesiastici
1299 1751 1526 1794 historiam.

256 1823 322 1865 ⁵24.
357 1825 517 1869 Notio.
549 1822 819 1867 Considerata
854 1823 992 1866 indole
1030 1823 1252 1866 verborum
1294 1838 1314 1862 «
1337 1821 1495 1878 Corpus
1528 1823 1629 1864 iuris
1653 1836 1671 1860 >x
1711 1823 1765 1863 si-

134 1894 302 1950 gnificat
337 1893 587 1950 completam
624 1896 774 1937 iuriuni
810 1907 880 1937 seu
909 1893 1044 1950 legum
1071 1893 1372 1937 collectionem.
1398 1892 1469 1936 llla
1500 1891 1628 1935 verba
1652 1893 1766 1947 prius

134 1963 319 2007 adhibita
357 1967 394 2007 in
431 1964 521 2007 lure
554 1964 739 2008 Romano
772 1967 1024 2008 transierunt
1050 1967 1088 2007 in
1114 1978 1232 2008 usum
1258 1966 1358 2007 iuris
1386 1963 1669 2007 ecclesiastici.
1694 1962 1764 2004 At-

137 2040 273 2078 tamen
315 2036 448 2092 quoad
494 2035 757 2079 collectiones
800 2035 1026 2092 appellatas
1069 2036 1248 2079 decursu
1291 2039 1526 2091 temporum
1565 2032 1766 2089 «Corpus

138 2108 240 2148 iuris
263 2108 448 2149 canonici
474 2122 492 2146 »
522 2107 804 2150 diversimode
829 2112 1040 2163 assumpta
1066 2108 1229 2150 luerunt
1254 2106 1354 2149 haec
1380 2104 1522 2148 verba.
1546 2104 1762 2161 Postquam

136 2179 248 2219 enim
284 2176 478 2220 Collectio
517 2193 535 2218 (ι
560 2178 756 2220 Anselmo
789 2178 1024 2221 dedicata»
1062 2177 1228 2221 saeculo
1262 2190 1368 2219 nono
1401 2176 1532 2219 audiit
1565 2174 1766 2231 «Corpus

137 2260 342 2291 canonum
370 2264 407 2301 2),
442 2248 521 2291 illis
554 2248 690 2292 verbis
723 2248 954 2305 appellatae
987 2250 1152 2292 fuerunt
1175 2249 1412 2291 successive
1436 2252 1521 2289 tum
1542 2245 1764 2289 Decretum

133 2318 334 2369 Gratiani,
355 2324 439 2361 tum
464 2319 653 2375 singulae
687 2322 871 2376 quinque
906 2319 1208 2376 subsequentes
1241 2318 1570 2374 compilationes,
1589 2321 1675 2360 tum
1701 2328 1765 2359 ea-

131 2388 228 2431 dem
261 2387 450 2444 Gregorii
485 2389 538 2432 lx
574 2389 775 2433 collectio.
812 2389 998 2433 Tandem
1031 2388 1257 2445 Gregorius
1280 2387 1371 2430 Xlll
1395 2391 1432 2430 in
1459 2392 1586 2431 const.
1618 2385 1764 2430 «Cum

134 2472 206 2515 pro
241 2473 455 2502 munere»
498 2460 515 2502 1
557 2460 644 2503 lulii
685 2460 795 2503 1580
830 2462 1070 2503 enunciavit
1113 2459 1351 2516 singillatim
1398 2458 1619 2501 Decretum
1663 2457 1765 2500 Gra-

133 2531 246 2581 tiani,
281 2529 516 2573 Decretales
549 2528 675 2586 Greg.
712 2530 778 2580 tx,
812 2530 983 2574 Sextum
1010 2530 1301 2577 Decretalium,
1325 2528 1603 2573 Clementinas
1626 2531 1665 2570 et
1690 2526 1767 2569 Ex-

134 2605 414 2656 travagantes‚
435 2600 607 2658 illasque
633 2600 898 2644 collectiones
922 2600 1043 2644 simul
1067 2600 1252 2656 sumptas
1277 2602 1409 2656 primo
1437 2600 1600 2642 vocavit
1625 2613 1644 2638 ((
1664 2597 1768 2640 luris

134 2670 329 2714 Canonici
364 2670 521 2728 Corpus
545 2688 582 2716 )).
619 2671 665 2714 Et
701 2671 802 2715 llaec
836 2672 1083 2728 significatio
1119 2684 1247 2728 usque
1280 2671 1330 2714 ad
1365 2675 1547 2713 nostram
1580 2670 1766 2711 manavit

135 2746 326 2785 aetatem.
364 2741 608 2785 Huiusmodi
654 2756 755 2799 opus
798 2742 1063 2785 emendatum
1108 2742 1258 2798 prodiit
1304 2743 1341 2783 in
1386 2741 1566 2784 editione
1611 2738 1765 2782 Romae

140 2813 244 2855 facta
278 2825 384 2855 anno
424 2813 546 2863 1582,
580 2825 626 2856 ac
660 2812 943 2856 subministrat
984 2817 1142 2855 textum
1187 2811 1381 2868 Corporis
1425 2811 1527 2853 luris
1569 2808 1764 2853 Canonici

144 2882 352 2938 publicum
386 2884 568 2926 secundo
605 2884 725 2927 modo
771 2886 883 2940 prius
927 2882 1130 2939 explicato
1173 2887 1340 2939 propter
1382 2883 1547 2924 citatam
1593 2878 1766 2933 Didiam,
