1950 3313
671 175 754 209 ΤιΤ.
784 174 851 209 IV.
880 175 976 241 —De
1003 177 1201 219 rescriptis
1688 173 1754 206 153
1780 182 1782 184 ·

241 298 280 341 3.
312 294 539 349 Ordinarii,
573 299 732 338 secreto
767 297 993 350 percontati
1025 293 1237 350 parochos,
1272 306 1378 350 quae
1415 306 1510 336 vera
1545 295 1594 335 sit
1619 296 1754 335 orato-

123 382 212 412 rum
258 368 455 419 conditio,
497 365 793 422 significabunt
827 368 864 408 in
899 365 1072 421 singulis
1114 364 1291 419 casibuS,
1336 368 1537 420 agaturne
1569 364 1620 406 de
1655 376 1752 419 pau-

123 453 231 496 pere,
268 444 337 482 aut.
371 439 486 496 quasi
522 449 717 494 paupere,
754 437 928 493 ideoque
971 440 1232 492 competatne
1277 437 1374 491 ipsis
1409 437 1470 477 ius
1501 435 1550 478 ad
1589 434 1751 490 plenam

122 515 192 553 aut
225 509 482 552 dimidiatam
518 506 862 550 condonationem
899 508 1133 550 taxationis.
1169 510 1336 549 onerata
1379 507 1592 562 utriusque
1628 506 1756 561 partis

122 582 374 625 conscientia
407 591 532 634 super
565 580 846 634 expositorum
887 579 1086 625 veritate:
1122 582 1263 620 contra
1299 589 1421 634 quam
1457 578 1488 618 5(
1509 581 1644 619 actum
1668 578 1754 618 l'ue-

124 654 187 701 rit,
222 652 339 693 firma
380 653 503 692 restat
543 648 740 705 obligatio
784 648 990 691 sarciendi
1026 648 1228 705 quidquid
1266 649 1414 690 iniuria
1448 646 1655 690 sublatum
1690 649 1753 690 sit.

239 722 278 765 Si
313 722 381 778 qui
416 724 553 763 autem
591 721 728 777 iniqua
768 719 977 762 voluntate
1014 723 1187 761 renuant
1226 719 1462 761 satisfacere
1503 720 1752 760 taxationem

121 793 171 835 ad
205 791 385 849 aliquam
431 790 766 848 consequendam
808 790 1157 846 dispensationem
1201 791 1511 845 praescriptam,
1546 791 1663 831 cuius
1698 793 1753 830 ta-

123 876 214 906 men
249 864 463 906 concessio
495 863 544 904 sit
580 861 792 904 moraliter
827 862 1058 904 necessaria
1094 859 1143 903 ad
1170 859 1414 902 oll'endicula
1442 865 1479 902 et
1507 864 1674 915 peccata
1702 861 1758 900 vi-

122 934 259 989 tanda,
304 933 382 977 boc
426 935 504 976 erit.
547 932 598 975 ab
643 930 879 976 Ordinariis
925 931 1191 974 indicandum
1229 933 1265 973 in
1301 933 1385 973 suis
1420 930 1575 973 litteris.
1615 930 1755 983 lidem,

123 1007 366 1061 impetratae
400 1006 558 1060 gratiae
592 1005 777 1046 notitiam
798 1004 1156 1045 communicantes
1180 1014 1272 1044 cum
1300 1003 1347 1043 iis
1370 1014 1546 1056 quoi-um
1575 1003 1757 1051 interestY

121 1088 191 1119 eos
234 1073 556 1118 commonebunt
589 1075 637 1125 (si
685 1077 915 1129 opportune
961 1073 998 1114 id
1045 1074 1132 1115 tieri
1180 1071 1489 1128 prudenterque
1533 1071 1669 1114 lit-obit
1703 1071 1755 1114 ab

123 1148 238 1203 ipsis)
271 1159 321 1189 ex
357 1147 508 1188 iustitia
544 1144 700 1202 aliquid
736 1146 776 1187 S.
809 1144 903 1186 Sedi
939 1143 1095 1186 deberi.

240 1216 473 1273 Utcumque
507 1220 643 1258 tamen
680 1217 838 1271 gratiae
874 1214 1075 1257 validitati
1115 1213 1213 1255 nibil
1242 1226 1437 1270 umquam
1464 1214 1612 1255 olliciel
1639 1226 1755 1255 error

121 1292 191 1330 aut
225 1289 336 1330 fraus
369 1289 478 1330 circa
513 1287 821 1329 oeconomicam
861 1287 1036 1341 petentis
1069 1286 1363 1327 conditionem.

242 1358 284 1399 ⁷1⁰
321 1357 360 1399 ln
396 1355 589 1400 omnibus
621 1353 794 1407 Officiis,
831 1354 1085 1410 subsignatis
1119 1356 1344 1410 rescriptis„
1379 1354 1606 1397 ‹elestinatus
1629 1354 1758 1396 admi-

121 1431 261 1480 nister,
307 1427 507 1484 peculiari
553 1440 678 1483 super
723 1429 820 1483 ipsis
866 1428 1066 1481 impresso
1110 1425 1260 1481 sigillo,
1303 1427 1552 1468 taxationem
1600 1423 1755 1473 notabit

121 1499 158 1543 S.
193 1499 287 1543 Sedi
323 1498 521 1553 debitam,
560 1501 768 1554 impensas
804 1498 1109 1553 procurationis
1142 1501 1181 1539 et
1215 1498 1415 1552 pecuniae
1447 1508 1651 1539 summam
1684 1509 1755 1551 pro

121 1572 416 1613 exsecutione:
451 1582 558 1627 quae
591 1570 729 1611 omnia
764 1570 802 1610 in
841 1572 1051 1611 menstruo
1087 1566 1224 1610 libello
1261 1566 1505 1613 recensebit,
1547 1568 1596 1609 ad
1635 1569 1754 1609 ratio-

121 1654 218 1684 num
253 1643 605 1696 computatitmem
630 1642 778 1696 suique
812 1641 1046 1682 cautionem
1073 1638 1349 1681 adservando.

241 1711 281 1754 ln
319 1714 443 1754 variis
477 1710 758 1754 taxationibus
790 1710 1059 1765 designandis
1083 1709 1328 1751 administer
1362 1722 1459 1765 prae
1484 1709 1614 1752 oculis
1639 1708 1759 1752 babe-

123 1782 177 1826 bit
211 1785 402 1839 superius
435 1784 644 1838 expositas
678 1793 860 1826 normas,
893 1781 1160 1837 positionem,
1195 1795 1265 1824 seu
1303 1780 1542 1823 {asciculum
1569 1785 1754 1823 acimum

121 1853 388 1910 expendens3
425 1856 461 1895 in
498 1852 634 1895 dubiis
678 1865 775 1895 vero
822 1864 904 1894 rem
941 1851 990 1894 ad
1031 1850 1167 1895 Officii
1214 1852 1493 1895 Moderatores
1536 1851 1691 1894 deleret
1720 1866 1755 1894 )).

244 1925 340 1968 136.
375 1926 448 1970 De
481 1926 801 1970 revocatione
835 1925 1189 1980 rescriptorum
1239 1926 1328 1966 sive
1361 1922 1635 1979 singulorum,
1669 1924 1758 1964 sive

121 1995 429 2052 quamplurium
482 1996 761 2038 communiter
809 1996 951 2036 statuit
986 1996 1023 2036 in
1060 1993 1222 2037 duobus
1256 1993 1527 2050 paragraphis
1560 2007 1648 2034 raa.
1680 1995 1753 2034 (il).

119 2066 146 2124 ξ
180 2069 213 2110 l.
253 2065 513 2123 Rescriptum
559 2064 770 2121 singulare
808 2068 937 2106 «tum
980 2065 1097 2107 Sedis
1141 2063 1417 2120 Apostolicae,
1460 2069 1544 2106 tum
1580 2063 1754 2106 aliorum

119 2135 439 2182 Ordinariorum
466 2153 484 2178 ))
527 2137 634 2193 (can.
676 2136 760 2189 36),
796 2149 879 2193 per>
900 2134 1163 2193 peculiarem
1199 2139 1235 2178 in
1273 2135 1370 2178 illud
1397 2136 1600 2178 directum
1628 2136 1758 2191 Supe-

119 2208 250 2251 rioris
284 2214 419 2251 (telum
455 2213 691 2251 revocatam
726 2206 861 2264 quoad
897 2208 1206 2249 concessionem
1244 2207 1392 2249 l'actam
1432 2205 1493 2248 vel
1529 2205 1664 2248 adbuc
1690 2219 1756 2247 ox-

119 2280 388 2337 sequendam,
421 2278 630 2337 perdurat
666 2280 703 2320 in
739 2291 813 2320 suo
850 2276 1011 2327 robore,
1044 2280 1141 2334 quin
1178 2277 1309 2320 obstet
1342 2277 1408 2319 ille
1440 2281 1570 2320 artus.
1609 2290 1752 2333 nsque-

120 2349 215 2392 (Imn
249 2364 321 2393 seu
356 2351 405 2393 ad
442 2350 539 2393 illud
579 2353 848 2395 momentum,
884 2362 965 2406 quo
1002 2348 1209 2391 ret-oratio
1256 2353 1418 2404 peracta
1454 2348 1505 2395 ei,
1540 2347 1612 2404 qni
1646 2346 1754 2388 illm!

122 2423 366 2476 rescriptum
403 2423 440 2463 in
465 2423 526 2464 sui
564 2422 751 2463 tax-orem
788 2419 985 2472 obtinuit,
1019 2419 1282 2476 siym'ficelur
1315 2432 1336 2462 a
1370 2420 1591 2475 Superiore
1618 2431 1688 2473 per
1711 2431 1753 2459 se

124 2491 185 2534 vel
212 2505 283 2547 per
315 2492 456 2545 alium
490 2494 587 2549 quin
624 2496 810 2548 opmtett
833 2490 1154 2547 prohibitionem
1177 2504 1274 2533 usus
1287 2492 1485 2545 ’33η5(ι·ἰρῐί
1511 2489 1664 2544 adiung
1657 2502 1751 2531 er<

239 2564 317 2615 ,ξ
300 2564 336 2603 ⁹.
375 2561 451 2605 Per
484 2562 628 2619 leqem,
648 2575 755 2619 qnae
794 2562 1071 2604 «instituitur
1095 2560 1502 2617 ‹3111npr10nmlgaun-
1528 2576 1545 2599 »
1586 2559 1623 2615 (t
1629 2572 1692 2601 an.
1714 2560 1752 2608 8,

120 2636 143 2681 ξ
172 2633 223 2688 1),
257 2633 518 2675 commitam
553 2634 764 2688 rescriptis
798 2634 1006 2675 concessis
1044 2631 1105 2674 vel
1141 2631 1420 2674 concedendis
1455 2629 1571 2671 nulla
1609 2629 1754 2672 1·›.···'-1s111

116 2708 190 2760 plu
231 2702 415 2746 scilicet:
459 2705 548 2746 site
592 2705 750 2759 gratiae
793 2704 884 2746 site
927 2704 1119 2746 iustitiae
1168 2707 1297 2744 «tum
1339 2702 1457 2745 Sedis
1492 2699 1699 2756 Apostoli(
1705 2713 1751 2741 ι·(

119 2777 203 2815 tum
239 2772 413 2815 aliorum
448 2772 767 2816 Ordinariorum
796 2789 815 2813 ))
855 2772 963 2826 (can.
1001 2771 1074 2827 36)
1111 2777 1374 2821 revocatum,
1408 2771 1515 2827 quod
1543 2771 1751 2811 diceretur

121 2845 284 2899 proprie
318 2843 472 2886 delam
510 2846 738 2899 impetratis
771 2856 817 2886 ac
855 2842 1105 2899 rigentibus,
1141 2841 1225 2883 nisi
1258 2841 1298 2897 a)
1333 2841 1455 2883 aliud
1479 2841 1518 2882 in
1547 2840 1637 2896 ipsa
1663 2839 1752 2894 lesse

118 2920 330 2963 careatur,
366 2919 483 2969 prout
518 2913 720 2957 babemus
752 2913 989 2969 exemptum
1026 2915 1135 2955 circa
1174 2914 1370 2967 rescripta
1406 2914 1563 2967 gratiae
1590 2915 1748 2966 praele-
