1950 3313
205 142 273 176 144
666 139 750 173 Lm.
780 139 826 173 V.
854 159 869 164 -
894 139 1004 174 PARS
1029 139 1081 174 ΙΙ.
1111 160 1123 165 -
1148 140 1206 175 De
1223 142 1363 185 poenis
1503 140 1596 175 Can.
1622 140 1825 176 2268-2269

201 260 407 303 interdicti
442 257 493 301 ab
527 257 606 300 illis
638 259 797 300 servari
841 256 1003 309 debeat,
1037 257 1089 302 ob
1122 258 1328 315 duplicem
1374 258 1496 302 huius
1539 258 1827 316 prohibitionis

202 332 383 383 modum„
418 332 549 372 oritur
580 329 788 372 distinctio
820 341 945 386 quam
978 331 1038 372 sic
1071 331 1266 386 exprimit
1288 330 1315 387 ξ
1336 332 1379 373 2.
1408 328 1638 373 Proltibiti'o
1670 329 1716 386 fit
1740 344 1827 387 per-

197 404 307 445 sonis
342 400 402 443 cel
433 399 591 443 directe
619 413 697 457 per
729 398 1001 443 interdictum
1040 402 1119 443 iam
1164 414 1212 443 ex
1259 414 1334 443 usu
1378 408 1418 443 et
1461 403 1624 457 proprie
1667 392 1822 444 dictum

197 471 434 530 personale,
458 471 638 515 scilicet:
671 484 762 513 cum
793 470 987 528 personis
1010 470 1130 528 ipsis,
1151 470 1362 528 baptizatis
1385 476 1423 515 et
1446 484 1539 514 cum
1565 474 1824 515 contumacia

198 541 535 599 delinquentibus
578 555 678 584 usus
719 555 863 585 eorum
906 544 1018 585 iuxta
1056 555 1171 600 seqq.
1204 554 1383 586 canones
1416 542 1615 585 bonorum
1647 542 1824 585 interdi-

198 614 333 663 citur‚·
367 612 425 656 cel
457 611 663 655 indirecte
686 625 881 669 personas
913 612 1055 656 fideles
1088 615 1252 669 attingit
1271 626 1349 671 per
1382 612 1651 656 interdictum.
1674 627 1722 656 ex
1748 627 1822 657 usu

200 688 352 742 pariter
386 697 433 727 ac
465 684 701 740 specialiter
737 688 927 727 vocatum
962 683 1109 737 locale,
1139 683 1214 727 lioc
1247 689 1329 728 est:
1364 698 1455 727 cum
1487 684 1613 727 certis
1645 684 1689 727 in
1722 683 1824 727 locis

197 758 337 799 sacris
358 755 508 809 solum,
545 755 608 798 vel
633 756 755 798 etiam
781 768 860 798 uon
885 757 1026 805 sacris,
1055 754 1292 798 eorumdem
1319 757 1547 798 mediorum
1573 755 1622 799 ad
1648 755 1821 798 salutem

198 826 460 884 dispensatio
481 828 534 880 in
570 828 768 869 ministris
799 825 863 868 vel
892 825 1105 883 perceptio
1128 838 1149 869 a
1174 825 1380 879 fidelibus,
1403 838 1510 884 quae
1533 830 1576 869 ut
1598 826 1822 883 plurimum

198 899 237 940 in
262 897 330 940 tali
356 911 431 940 usu
455 902 771 951 connectuntur,
805 901 973 939 vetatur
1007 899 1073 950 ita,
1099 901 1141 940 ut
1164 896 1230 939 illa
1255 897 1506 953 dispensatio
1529 909 1609 955 qua
1633 910 1731 940 usus
1754 896 1824 941 bo-

197 981 343 1012 norum
379 968 606 1011 formaliter
637 967 886 1011 inhibeatur.

316 1038 424 1093 Quin
449 1039 583 1083 obstet
605 1040 889 1095 interpretatio
921 1038 1030 1093 data,
1055 1041 1209 1095 optime
1233 1038 1433 1096 particula
1461 1038 1539 1093 vel,
1558 1038 1823 1093 disiunctiva,

197 1115 258 1154 est
290 1113 438 1154 canoni
475 1113 640 1155 inserta.
675 1110 741 1153 Sic
774 1112 883 1153 enim
919 1115 1055 1153 manet
1089 1109 1252 1153 salvum
1287 1122 1376 1167 cap.
1414 1110 1464 1152 16
1494 1126 1516 1150 α
1538 1109 1589 1153 de
1620 1112 1823 1153 sententia

197 1183 655 1234 excommunicationis,
679 1183 962 1237 suspensionis
995 1185 1033 1224 et
1068 1181 1276 1224 interdicti
1299 1196 1319 1222 »
1344 1179 1410 1238 (V,
1431 1179 1503 1237 11)
1524 1182 1560 1223 in
1582 1179 1640 1234 6⁰,
1658 1180 1823 1238 quando

196 1251 325 1295 Bouif.
348 1251 432 1295 Vlll
468 1252 676 1296 decernit:
716 1252 798 1296 «Si
833 1254 1035 1295 sententia
1071 1251 1277 1295 interdicti
1312 1252 1544 1307 proferatur
1578 1253 1615 1293 in
1650 1251 1822 1305 clerum,

198 1336 276 1366 nou
312 1323 568 1379 intelligitur,
594 1325 670 1366 nisi
705 1323 815 1366 aliud
851 1325 900 1366 sit
934 1335 1176 1379 expressum
1213 1324 1250 1365 in
1275 1335 1336 1375 ea,
1358 1322 1600 1365 interdictus
1633 1321 1821 1378 populus,

197 1407 272 1437 nec
306 1396 427 1438 etiam
454 1408 475 1438 e
499 1407 715 1438 converso.
750 1394 866 1438 Uude
899 1407 980 1437 uno
1015 1393 1233 1437 interdicto
1265 1395 1462 1449 ipsorum,
1487 1393 1592 1436 alius
1624 1392 1734 1436 licite
1756 1393 1824 1436 ad-

198 1467 374 1508 mittitur
406 1465 455 1508 ad
491 1465 632 1508 divina
658 1481 695 1506 )).

316 1537 384 1579 97.
420 1539 666 1583 Interdicti
710 1541 882 1583 auctor
925 1541 973 1583 et
1016 1539 1303 1582 subiectum.
1346 1562 1398 1566 —
1441 1536 1660 1591 Supposito
1705 1547 1820 1591 prae-

196 1608 349 1663 scripto
382 1610 552 1650 canonis
586 1608 713 1660 2220,
748 1612 989 1664 potestatem
1027 1605 1136 1650 illam
1174 1619 1327 1663 poenas
1359 1606 1604 1649 adnectendi
1643 1607 1821 1649 circuni-

196 1678 337 1722 scribit
357 1692 433 1720 can
466 1681 594 1721 422OE
612 1679 789 1722 afferens
812 1678 934 1722 aliam
959 1678 1167 1721 interdicti
1191 1677 1534 1732 subdivisionem,
1553 1689 1676 1733 quam
1700 1675 1820 1719 simul

196 1749 379 1793 declarat
411 1749 439 1807 g
463 1753 497 1792 1.
519 1749 733 1793 Distinctio
767 1750 893 1793 afficit
927 1752 1059 1806 primo
1093 1749 1358 1792 interdictum
1396 1747 1524 1791 locale
1558 1750 1596 1790 in
1628 1747 1823 1804 generale

194 1825 233 1863 et
267 1820 529 1876 particulare,
565 1825 688 1877 atque
715 1834 786 1877 per
808 1820 957 1863 similia
991 1821 1260 1876 distinguitur
1292 1819 1557 1862 interdictum
1594 1818 1821 1874 personale.

196 1891 320 1934 Porro
354 1891 553 1948 qenerale
585 1891 857 1934 interdictum
880 1890 920 1948 a)
947 1896 1032 1934 tam
1065 1890 1199 1934 locale
1233 1890 1452 1934 videlicet:
1487 1890 1529 1932 in
1560 1888 1824 1932 territorium

195 1961 397 2004 dioecesis
432 1968 473 2005 ut
509 1963 713 2005 inferioris
747 1962 888 2005 limitis
925 1962 1061 2019 quoad
1105 1961 1430 2005 ecclesiasticam
1475 1959 1823 2010 distributionem,

196 2031 467 2089 reipublicae,
490 2035 586 2090 quia
622 2035 752 2089 magis
787 2035 968 2089 practica
1002 2036 1044 2076 ut
1078 2032 1196 2075 limes
1218 2034 1420 2088 superior,
1439 2033 1514 2074 etsi
1537 2030 1822 2074 consideretur

199 2102 309 2145 velut
343 2103 491 2153 civilis,
519 2103 560 2159 b)
596 2117 717 2160 qaam
749 2102 974 2160 personale
1006 2102 1049 2145 in
1080 2101 1282 2160 populum
1313 2101 1528 2152 dioecesis,
1550 2099 1820 2157 reipublicae,

195 2173 305 2230 ferri
338 2179 502 2215 tantiam
532 2179 669 2231 potest
702 2187 750 2216 ex
786 2175 1068 2216 reservatione
1104 2175 1143 2214 vi
1178 2172 1299 2215 liuius
1331 2173 1500 2215 canonis
1523 2184 1549 2213 a
1572 2170 1676 2214 Sede
1713 2170 1819 2227 Apo-

196 2243 345 2287 stolica
390 2245 438 2287 ad
486 2257 671 2287 normam
716 2257 807 2287 cau.
841 2245 881 2297 7,
917 2249 958 2287 ut
994 2244 1174 2286 vidimus
1216 2242 1451 2299 exemplum
1494 2255 1565 2298 per
1597 2242 1636 2285 S.
1671 2240 1819 2297 Congr.

195 2314 527 2359 Consistorialem
555 2315 583 2369 ¹,
617 2314 680 2357 cel
720 2314 770 2357 sle
812 2315 902 2357 eius
944 2313 1159 2367 inundato,
1204 2327 1282 2356 non
1327 2326 1446 2356 secus
1487 2325 1536 2356 ac
1577 2312 1824 2355 decreverat

195 2385 324 2430 Bonil'.
353 2384 438 2428 Vlll
473 2388 510 2428 in
546 2385 714 2429 Extrav.
741 2399 890 2429 comm.
915 2401 937 2426 ((
960 2385 1137 2428 Provide
1161 2400 1181 2425 »
1210 2386 1269 2427 tit.
1295 2399 1313 2424 ((
1337 2383 1388 2426 de
1420 2385 1622 2426 sententia
1654 2395 1818 2425 excom-

196 2459 486 2500 municationis
510 2472 549 2509 n,
587 2456 654 2500 ubi
690 2462 903 2514 postquam
952 2454 1162 2512 prohibuit
1200 2454 1406 2512 quaedam
1451 2454 1580 2510 infligi
1613 2452 1665 2496 ab
1697 2451 1820 2497 Ordi-

193 2530 320 2571 nariis
355 2528 587 2583 interdicta,
611 2530 669 2571 sic
706 2530 990 2584 prosequitur:
1031 2526 1155 2569 «Nos
1188 2528 1295 2569 enim
1332 2538 1379 2568 ex
1415 2537 1525 2568 nunc
1558 2525 1822 2568 decernimus

193 2601 356 2641 irritum
390 2604 429 2642 et.
463 2601 597 2653 inane,
622 2601 653 2642 si
677 2612 796 2642 secus
830 2598 1028 2641 hactenus
1059 2599 1194 2640 extitit
1227 2600 1484 2650 attentatum,
1507 2595 1568 2638 vel
1601 2596 1822 2650 contigerit

194 2671 399 2723 attentari,
445 2670 630 2727 illudque
680 2682 928 2713 revocamus
970 2670 1199 2711 omnino».
1234 2667 1282 2710 Et
1327 2666 1403 2710 hoc
1448 2665 1718 2722 repetendum
1761 2668 1821 2707 est

193 2741 328 2798 quoad
363 2740 614 2784 declaratam
649 2742 818 2784 canonis
851 2744 1023 2796 partem,
1057 2741 1244 2796 sequitur
1277 2740 1385 2780 enim
1420 2751 1469 2780 ex
1504 2742 1645 2780 tenore
1689 2748 1818 2778 reser-

313 2876 323 2916 Ξ
354 2894 396 2928 io
422 2893 514 2927 Dec.
546 2892 648 2926 1913.
675 2892 749 2928 CO.
777 2892 821 2934 V,
848 2892 928 2926 517.
