1950 3313
651 154 735 188 Trr.
764 155 794 189 I.
824 176 836 180 -
867 156 924 190 De
950 158 1097 201 lembus
1123 160 1249 194 eccles.
1701 163 1766 198 107

139 270 281 327 plicari
317 273 441 328 possit
477 272 617 328 regula
646 275 654 294 ¹
679 290 685 315 :
727 290 746 313 «
765 276 931 330 expedit
966 277 1221 321 concordare
1247 281 1334 323 iura
1362 280 1533 330 iuribus,
1558 287 1596 325 et
1621 296 1764 325 eorum

135 345 416 385 correctiones
447 344 494 398 (si
527 346 721 387 sustineri
759 345 921 389 valeant
964 349 1123 390 esitare
1149 366 1187 401 »,
1226 350 1287 392 vel
1322 353 1353 392 si
1381 351 1442 394 lex
1472 355 1583 408 prior
1605 356 1655 395 sit
1681 368 1767 410 par-

135 412 333 457 ticularis.
377 416 569 471 quamvis
601 428 621 457 a
658 429 851 471 suprema
898 422 1097 473 potestate
1143 421 1353 475 prodierit,
1405 425 1542 480 «quia
1588 425 1766 480 speciale

138 484 378 527 mandatum
413 484 585 541 derogat
619 487 802 542 generali
832 506 866 536 »,
904 493 942 531 ut
987 491 1040 531 ait
1077 490 1194 533 Alex.
1231 491 1277 534 lll
1312 495 1515 536 senonen.
1550 494 1765 552 Anchiepi-

134 568 260 611 scopo
285 554 312 609 ²,
347 554 388 611 c)
421 560 495 598 aa!
530 560 656 598 lolam
704 560 862 601 ratione
906 562 1089 603 omnium
1127 565 1475 618 praescriptorum
1501 567 1609 608 cirea
1634 566 1767 609 obiec-

135 630 223 668 tum
256 626 539 669 diversimode
585 628 906 674 consideratum.
952 629 1002 672 (le
1037 631 1212 688 inleyro,
1258 633 1367 676 vetui
1417 637 1448 677 si
1494 641 1597 679 esset
1635 639 1765 692 prima

134 696 320 739 eiusdem
357 696 575 752 legislatio,
608 697 775 741 ordine!
809 699 914 755 leqis
945 701 1107 758 prioris
1140 703 1406 759 singulariter
1439 705 1572 749 (lictae
1599 712 1766 763 propter

133 767 370 819 materiam,
404 771 598 825 quamvis
631 772 740 813 circa
777 771 884 814 idem
919 772 1126 816 obiectum
1152 774 1330 817 diversis
1355 777 1610 832 temporibus
1635 781 1671 821 in
1697 792 1764 822 an-

133 842 336 881 tecessum
383 840 669 896 promulgatae
707 844 784 884 sint
832 846 1178 900 praescriptiones
1220 845 1356 889 adbuc
1399 849 1596 904 rigentes.
1633 849 1765 893 Huius

131 909 404 954 ordinationis
437 924 485 954 ex
514 914 674 968 integro
698 915 879 956 existunt
903 915 1094 972 exempla
1118 916 1247 959 baec:
1282 916 1417 961 Const.
1460 934 1479 959 «
1501 919 1761 976 Apostolicae

132 980 293 1024 Sedis»
334 981 388 1023 Pii
426 981 478 1024 tx
523 985 633 1026 circa
678 997 875 1027 censuras
917 985 1022 1029 latae
1060 989 1302 1041 sententiae,
1341 987 1506 1032 Const.:
1557 988 1763 1035 «Ollicio-

133 1065 223 1095 rum
259 1064 305 1095 ac
341 1066 605 1096 munerum»
647 1054 790 1098 Leonis
825 1055 912 1098 Xlll
948 1057 1082 1114 quoad
1120 1057 1437 1113 prohibitionem
1473 1073 1520 1103 ac
1545 1075 1762 1105 censuram

134 1122 349 1167 librorum.
384 1124 497 1168 Haec
535 1139 632 1169 vero
674 1129 844 1170 canonis
886 1127 1069 1171 clausula
1112 1130 1188 1171 iuri
1228 1133 1355 1173 veteri
1392 1130 1668 1175 Decretalium
1704 1139 1763 1176 est

131 1195 286 1248 addita,
320 1197 417 1253 qnia
451 1197 489 1238 in
531 1195 606 1240 liac
652 1197 959 1241 reordinatione
1000 1200 1251 1255 perficienda
1285 1214 1428 1245 omnes
1469 1203 1764 1258 praecedentes

132 1266 244 1323 leges
277 1279 383 1324 quae
418 1269 559 1324 vigent
592 1268 641 1311 ad
677 1271 873 1312 trutinam
901 1276 1165 1322 revocantur,
1200 1285 1273 1315 nec
1308 1273 1683 1317 considerationem
1707 1277 1763 1318 et-

132 1338 311 1394 fugiunt‚
345 1340 398 1381 ita
424 1343 465 1381 ut
491 1338 702 1393 legislator
737 1340 855 1396 plene
891 1341 1041 1397 pandat
1077 1348 1256 1385 mentem
1277 1356 1324 1386 ac
1348 1344 1602 1388 voluntatem
1628 1359 1760 1391 suam.

129 1408 196 1452 Sic
231 1411 371 1452 evenit
406 1411 443 1452 in
481 1412 651 1466 praevio
692 1410 833 1454 labore
865 1412 915 1455 ad
950 1410 1115 1456 Codicis
1158 1415 1258 1457 iuris
1303 1417 1491 1459 canonici
1533 1417 1764 1473 promulga-

131 1482 284 1524 tionem
329 1483 435 1525 intra
477 1483 675 1525 terminos
718 1483 853 1526 eidem
901 1484 1107 1539 praetixos
1140 1483 1279 1529 Codici
1317 1488 1394 1529 iam
1433 1489 1546 1543 prius
1579 1487 1762 1531 declara-

131 1556 206 1596 tos,
243 1578 294 1582 —
319 1552 584 1610 Prosequitur
617 1566 707 1597 can.
728 1554 781 1597 ⁶22
806 1555 1000 1598 edicens:
1036 1555 1109 1599 secl
1141 1556 1259 1612 firmo
1294 1558 1561 1615 pra-teseripto
1595 1572 1686 1602 can.
1719 1562 1763 1612 6,

131 1636 170 1665 w.
207 1625 244 1676 1,
277 1636 325 1666 eo
359 1624 466 1680 quod
502 1624 622 1668 aliter
645 1625 833 1682 disponat
859 1626 910 1669 de
950 1642 969 1666 ((
995 1630 1260 1684 praescriptis
1282 1628 1444 1671 Codicis
1469 1645 1507 1677 »‚
1542 1642 1647 1686 quae
1670 1635 1763 1673 sunt

133 1706 232 1736 vere
265 1693 482 1750 generales
515 1708 707 1747 canones.
742 1695 810 1738 lem
857 1696 935 1739 alia
970 1697 1178 1754 quaelibet
1208 1697 1424 1755 yeneralz's
1460 1701 1616 1742 ratione
1646 1702 1761 1742 terri-

130 1766 223 1807 torii
258 1776 304 1807 ac
344 1767 628 1821 «posterior»
658 1768 714 1809 nti
749 1780 887 1823 supra,
924 1767 1167 1810 nullatenus
1190 1771 1314 1812 etiam
1349 1769 1426 1813 sub
1459 1770 1694 1813 conditione
1726 1769 1763 1823 b)

130 1839 169 1877 et
202 1833 253 1891 c).
290 1848 364 1878 nec
399 1838 616 1879 minimum
652 1836 827 1894 det-oya!
861 1837 1044 1881 locorum
1078 1839 1323 1896 specialium
1360 1842 1483 1883 etiam
1507 1840 1760 1883 dioecesium

129 1910 169 1948 et
198 1919 476 1963 personarum
514 1907 732 1950 moralium
757 1908 1057 1966 sinyuluriwn.
1083 1924 1130 1952 eo
1155 1911 1262 1967 quod
1290 1911 1457 1953 additur
1479 1911 1653 1953 statutis
1679 1914 1760 1953 vim

130 1975 232 2032 legis
267 1978 451 2020 fortassis
484 1977 744 2033 habentibus,
780 1979 864 2022 nisi
897 1979 1019 2023 aliud
1052 1994 1200 2037 nempe
1234 1981 1448 2037 derogatio
1482 1981 1522 2023 in
1560 1981 1652 2038 ipsa
1696 1995 1762 2038 ge-

129 2047 257 2090 nerali
284 2048 373 2105 lege
406 2062 602 2106 eoepresse
633 2049 816 2093 clausula
850 2052 1068 2095 sutl‘icienti
1104 2058 1316 2106 eaeeatur,
1340 2057 1377 2095 et
1403 2065 1508 2109 qnae
1531 2053 1759 2095 secundum

128 2119 316 2162 eiusdem
354 2125 537 2164 tenorem
574 2134 651 2163 non
686 2122 995 2165 extendendum
1030 2123 1235 2166 servanda
1270 2126 1360 2166 erit.

248 2190 316 2232 81.
354 2191 519 2236 Dubia
552 2193 714 2248 legum
734 2195 987 2239 revocatio
1008 2193 1071 2236 bi<-
1091 2193 1392 2248 consideratur,
1411 2197 1515 2237 sicut
1538 2196 1574 2236 in
1595 2207 1683 2237 can.
1708 2194 1759 2236 15

129 2259 254 2303 dubia
279 2260 416 2317 legum
453 2264 653 2305 institutio
688 2264 761 2306 fuit
796 2264 1034 2320 ponderata.
1076 2264 1174 2307 Fan.
1200 2268 1274 2308 ⁶23.
1310 2264 1355 2307 [η
1392 2264 1529 2316 dubio,
1554 2270 1634 2308 tam
1662 2267 1760 2308 iuris

131 2336 298 2387 propter
331 2332 649 2389 applicationem
684 2334 910 2389 diversam,
943 2348 1050 2392 quae
1094 2338 1143 2378 sit
1180 2335 1398 2393 possibilis,
1417 2338 1586 2379 canonis
1623 2336 1673 2378 22
1708 2336 1757 2378 ad

130 2413 281 2444 novam
308 2401 456 2458 legem,
481 2416 603 2460 quam
631 2405 725 2447 tacti
761 2410 929 2461 propter
962 2408 1294 2450 circumstantias
1323 2408 1470 2463 prioris
1504 2408 1617 2455 iuris,
1653 2419 1760 2448 rere·

128 2471 239 2514 ealio
285 2473 469 2528 partialis
516 2474 578 2518 vel
615 2475 751 2519 totalis
784 2475 888 2533 lepis
922 2477 1254 2534 praeexistentes
1287 2491 1380 2520 cum
1421 2479 1561 2532 vigore
1595 2476 1759 2533 (inando

130 2545 331 2599 posterior
363 2544 428 2587 lex
467 2546 768 2602 promulgatur,
803 2561 882 2590 non
914 2548 1221 2605 praesmnitm,
1258 2560 1351 2591 nam
1391 2564 1410 2588 «
1436 2555 1473 2590 et
1511 2549 1759 2603 posteriores

129 2613 241 2670 leges
273 2613 323 2657 ad
359 2617 518 2671 priores
553 2619 757 2672 pertinent
792 2617 881 2674 (seu
920 2618 1125 2674 prioribus
1157 2619 1518 2673 annumerantur).
1554 2620 1627 2660 nisi
1664 2631 1758 2660 con-

127 2686 279 2727 trariae
312 2687 450 2741 sint»,
486 2691 526 2729 ut
559 2689 613 2730 ait
648 2687 798 2731 Paulus
830 2689 879 2731 ad
918 2689 1049 2745 legem
1086 2689 1228 2732 luliam
1254 2690 1281 2735 3.
1317 2689 1425 2746 quod
1471 2691 1528 2731 sic
1563 2690 1760 2731 asseritur

127 2757 249 2798 etiam
286 2757 323 2797 in
360 2767 516 2799 canone
540 2763 819 2813 congruenter
842 2761 964 2814 capiti
990 2760 1076 2802 cit⁴³'.
1101 2758 1402 2802 Decretalium:
1438 2758 1510 2799 sed
1533 2757 1642 2812 lesse<
1663 2771 1757 2814 pos-

247 2863 257 2882 1
289 2860 379 2905 Cap.
410 2877 427 2893 <s
447 2861 544 2895 Cum
571 2863 756 2907 expediat
774 2877 792 2903 3>
822 2865 867 2897 2³)
894 2865 940 2898 de
966 2865 1159 2898 electione
1186 2865 1214 2903 Ι,
1241 2865 1262 2898 6
1289 2865 1329 2898 in
1357 2864 1405 2898 60.
1437 2884 1478 2888 -
1506 2864 1518 2885 '³
1547 2864 1635 2908 Cap.
1666 2864 1682 2896 1
1711 2863 1756 2897 de

127 2908 331 2952 rescriptis
358 2908 404 2952 (I,
429 2908 465 2951 3)
493 2908 543 2942 X.
578 2929 622 2934 -—
647 2910 661 2931 3
689 2909 736 2944 D.
764 2910 834 2944 lib.
864 2911 895 2954 Ι,
926 2911 992 2946 tit.
1020 2911 1091 2953 ΙΙΙ,
1121 2911 1146 2945 1.
1176 2912 1234 2945 28.
