1950 3313
593 153 677 186 TIT.
706 152 739 186 V
742 152 772 186 1.
801 173 812 178 -
840 153 896 187 De
920 154 1277 197 dispensationibus
1681 152 1748 186 177

125 274 211 316 riae
246 271 455 316 Romanae
488 270 640 327 stylum
677 284 749 327 pro
774 276 958 327 tempore
981 270 1150 314 concedi
1172 270 1291 324 solet,
1317 270 1532 314 videlicet:
1563 284 1641 313 non
1667 273 1745 313 iam

124 356 198 398 pro
232 355 328 385 casu
363 341 501 398 aliquo
535 341 878 383 extraordinario.

246 413 338 455 153.
366 413 686 469 Dispensatio
708 426 739 457 a
762 414 956 468 legibus
979 426 1068 469 pro
1093 414 1326 468 peculiari
1349 414 1598 458 territorio
1622 414 1750 458 latis.

123 484 380 527 Praecedens
412 495 543 525 canon
591 484 855 539 praescripsit
897 482 947 525 de
991 481 1183 525 omnibus
1216 479 1463 531 Ordinariis,
1490 485 1541 525 ita
1569 487 1607 525 ut
1643 495 1750 525 com-

123 554 434 611 prehendantur
473 568 492 593 ((
513 566 585 609 pro
608 555 692 595 suis
718 552 894 596 subditis
917 554 1161 608 Superiores
1195 555 1372 596 maiores
1406 555 1443 595 in
1481 553 1749 609 religionibus

121 623 386 668 clericalibus
429 625 677 679 exemptis»
716 625 820 679 (can.
860 624 956 675 198,
990 626 1015 677 ξ
1050 624 1109 679 1),
1143 636 1340 679 praesens
1379 628 1516 666 autem
1562 638 1654 667 ean.
1687 626 1750 667 82

122 709 196 753 pro
229 700 374 738 natura
410 696 467 737 rei
501 694 574 736 lios
608 695 852 750 Superiores
895 693 1076 737 excludit
1113 694 1301 737 edicens:
1337 693 1538 751 Episcopi
1573 695 1750 737 residen-

122 766 253 819 itales,
288 778 382 809 nam
416 768 603 823 sequitur
637 765 798 822 aliique
831 764 1013 808 iocorum
1053 764 1279 807 Ordimzrii
1315 779 1351 806 v.
1376 780 1437 821 gr.
1466 764 1651 809 Vicai·ius
1679 779 1747 822 ge-

121 838 285 883 neralis,
311 834 496 879 Vicarius
515 836 770 893 capitulariS,
789 840 865 879 etc.
889 834 1026 877 calent
1048 837 1084 877 vi
1106 834 1228 877 huius
1251 838 1435 889 canonis,
1453 838 1550 893 quin
1578 836 1749 891 proinde

124 909 291 963 vigeant
323 912 472 950 statuta
512 922 532 947 ((
559 909 813 963 praescripto
849 906 942 949 liuic
977 908 1161 962 opposita
1189 922 1207 946 »
1247 906 1354 963 (can.
1382 908 1418 957 6,
1446 906 1523 963 10),
1557 906 1597 963 a)
1632 907 1673 949 ¹in
1699 906 1750 950 le-

119 977 242 1035 yi'bus
275 977 535 1020 dioecesanis
569 982 872 1034 consequenter
906 979 1052 1019 canoni
1088 978 1156 1028 80,
1192 976 1234 1034 b)
1258 983 1296 1019 et
1322 977 1361 1019 ιή
1387 977 1545 1034 (essibus
1573 977 1751 1021 (bucini

119 1047 398 1105 provincialis
431 1062 480 1089 ite
510 1047 713 1105 plenarii,
745 1060 851 1104 quae
887 1061 958 1103 pro
993 1050 1199 1090 territorio
1224 1048 1481 1104 singulorum
1506 1045 1748 1092 Ordinario-

123 1133 213 1162 rum
251 1121 429 1175 vigeant,
464 1119 533 1162 sed
575 1134 594 1158 (c
621 1121 781 1161 noimisi
827 1120 865 1160 in
909 1118 1074 1162 casibus
1117 1118 1437 1174 particularibus
1475 1124 1513 1162 et
1559 1121 1661 1162 iusta
1700 1119 1750 1163 de

120 1202 243 1233 causa
270 1206 308 1241 ›),
342 1189 518 1233 scilicet:
555 1188 610 1231 ad
643 1202 829 1232 normam
875 1203 965 1232 ean.
1005 1192 1106 1239 391,
1140 1192 1164 1242 ,ξ
1198 1190 1244 1235 ’2;
1289 1203 1309 1232 e
1353 1195 1494 1233 contra
1539 1192 1748 1246 sequitur:

120 1260 160 1317 c)
182 1274 260 1303 non
288 1273 380 1303 vero
406 1260 639 1316 praedictos
664 1273 781 1315 posse
811 1275 829 1299 (t
851 1260 1129 1316 dispensare»
1154 1259 1195 1301 vin
1222 1259 1379 1317 [essibus
1398 1274 1501 1317 qeins
1528 1265 1569 1303 ut
1592 1260 1642 1304 ab
1669 1264 1751 1304 uni-

123 1330 355 1373 versalibus
387 1331 602 1373 distinctas
636 1329 757 1373 habet
787 1342 917 1373 canon
946 1332 1130 1386 praecise
1154 1344 1202 1373 eo
1225 1331 1334 1388 quod
1360 1331 1577 1388 speciatim
1606 1331 1750 1374 tulerit

125 1399 336 1444 Roiiiimus
368 1399 569 1458 Ponti‘feoe
602 1401 768 1443 forsitan
804 1414 875 1457 per
908 1400 1088 1457 aliquam
1125 1400 1239 1444 Rom.
1265 1400 1654 1458 CougregaHonem,
1678 1415 1748 1445 seu

119 1484 313 1528 suprema
349 1471 558 1515 Ecclesiae
594 1476 773 1527 potestas
802 1485 881 1529 pro
917 1470 990 1514 illo
1022 1471 1234 1529 peculiari
1257 1472 1475 1515 territorio
1490 1487 1501 1523 ‚·
1523 1473 1658 1530 quoad
1694 1473 1749 1515 di-

120 1544 424 1598 spensationem
460 1545 567 1586 enim
604 1542 885 1600 aequipollere
910 1542 982 1585 lias
1007 1542 1117 1598 leges
1142 1543 1448 1587 universalibus
1470 1546 1527 1587 sic
1552 1544 1748 1587 edicitur:

124 1613 208 1655 visi
242 1612 297 1655 ad
332 1627 520 1655 nerviam
554 1628 643 1655 can.
677 1616 745 1657 81.

242 1684 338 1727 154.
378 1686 608 1730 Potestas
647 1688 975 1741 parochorum
1015 1689 1179 1743 quoad
1219 1688 1380 1743 legum
1425 1689 1751 1744 dispensatio-

125 1769 232 1801 nem
266 1768 345 1797 non
381 1757 519 1798 existit
556 1761 595 1798 ut
627 1756 835 1811 generalis
870 1769 1026 1812 norma,
1063 1770 1137 1799 nec
1172 1759 1321 1800 mirum
1358 1771 1451 1801 cum
1487 1771 1628 1801 eorum
1669 1759 1749 1800 olli·

122 1827 231 1869 cium
267 1826 316 1869 ad
355 1827 487 1869 forum
526 1829 731 1869 internum
771 1829 1057 1883 restringatur,
1091 1830 1155 1870 cui
1192 1833 1326 1871 tamen
1358 1842 1431 1885 per
1463 1831 1747 1885 exceptionem

125 1896 370 1952 providetur
404 1899 440 1939 in
478 1911 567 1939 emi.
594 1899 669 1941 83.
697 1896 892 1951 Paroelii,
913 1903 1036 1955 atque
1062 1898 1116 1940 illi
1141 1901 1209 1955 qui
1240 1914 1259 1939 «
1286 1899 1559 1955 parochorum
1586 1903 1749 1943 nomine

126 1968 162 2008 iu
200 1969 288 2010 iure
326 1970 539 2010 veniunt»
579 1967 687 2025 (can.
727 1969 822 2021 451,
854 1968 882 2026 ἓ
917 1968 960 2024 9)
993 1973 1034 2021 a)
1069 1983 1140 2011 nee
1163 1984 1187 2011 a
1212 1969 1300 2027 {eye
1318 1970 1513 2026 qenerali'
1542 1966 1749 2013 Ecclesiae

125 2039 239 2080 iuxta
275 2038 596 2081 declarationem
633 2039 770 2082 datam
807 2042 845 2082 in
869 2052 959 2082 can.
985 2040 1053 2095 81,
1089 2039 1131 2097 b)
1167 2055 1238 2082 nee
1260 2055 1283 2083 a
1308 2041 1396 2098 {eye
1414 2041 1627 2099 peculiari
1650 2055 1748 2099 qua-

125 2107 223 2151 libet
257 2107 402 2151 harum
438 2121 543 2166 quae
577 2109 888 2166 distinguuntur
923 2113 959 2152 in
995 2123 1084 2154 can.
1120 2112 1188 2159 82,
1218 2110 1465 2169 dispensare
1500 2111 1650 2166 valent,
1676 2125 1748 2155 nec

125 2192 251 2222 unum
288 2181 499 2235 proprium
537 2180 832 2236 parochianum
870 2183 906 2223 in
943 2194 1023 2223 uno
1056 2194 1153 2224 casu
1188 2185 1261 2225 etsi
1296 2183 1344 2225 ad
1383 2184 1515 2225 forum
1542 2185 1750 2225 conscien-

124 2252 205 2293 tiae
228 2251 540 2294 sacrameutalis
563 2252 672 2308 quod
696 2254 855 2306 attinet,
880 2252 964 2294 nisi
998 2252 1098 2295 lutee
1120 2254 1385 2309 dispensandi
1407 2259 1594 2311 potestas
1621 2256 1749 2310 magis

127 2321 193 2363 vel
218 2323 353 2364 minus
376 2322 509 2378 ampla
535 2336 730 2379 eoepresse
755 2323 855 2365 idest
885 2322 1021 2366 vet-bis
1044 2323 1190 2366 aliisve
1213 2326 1342 2380 signis
1360 2324 1746 2381 aequipollentibus,

125 2404 202 2433 non
224 2394 359 2444 tacite,
379 2391 531 2435 eisdem
551 2393 756 2448 omnibus,
778 2393 977 2450 pluribus,
1001 2394 1061 2437 vel
1086 2394 1260 2450 singulis
1283 2409 1475 2437 concessa
1494 2395 1548 2437 si!
1572 2409 1607 2439 ν.
1627 2410 1688 2451 gr.
1710 2398 1745 2437 iu

124 2460 262 2518 aliquo
296 2474 452 2506 canone
485 2477 532 2507 ac
568 2470 663 2508 tunc
698 2468 773 2508 erit
798 2465 1020 2520 ordinaria,
1057 2468 1093 2508 in
1134 2468 1296 2509 statutis
1330 2467 1587 2509 dioecesanis
1620 2478 1748 2523 ‹pian-

123 2531 258 2589 doque
291 2532 499 2577 ordinaria
533 2536 781 2593 quandoque
815 2536 1018 2592 delegata,
1056 2537 1117 2579 vel
1144 2536 1195 2580 ab
1219 2536 1384 2579 homine
1408 2542 1520 2579 certo
1545 2536 1745 2592 delegata,

246 2603 340 2646 155.
377 2607 658 2652 Necessitas
694 2621 874 2653 causae
907 2610 970 2652 ad
1009 2610 1444 2664 dispensationem.
1479 2608 1600 2650 (lonc.
1636 2607 1744 2649 Trid.

123 2673 308 2717 decrevit
336 2676 367 2719 ¹:
409 2677 578 2720 «Sicuti
616 2677 779 2732 publice
811 2679 978 2733 expedit
1015 2678 1114 2733 legis
1151 2677 1361 2720 vinculum
1396 2677 1645 2734 quaudoque
1687 2691 1746 2719 re-

124 2744 276 2794 laxare,
312 2751 354 2788 ut
387 2747 558 2803 plenius,
593 2747 881 2791 evenientibus
904 2747 1080 2793 casibus.
1105 2753 1144 2790 et
1168 2747 1494 2796 necessitatibus,
1520 2762 1590 2803 pro
1635 2761 1743 2790 coin-

125 2817 236 2858 muni
273 2815 445 2859 utilItate
477 2819 672 2860 satistiat:
707 2820 765 2860 sic
800 2819 1055 2874 frequentius
1089 2817 1220 2873 legem
1260 2817 1435 2861 solvere.
1472 2818 1745 2874 exemploque

242 2905 252 2925 ¹
281 2903 379 2938 Sese.
406 2904 520 2937 XXV
557 2904 602 2938 de
629 2904 713 2939 Res.
755 2917 836 2949 cap.
869 2906 923 2939 18.

290 2975 385 3003 BLAr
408 2990 426 2996 —
452 2975 575 3003 Comme.
608 2976 689 3004 Text.
717 2976 792 3006 Cocl.
817 2975 887 3004 [ην.
913 2976 995 3004 Can.
1625 2978 1661 3005 12
