1950 3313
567 165 693 190 INDEX
721 164 912 190 CANONUM
940 165 991 189 ΕΤ
1017 163 1298 190 COMMENTARH

119 336 319 371 Adversus
345 346 423 370 non
449 334 739 378 relinquentem
767 333 874 377 prius
900 332 1075 367 officium
1103 332 1398 377 incompatibile

117 397 267 432 Contra
291 398 525 430 renuentem
551 392 640 427 dare
668 392 942 426 iusiurandum

119 456 338 501 Negligens
364 454 534 498 recipere
560 452 894 486 consecrationem
929 480 934 486 .

118 515 300 550 Canones
325 512 529 547 2399-2403
595 540 601 547 .

119 573 268 609 Contra
293 573 517 607 deserentes
545 582 689 605 munus
715 570 789 604 sibi
819 570 1068 604 commissum

119 633 269 668 Contra
293 632 563 676 resignantem
590 630 630 663 in
657 641 796 663 manus
824 629 1013 663 laicorum
1042 656 1049 662 .

120 692 270 727 Contra
295 690 564 725 detentionem
591 689 844 734 illegitimam
871 686 1001 727 officii,
1029 686 1222 728 beneficii,
1253 656 1490 731 dignitatis.

119 751 268 786 Contra
293 749 520 784 Praelatum
546 748 819 794 negligentem
846 747 1016 792 iecipere
1038 745 1376 780 benedictionem.

120 810 268 846 Contra
293 809 565 854 negligentem
590 808 773 842 emittere
800 806 890 840 fidei
921 805 1201 858 professionem
1261 831 1268 838 .

788 922 974 960 TlTULUS
1004 922 1093 958 XlX.

429 1011 486 1045 De
516 1009 650 1044 abusu
682 1008 896 1052 potestatis
922 1007 980 1042 ve!
1010 1007 1133 1044 officii
1163 1007 1448 1044 ecelesiastici.

75 1151 89 1162 ἢ
124 1108 303 1144 Canones
328 1106 436 1140 2404-
439 1105 534 1139 2414

126 1166 309 1202 Schema:
336 1165 498 1199 Titulus
524 1163 636 1198 XIX.
661 1163 718 1197 De
744 1162 870 1196 abusu
896 1129 1106 1206 potestatis
1134 1160 1195 1194 vel
1228 1160 1347 1195 officii
1383 1128 1499 1194 eccle.-

220 1223 389 1259 siastici.

128 1283 337 1329 Inscriptio
364 1282 491 1317 Tituli
517 1286 636 1327 atque
663 1280 735 1315 sub
762 1291 806 1314 eo
833 1279 1068 1314 delictorum
1094 1278 1280 1312 recensio.

126 1343 287 1378 Abusus
313 1343 356 1377 in
383 1353 525 1387 genere
552 1340 737 1375 coercitio

125 1402 347 1438 Laedentes
374 1402 534 1437 Curiam
560 1399 687 1446 quoad
713 1399 798 1434 eius
825 1398 1060 1433 documenta

127 1462 328 1497 Adversus
355 1460 522 1496 curiales
548 1459 834 1504 delinquentes.

127 1581 176 1616 In
201 1584 396 1626 augentes
423 1583 548 1621 taxas,
579 1578 641 1612 vel
668 1578 774 1612 ultra
799 1588 863 1611 eas
889 1576 1097 1620 exigentes
1159 1602 1166 1608 .

129 1639 296 1684 Propter
321 1638 556 1684 illegitimas
581 1636 738 1671 litteras
765 1635 1006 1670 dimissorias
1050 1661 1057 1668 .

129 1698 277 1733 Contra
302 1696 532 1742 Superiores
557 1695 768 1740 illegitime
794 1694 1046 1728 remittentes
1072 1691 1308 1726 ordinandos

225 1815 466 1850 monialibus
499 1842 506 1849 .

227 1934 441 1969 tioratione
498 1960 505 1967 .

130 1994 288 2029 Delicta
313 1993 516 2028 occasione
543 1991 790 2027 visitationis
816 1990 1023 2025 canonicae
1054 2016 1060 2022 .

134 2053 333 2088 Antistita
358 2052 592 2097 delinquens
619 2055 755 2085 contra
780 2049 1006 2084 libertatem
1024 2047 1283 2082 confessionis

1536 280 1601 301 CAN

1480 361 1484 365 .
1541 331 1634 365 2396

1480 418 1485 424 .
1541 391 1631 425 <2397

1479 478 1484 482 .
1538 450 1632 483 2398

1483 595 1488 600 .
1542 568 1634 601 ‘2399

1482 654 1489 660 .
1542 626 1635 660 24οΟ

1543 685 1634 718 2401

1483 773 1489 778 .
1544 745 1637 777 2402

1480 831 1486 837 .
1538 804 1631 837 2403

1488 1365 1494 1370 .
1548 1337 1639 1370 2404
1690 1338 1696 1347 “

1492 1423 1498 1430 .
1550 1395 1643 1429 2405

1489 1482 1496 1489 .
1548 1455 1641 1489 2406

129 1522 276 1557 Contra
293 1520 528 1555 inducentes
547 1519 676 1554 curiae
695 1518 950 1552 administros
964 1516 1149 1550 adversus
1167 1526 1302 1550 eorum
1317 1513 1499 1549 officium.

1491 1600 1498 1607 .
1549 1573 1643 1607 2408

1492 1659 1499 1665 .
1551 1632 1644 1665 2409

1492 1717 1498 1724 .
1551 1690 1644 1723 2410
1693 1691 1699 1701 “

129 1757 383 1802 Recipientes
410 1754 666 1789 candidatum
693 1765 772 1788 non
799 1753 984 1787 idoneum
1010 1751 1074 1786 vel
1101 1751 1184 1785 sine
1218 1750 1366 1784 litteris
1393 1749 1504 1784 testi-

1490 1835 1497 1842 .
1552 1808 1642 1842 2411

113 1875 217 1924 ⁴Non
243 1875 499 1910 observantes
526 1873 767 1919 praescripta
803 1882 999 1906 canonum
1024 1870 1071 1905 de
1101 1869 1260 1904 dotibus
1288 1873 1327 1903 et
1353 1868 1399 1902 de
1426 1879 1504 1902 cer-

1493 1954 1501 1962 .
1552 1927 1645 1960 2412

1495 2012 1503 2020 .
1554 1985 1646 2019 2413

1494 2074 1500 2080 .
1553 2045 1645 2078 2414

1549 1513 1641 1547 24οΤ

1680 150 1749 185 333

1673 280 1750 301 PAG·

1683 331 1749 364 311

1684 508 1753 542 312
1806 494 1810 498 '

1685 744 1754 777 313
