1950 3313
153 152 220 187 138
615 151 699 184 Lm.
728 150 773 182 V.
802 169 814 174 -
841 149 951 183 PARS
975 149 1027 183 II.
1055 169 1068 179 .-
1095 149 1152 184 De
1170 152 1308 194 poenis
1453 149 1545 184 Can.
1571 147 1776 188 2263-2265

150 270 252 328 [νηί.
287 269 519 312 Notandum
556 273 615 311 est
664 270 701 310 in
736 267 799 311 llis
831 266 1022 311 omnibus
1054 267 1280 311 clausulam
1316 270 1545 311 irritantem
1581 270 1776 311 omissam

150 343 287 393 fuisse,
322 346 443 397 atque
489 338 786 395 prohibitiones
818 338 1038 382 admittere
1084 341 1330 395 parvitatem
1367 340 1577 386 materiae,
1613 342 1779 395 praeter

150 413 437 455 excusationes
479 409 555 453 sub
597 422 687 454 can.
722 409 834 452 2232
868 422 1099 466 expressas,
1132 408 1288 453 aliasve
1331 408 1612 466 generaliores
1654 422 1675 452 a
1721 409 1776 453 le·

151 481 270 538 gibus
304 480 607 524 ecclesiasticis.

269 551 335 595 91.
372 553 514 597 Circa
555 553 904 597 iurisdictionis
952 553 1238 597 exercitium
1283 551 1468 594 decernit
1512 564 1602 593 ean.
1636 552 1776 595 2264.

151 623 276 665 [telus
326 620 636 664 iurisdictionis
682 623 922 679 ceteroquin
972 625 1168 676 retentae,
1220 621 1290 665 sed
1341 623 1507 678 proprie
1551 621 1686 664 dictae
1728 621 1778 665 ad

152 705 336 736 normam
372 705 462 736 can.
499 692 580 735 196
617 698 701 735 tam
747 692 835 750 fori
866 692 1032 735 eoeterm'
1064 706 1188 750 quam
1229 691 1317 750 fori
1358 692 1531 746 interni,
1566 694 1779 749 utriusque

153 763 305 807 ibidem
353 763 567 817 declarati,
604 764 728 807 idest:
773 763 994 807 cuiuslibet
1041 763 1348 817 iurisdictionis,
1384 763 1632 811 ordinariae,
1670 762 1779 806 dele-

151 840 270 891 gatae
303 840 373 878 aut
414 834 725 891 subdelegatae‚
756 835 795 890 a)
826 834 991 891 positus
1036 834 1306 890 personaliter
1340 833 1388 876 ab
1422 833 1780 877 eoeeommzmicato

151 905 349 962 quolibet.
386 907 471 962 ipsa
521 918 685 962 quoque
733 904 938 961 delegatio
983 904 1294 958 iurisdictionis,
1327 917 1405 947 non
1442 909 1578 947 autem
1625 906 1693 962 qui
1743 906 1779 946 vi

153 976 274 1019 liuius
316 975 589 1032 delegationis
631 976 712 1031 liat,
747 981 808 1017 est
850 974 1028 1018 illicitus
1061 976 1503 1018 excommunicationis
1536 987 1684 1028 causa;
1728 980 1781 1029 et,

153 1046 195 1104 b)
228 1047 265 1089 si
297 1046 388 1089 lata
419 1046 553 1104 fuerit
585 1045 794 1089 sententia
828 1045 1173 1089 condemnatoria
1208 1044 1271 1087 vel
1303 1044 1605 1098 declaratoria‚
1631 1049 1671 1088 et
1694 1047 1780 1101 pari

154 1119 325 1171 ratione,
357 1119 389 1160 si
424 1117 546 1160 fuerit
584 1116 775 1160 vitandus
824 1118 924 1169 iure,
965 1131 984 1156 c(
1009 1121 1125 1159 actus
1170 1115 1465 1158 iurisdictionis
1490 1131 1509 1155 ))
1547 1127 1672 1171 supra
1716 1114 1784 1158 de-

151 1188 346 1241 claratus,
380 1187 507 1230 etiam
556 1187 784 1239 invalidus,
817 1186 932 1230 salvo
977 1186 1245 1245 praescripto
1293 1200 1384 1228 can.
1418 1188 1554 1240 2261,
1585 1185 1613 1244 ξ
1642 1187 1690 1239 3,
1732 1185 1782 1228 de

157 1259 367 1303 validitate
400 1258 669 1302 absolutionis
706 1274 726 1299 «
751 1261 789 1301 in
823 1257 909 1301 solo
945 1260 1086 1300 mortis
1122 1257 1305 1314 periculo
1339 1257 1389 1300 ad
1428 1269 1614 1300 normam
1660 1269 1782 1300 cano-

155 1333 216 1373 nis
250 1330 346 1390 882,
383 1330 519 1385 ἓὲὃὲς
553 1329 592 1386 c)
617 1343 747 1380 secas,
771 1329 985 1372 videlicet:
1021 1342 1099 1371 non
1134 1330 1354 1372 eveniente
1388 1328 1623 1371 conditione
1647 1327 1782 1371 decla-

155 1406 240 1444 rata
274 1401 350 1444 sub
400 1401 531 1444 littera
569 1400 626 1455 b),
660 1402 799 1457 quivis
846 1404 961 1443 actus
1009 1398 1387 1443 iurisdictionis'ab
1420 1400 1783 1442 excommunicato

155 1474 309 1529 positus
342 1477 402 1514 est
448 1485 613 1528 semper
661 1470 838 1521 validus,
875 1470 954 1514 imo
1005 1484 1075 1526 per
1108 1472 1278 1514 canonis
1321 1471 1609 1526 exceptionem
1656 1469 1783 1512 etiam

154 1545 232 1586 erit
265 1542 420 1597 licitus,
443 1542 481 1585 si
503 1556 527 1584 α
551 1541 741 1598 fidelibus
771 1541 929 1599 petitus
962 1541 1018 1584 sit
1051 1541 1186 1598 quoad
1221 1540 1522 1584 absolutionem
1548 1552 1782 1583 sacramen-

155 1613 276 1657 talem
312 1613 367 1656 act
401 1626 589 1656 normam
607 1613 860 1656 declaratam
886 1612 1107 1655 memorati
1140 1612 1261 1668 paulo
1295 1617 1388 1654 ante
1422 1625 1511 1654 can.
1545 1613 1679 1663 2261,
1712 1610 1782 1654 sed

154 1684 192 1739 ξι
224 1684 281 1727 31.
306 1684 367 1727 Ad
404 1683 512 1727 hunc
545 1695 745 1727 canonem
781 1685 969 1739 pertinet,
996 1688 1038 1725 ut
1071 1682 1437 1739 declaratio,quod
1473 1683 1528 1724 ait
1562 1681 1711 1724 Paulus
1733 1679 1784 1723 lv

158 1758 195 1798 in
229 1768 302 1799 sua
336 1759 464 1798 const.
505 1753 648 1798 «Cum
684 1768 731 1804 ex
766 1754 1030 1810 Apostolatus
1053 1769 1074 1794 ›>
1104 1754 1117 1775 ²
1153 1755 1190 1796 in
1235 1752 1263 1811 ἓ
1297 1754 1343 1795 ὃ;
1379 1752 1548 1810 quidam
1584 1765 1631 1795 eo
1675 1751 1783 1807 quod

162 1842 181 1867 ‹<
204 1828 448 1869 senteutiam
484 1827 929 1868 excominunicationis
952 1838 998 1867 eo
1033 1827 1118 1881 ipso
1153 1827 1423 1877 incurraut‚...
1451 1836 1525 1867 nec
1555 1836 1668 1877 voce,
1696 1835 1784 1879 per-

155 1909 268 1951 sona,
301 1899 465 1953 scriptis
502 1896 562 1939 vel
610 1898 758 1938 nuncio
792 1901 861 1938 aut
908 1900 1174 1952 procuratore
1208 1895 1346 1953 aliquo
1381 1894 1475 1937 ad...
1511 1893 1680 1937 consilia
1713 1906 1785 1936 seu

156 1968 357 2023 synodum
388 1967 448 2010 vet
483 1967 719 2021 concilium7
754 1966 947 2023 generale
975 1966 1034 2009 vel
1073 1966 1341 2022 provinciale,
1367 1979 1441 2009 nec
1474 1963 1674 2009 conclave
1698 1977 1785 2008 car-

156 2038 355 2081 dinalium
391 2042 460 2080 aut
493 2038 672 2094 aliquam
709 2037 894 2080 fidelium
926 2039 1291 2093 congregationem
1331 2050 1401 2079 seu
1435 2036 1679 2079 electionem
1714 2035 1785 2077 ali-

158 2111 292 2162 cuius,
323 2114 392 2151 aut
427 2110 706 2151 testiinonium
741 2107 1041 2164 perhibendum
1077 2108 1361 2161 admittantur,
1397 2120 1471 2150 nec
1504 2106 1662 2149 admitti
1701 2119 1786 2161 pos·

158 2182 237 2222 siut
261 2195 298 2220 )).
333 2177 448 2231 Quae
482 2181 619 2221 omnia
654 2192 761 2221 nunc
796 2178 1059 2234 intelligenda
1094 2182 1188 2221 sunt
1221 2191 1314 2220 cum
1351 2176 1617 2232 ampliatione
1640 2188 1688 2219 ac
1711 2175 1787 2219 sub

158 2250 394 2293 conditione
430 2251 465 2291 in
500 2262 589 2292 can.
626 2249 751 2297 2263,
787 2251 990 2305 praesenti
1025 2254 1064 2291 et
1096 2250 1282 2305 sequenti
1320 2250 1470 2303 positis.

279 2320 345 2362 92.
383 2322 521 2366 Aliae
562 2322 921 2376 prohibitiones
963 2323 1205 2376 sequuntur.
1243 2317 1347 2361 Can..
1379 2320 1519 2361 2265.
1564 2320 1588 2371 g
1622 2320 1656 2359 1.
1686 2316 1786 2371 Qui-

159 2389 258 2433 libet
292 2389 672 2433 eoeeommum'ealus
705 2394 745 2432 et
787 2389 909 2432 huius
942 2401 1087 2432 causa:
1122 2414 1179 2419 —
1211 2387 1267 2430 J.⁰
1305 2387 1553 2431 Prohibetur
1585 2387 1636 2431 ab
1670 2401 1786 2430 exer·

160 2461 290 2504 cendo
326 2461 417 2503 iure
452 2462 616 2517 proprie
649 2460 771 2515 dicto,
805 2460 913 2518 quod
949 2472 969 2502 a
1006 2459 1263 2515 legislatione
1297 2461 1497 2502 canonica
1531 2460 1688 2501 oriatur
1725 2457 1787 2500 vel

160 2537 496 2588 recognoscatur,
530 2532 568 2580 a)
602 2530 798 2587 eligendi,
835 2521 882 2573 in
923 2533 1020 2586 ipsis
1063 2542 1229 2587 quoque
1274 2529 1471 2572 laicorum
1517 2529 1786 2572 confraterni-

162 2601 313 2646 tatibus
346 2602 395 2645 ad
431 2615 617 2645 normam
653 2614 742 2645 can.
777 2602 874 2656 7t3‚
909 2605 948 2644 et
983 2602 1127 2657 potiori
1170 2602 1328 2643 ratione
1361 2600 1410 2643 ad
1447 2611 1634 2642 normam
1669 2611 1788 2642 canu.

166 2689 188 2714 «
212 2673 269 2716 De
303 2673 549 2716 electione»
587 2673 791 2726 teo-178,
826 2672 1175 2729 quandocumque
1208 2670 1247 2713 hi
1282 2671 1476 2714 servandi
1511 2674 1618 2723 sunt,
1657 2683 1693 2711 v,
1728 2682 1787 2724 gr.

165 2759 186 2783 «
212 2746 249 2787 in
284 2743 571 2797 electionibus,
605 2756 710 2800 quae
744 2755 765 2786 a
798 2742 997 2799 Capitulis
1041 2743 1143 2785 tiunt
1166 2757 1187 2782 »
1216 2741 1323 2798 (can.
1361 2740 1478 2798 507),
1516 2740 1558 2798 b)
1589 2753 1787 2797 praesen-

282 2898 291 2918 1
327 2897 365 2930 15
391 2896 501 2931 Febr.
537 2897 634 2930 1559.
