1950 3313
90 193 184 230 can.
209 193 413 230 ziam-2352
466 193 550 228 Trr.
572 193 678 228 XIV.
701 215 714 220 -
733 195 788 230 De
806 196 957 231 delictis·
976 199 1111 231 contra
1132 200 1251 232 citam
1270 201 1335 232 etc.
1645 200 1714 232 255

206 313 342 358 Manet
373 325 540 372 quoque
573 326 622 356 ex
658 313 780 358 Cone.
816 314 925 358 'Fi-id.
963 316 973 337 ¹
1011 329 1154 372 poena,
1189 330 1310 373 quam
1335 319 1393 360 sic
1417 317 1711 376 declat-affl&

91 384 177 443 Ipsi
208 398 303 428 vero
336 383 575 428 duellantes
607 398 733 441 supra
767 386 864 429 dicti
899 398 946 430 ac
981 387 1177 430 declarati
1212 394 1249 430 el
1284 388 1355 445 qui
1387 401 1529 430 eorum
1549 388 1715 445 patrini

88 461 304 509 vocantur,
338 469 386 500 eo
431 455 541 513 quod
588 455 751 498 adstant
797 461 837 499 ut
878 457 1136 501 conditiones
1179 458 1303 501 duelli
1347 464 1578 505 sei-ventur,
1620 465 1714 501 sun!

85 532 310 585 praeterea
344 526 434 584 ipso
469 525 598 570 duelli
634 525 748 583 facto
784 526 977 584 infames,
1023 541 1168 584 nempe
1217 530 1431 572 «infamia
1477 532 1618 572 iuris»
1667 530 1715 572 ad

90 610 277 641 normam
313 609 402 641 can.
439 596 568 652 2293,
601 599 626 651 ἓ
659 597 696 641 9..

211 668 498 724 Interpretatio
535 667 651 711 verbi
692 683 713 708 «
736 668 966 711 duellantes
990 684 1009 709 »
1049 669 1283 712 declaratur
1318 672 1354 712 in
1379 670 1542 713 casibus
1567 684 1638 727 per
1663 685 1717 713 rc-

91 751 285 794 sponsum
319 739 356 781 S.
392 737 434 782 C.
469 737 510 781 C.
552 740 762 794 proposito
786 737 935 781 dubio:
966 755 987 780 «
1010 738 1087 789 An,
1111 751 1132 781 a
1157 739 1306 795 quibus
1329 744 1366 782 et
1390 754 1437 782 cx
1464 753 1640 796 quonam
1669 743 1715 782 ti-

92 809 177 853 tulo
210 808 496 866 irregularitas
528 808 812 862 contrahatur,
835 809 1001 866 quando
1034 809 1217 852 duellum
1253 822 1298 852 ea
1335 813 1489 853 ratione
1532 813 1717 853 commit-

92 883 205 934 titur,
246 893 328 938 quo
371 879 434 923 his
476 879 734 936 temporibus
776 881 882 923 inter
923 878 1170 923 Germaniae
1214 879 1500 923 Universitatis
1532 881 1718 924 alumnos

93 953 180 995 tieri
214 950 317 1000 solet
352 952 391 994 in
425 963 537 995 casu.
572 949 674 994 Nam
710 952 835 994 Sacra
869 950 1017 1007 Congr.
1057 950 1227 994 Concilii
1264 950 1278 971 ²
1324 953 1554 1006 rescripsit:
1599 952 1716 1008 Affir-

93 1022 260 1076 mative‚
292 1036 317 1064 a
350 1021 636 1065 duellanlibus
669 1035 893 1079 eorumque
923 1021 1124 1079 patrinis,
1158 1035 1210 1064 επ
1242 1020 1422 1078 insilirem
1444 1021 1549 1064 ium‘s
1572 1038 1611 1064 ».
1633 1022 1720 1064 Ete-

95 1096 176 1136 nim
223 1098 312 1156 post
356 1092 732 1150 promulgationem
779 1091 942 1136 Codicis
988 1094 1088 1135 iuris
1126 1094 1313 1136 canonici
1359 1092 1476 1135 rediit
1520 1093 1716 1134 dissensio

95 1168 200 1208 inter
232 1166 482 1217 canonistas,
516 1166 598 1206 imo
634 1165 744 1220 ipsas
778 1165 883 1206 inter
915 1165 1052 1206 curias
1090 1162 1357 1219 episcopales.
1398 1162 1535 1215 Quare
1574 1162 1722 1205 humil-

95 1237 191 1279 lime
224 1235 276 1279 ab
308 1232 534 1279 Ordinario
568 1234 835 1278 Ratisbonen.
869 1237 1100 1291 quaesitum
1136 1235 1232 1277 suit:
1272 1250 1293 1274 «
1317 1234 1377 1277 An
1404 1233 1502 1277 llaec
1529 1234 1720 1277 resolutio

94 1308 246 1352 Sacrae
278 1306 428 1363 Congr.
462 1305 633 1350 Concilii
680 1305 817 1349 adhuc
863 1305 1010 1349 valeat.
1055 1304 1103 1348 Et
1136 1304 1240 1347 Emi.
1284 1305 1323 1349 S.
1357 1304 1522 1360 Congr.S
1553 1304 1720 1347 Concilii

98 1379 280 1424 Patres..
314 1378 648 1435 respondendum
684 1390 907 1422 censuere:
942 1376 1219 1434 Affirmalive:
1247 1391 1266 1416 »
1295 1375 1322 1418 ³.

216 1449 312 1495 194.
348 1452 398 1496 ln
431 1451 678 1496 libertatis
710 1450 912 1495 tutelam
947 1447 1082 1505 quoad
1117 1452 1247 1491 status
1278 1446 1481 1490 clericalis
1527 1447 1587 1489 rel
1634 1447 1723 1489 rcli-

95 1523 198 1577 giosi
232 1522 537 1577 susceptionem
583 1520 775 1563 conditus
818 1524 878 1564 est
919 1533 1010 1563 ean.
1053 1519 1182 1562 2352
1225 1517 1452 1574 partialiter
1496 1501 1723 1560 1·efe1·e11s“⁴

94 1591 264 1637 Concilii
299 1591 527 1634 Tridentini
562 1591 791 1634 decretum.
832 1606 854 1631 «
877 1589 1141 1633 Anathemati
1176 1589 1324 1632 Sancta
1349 1588 1538 1645 synodus
1561 1588 1725 1631 subiicit

96 1676 252 1717 omnes,
286 1668 326 1706 et
357 1662 542 1719 singulas
567 1674 776 1718 personas,
810 1663 1111 1718 cuiuscumque
1145 1660 1368 1717 qualitatis,
1396 1659 1456 1702 vel
1482 1659 1727 1703 conditionis

98 1736 261 1785 t'uerint,
295 1739 378 1777 tam
412 1733 601 1786 clericos,
637 1745 760 1790 quam
799 1732 937 1787 laicos,
971 1731 1208 1775 saeculares
1245 1730 1306 1774 vel
1346 1729 1570 1787 regulares,
1605 1735 1726 1786 atque

97 1808 219 1850 etiam
254 1803 439 1862 qualibet
472 1804 674 1860 dignitate
710 1803 927 1860 fulgentes,
952 1805 984 1846 si
1008 1802 1399 1860 quomodocumque
1422 1803 1631 1857 coegerint
1655 1800 1726 1844 ati-

98 1889 221 1934 quam
260 1878 478 1932 virginem,
516 1874 577 1918 vel
618 1875 802 1929 viduam,
835 1879 903 1917 aut
937 1874 1059 1917 aliam
1095 1885 1403 1930 quamcumque
1428 1872 1641 1915 mulierem
1668 1873 1725 1914 in-

102 1950 242 2001 vitam,
279 1950 569 2003 praeterquam
604 1948 642 1988 in
678 1944 845 1989 casibus
878 1957 898 1988 a
935 1946 1023 1987 iure
1056 1945 1276 2000 expressiS,
1303 1942 1428 1999 (quae
1451 1941 1647 1995 clausula,
1668 1947 1725 1984 ut-

75 2023 192 2075 pote
227 2017 382 2061 inutilis
414 2019 489 2060 fuit
524 2019 562 2059 in
597 2029 756 2060 canone
790 2015 960 2073 omissa)
994 2015 1042 2059 ad
1080 2013 1397 2070 ingrediendum
1433 2015 1725 2056 monasterium

101 2089 163 2133 vel
199 2089 248 2133 ad
283 2088 593 2145 suscipiendum
629 2087 813 2131 habitum
848 2090 1149 2144 cuiuscumque
1184 2084 1408 2141 religionis,
1446 2083 1506 2127 vel
1541 2083 1590 2127 ad
1616 2086 1729 2126 emit-

100 2160 265 2205 tendam
302 2161 622 2216 professionem,
659 2161 812 2215 quique
846 2157 1080 2212 consilium,
1115 2155 1315 2200 auxilium
1354 2154 1415 2198 vel
1452 2156 1633 2198 savorem
1658 2155 1725 2197 de-

99 2233 258 2287 derIntg
291 2233 447 2289 quique
480 2232 671 2281 scientes,
705 2242 794 2272 eam
832 2242 910 2271 non
944 2232 1089 2284 sponte
1122 2226 1281 2283 ingredi
1318 2228 1626 2280 monasterium,
1660 2231 1726 2268 aut

101 2303 287 2347 habitum
319 2305 544 2358 suscipere,
580 2305 650 2344 aut
682 2302 978 2357 professionem
1013 2300 1215 2349 emittere,
1249 2309 1415 2354 quoquo
1450 2296 1570 2339 modo
1593 2296 1725 2339 eidem

99 2376 207 2418 actui
247 2373 309 2417 vel
355 2374 646 2430 praesentiam,
696 2371 759 2415 vel
803 2383 1064 2420 consensum,
1113 2368 1175 2412 vel
1219 2369 1505 2411 auctoritatem
1552 2369 1725 2422 interpo-

100 2447 259 2489 suerint
280 2459 321 2486 ».

219 2514 269 2558 Hi
303 2517 444 2559 conrei
476 2513 738 2558 solummodo
777 2513 966 2556 «eadem
1001 2513 1170 2555 canonis
1204 2522 1331 2567 poena
1358 2513 1591 2551 tenentur»
1621 2507 1726 2564 (can.

102 2586 249 2644 2231),
283 2586 334 2630 de
367 2585 519 2644 quibus
552 2588 591 2628 in
626 2598 715 2629 can.
753 2584 879 2639 2209,
913 2583 941 2641 ξ
975 2584 1012 2631 1,
1062 2587 1099 2625 et
1150 2582 1389 2624 nominatim
1425 2578 1500 2621 sul)
1532 2580 1558 2635 ξ
1591 2578 1612 2619 :3
1652 2594 1671 2617 (ι
1695 2579 1725 2618 si

102 2658 298 2702 delictum
333 2659 422 2700 sine
455 2669 598 2700 eorum
633 2668 757 2712 opera
792 2656 1060 2699 commissum
1097 2666 1175 2695 non
1212 2653 1350 2694 suisset
1375 2665 1412 2690 )).
1447 2650 1582 2691 (Ianon
1631 2661 1726 2688 voro

101 2732 160 2773 sie
192 2742 235 2772 se
268 2727 411 2772 habet:
444 2726 893 2771 Eoecommunicatz'one
927 2723 1083 2767 nemini
1114 2726 1329 2765 reservata
1365 2720 1452 2777 ipso
1489 2719 1600 2775 [nelo
1643 2718 1727 2759 olli-

102 2801 209 2852 caci3
244 2811 337 2842 nam
380 2813 399 2839 c(
426 2810 559 2855 poena
596 2798 685 2854 lege
717 2801 865 2840 statuta
902 2808 980 2838 non
1016 2795 1257 2845 incurritur,
1289 2793 1363 2833 nisi
1389 2789 1581 2832 delictum
1609 2789 1725 2829 t'uorit

221 2907 233 2928 ²
262 2904 362 2939 Sess.
393 2903 521 2947 XXV,
551 2915 633 2947 cap.
665 2904 721 2938 19.
744 2901 790 2936 de
809 2901 894 2935 Res.
924 2920 964 2924 —
994 2899 1007 2921 ‘2
1034 2901 1054 2931 9
1074 2900 1177 2942 Aug.
1201 2898 1303 2930 1890.
1327 2916 1366 2919 —
1386 2895 1399 2916 3
1427 2895 1469 2926 10
1488 2892 1596 2925 Febr.
1623 2891 1723 2943 itit-2:13,

104 2952 180 2988 CO.
208 2952 296 2993 XV,
326 2951 494 2987 154-156.
523 2972 567 2976 —
593 2952 607 2973 4
634 2950 726 2995 Cap.
751 2950 806 2989 18,
836 2947 935 2982 Sess.
963 2946 1090 2983 XXV.
1120 2947 1176 2978 De
1196 2942 1398 2988 Regular.S
1418 2949 1455 2974 et
1476 2937 1723 2973 monialibus.
