1950 3313
587 184 644 219 De
671 185 818 229 leyibus
843 194 888 218 ae
913 184 1024 218 libris
1051 184 1247 226 lituryicis
1671 181 1735 216 191

108 310 212 354 rant,
244 304 314 348 sed
348 305 570 360 separatim
606 303 835 358 descriptos
877 301 1068 355 habeant,
1112 314 1291 358 eumque
1332 300 1410 344 illis
1444 300 1579 344 locum
1613 306 1738 357 atque
1799 309 1802 313 ’

107 375 293 418 ordinem
329 373 524 426 tribuant,
558 376 626 429 qui
665 373 818 428 regulis
854 371 918 415 liic
951 372 1172 427 descriptis
1196 372 1414 415 traditur...
1450 376 1487 414 et
1523 373 1737 414 inferius...

108 445 383 502 omnibusque
415 443 590 487 aliorum
626 442 1016 499 Martyrologioruin
1051 445 1234 485 omnium
1276 442 1438 499 publice
1459 444 1738 499 privatimque

108 518 145 558 in
179 516 470 560 ecclesiasticis
505 513 626 557 Horis
661 527 777 557 usum
805 514 1091 557 interdicimus
1118 529 1155 557 )).

227 586 267 629 ln
303 587 577 628 novisautem
611 584 862 628 editionibus
895 590 1005 628 certe
1032 589 1200 640 possunt
1243 586 1380 638 inseri,
1406 587 1486 627 imo
1519 583 1669 627 debent
1703 586 1735 627 si

106 657 356 701 decernatur
390 658 502 698 iuxta
537 658 708 699 sormam
749 668 770 698 a
809 658 847 700 S.
883 655 928 700 R.
953 656 995 699 C.
1020 654 1304 712 approbatam,
1338 656 1474 699 Sancti
1510 654 1560 698 al)
1595 654 1736 698 ultima

106 728 286 771 editione
328 729 582 780 canonizati„
619 741 697 769 non
735 740 833 770 vero
868 729 892 769 ii
927 729 996 784 qui
1040 726 1301 769 solummodo
1340 726 1538 769 declarati
1574 728 1738 769 luerunt

106 799 232 850 Beati,
267 801 343 842 nisi
377 798 545 855 speciali
573 801 729 841 ratione
762 801 811 841 sit
849 800 1093 854 permissum
1129 810 1148 840 a
1184 797 1289 840 Sede
1326 797 1451 853 Aplca
1475 798 1501 841 ¹.

231 870 324 913 178.
360 871 732 916 Caeremoniale
776 871 1128 926 Episcoporum
1168 873 1279 911 caret
1316 868 1502 911 l'ormulis
1536 867 1739 924 liturgicis

107 945 230 998 atque
263 941 524 984 solummodo
558 943 739 984 continet
775 939 961 983 rubricas
992 939 1220 983 servandas
1255 942 1292 982 in
1328 939 1607 983 functionibus
1643 953 1736 995 pon-

107 1011 329 1054 tificalibus
361 1014 450 1054 sive
483 1011 534 1055 ab
569 1014 655 1067 ipso
689 1010 892 1067 Episcopo
924 1013 1013 1053 sive
1036 1024 1057 1053 a
1083 1010 1277 1066 praelatis
1318 1009 1581 1053 inferioribus
1603 1013 1692 1053 sive
1716 1023 1736 1053 a

108 1083 318 1124 ministris.
353 1080 544 1125 Clemens
570 1080 654 1124 Vllt
675 1080 901 1137 publicas-it
923 1080 1020 1123 illud
1047 1094 1119 1136 per
1142 1081 1277 1123 (Ionst.
1309 1096 1328 1121 «
1348 1080 1448 1123 Cum
1471 1083 1734 1123 novissime»

107 1152 184 1195 sub
217 1153 282 1195 die
318 1152 367 1195 14
405 1152 478 1196 lul.
514 1153 641 1196 1600.
679 1152 718 1194 ln
755 1152 829 1195 bac
875 1154 1073 1208 praecipit
1117 1152 1344 1207 praefatum
1385 1167 1405 1191 (s
1428 1150 1739 1195 Caeremoniale

109 1222 407 1280 Episcoporum
446 1226 483 1266 in
519 1226 713 1266 universa
734 1223 918 1266 Ecclesia
944 1222 1065 1266 latina
1092 1222 1399 1265 observandum
1425 1236 1513 1265 esse
1537 1221 1587 1266 ab
1612 1225 1750 1264 omni»

110 1296 185 1340 bus
218 1300 255 1338 et
289 1294 463 1351 singulis
508 1297 693 1351 personis
727 1294 776 1337 ad
811 1306 914 1351 quas
956 1297 1175 1349 spectat»,
1211 1293 1417 1350 simulque
1449 1295 1588 1336 statuit
1626 1293 1735 1336 illum

110 1366 260 1410 librum
301 1365 457 1408 «nullo
492 1378 674 1422 unquam
713 1370 899 1421 tempore
935 1366 972 1406 in
1009 1369 1092 1407 toto
1120 1363 1181 1407 vel
1218 1366 1255 1406 in
1282 1369 1396 1421 parte
1421 1378 1538 1421 posse
1573 1367 1739 1407 mutari.

112 1436 172 1480 vel
209 1439 244 1480 ei
279 1436 433 1494 aliquid
469 1436 563 1480 addi
600 1441 669 1480 aut
702 1438 870 1478 omnino
903 1435 1063 1479 detrahi
1089 1452 1128 1480 )),
1163 1437 1456 1492 neminemque
1482 1449 1598 1491 posse
1625 1448 1741 1492 pera-

108 1521 207 1565 gere
248 1520 420 1551 munera
462 1507 735 1551 sacerdotalia
774 1512 843 1550 aut
887 1506 964 1550 alia
1001 1509 1038 1549 in
1079 1506 1379 1550 Caeremoniali
1425 1511 1629 1555 contenta,
1665 1509 1738 1549 nisi

110 1581 222 1622 iuxta
258 1580 431 1622 formam
469 1578 621 1622 ibidem
657 1581 970 1635 praescriptam,
1006 1591 1080 1621 nec
1119 1577 1238 1621 aliter
1263 1579 1422 1620 muneri
1447 1577 1522 1621 sibi
1549 1580 1749 1633 imposito

109 1650 445 1700 satisfacturum,
480 1654 520 1692 at
554 1649 784 1692 laudabiles
822 1649 1142 1693 consuetudines
1175 1648 1499 1692 immemoriales
1532 1652 1655 1692 eliam
1690 1651 1741 1692 ei-

109 1720 202 1764 dem
237 1719 536 1764 Caeremoniali
582 1723 811 1764 contrarias
845 1733 923 1763 non
958 1720 1177 1776 abrogavit
1216 1735 1235 1760 «
1259 1733 1334 1763 nec
1384 1722 1551 1777 antiqua
1596 1719 1741 1763 Caere-

111 1791 302 1834 monialia
339 1794 376 1834 in
413 1791 604 1848 hisquae
639 1791 733 1834 huic
767 1790 1069 1835 Caeremoniali
1106 1795 1200 1834 sunt
1238 1791 1528 1843 conformia»,
1562 1804 1738 1847 quorum

112 1875 228 1905 usum
266 1864 476 1919 permittit.
511 1861 619 1905 Talis
654 1861 757 1905 liber
788 1864 982 1919 quamvis
1015 1864 1295 1905 correctiones
1328 1864 1586 1905 successivas
1609 1861 1742 1905 subie-

113 1934 163 1975 rit
197 1946 268 1989 per
300 1932 585 1976 Innocentium
621 1932 656 1975 X
692 1937 730 1976 et
763 1932 914 1977 Bened.
949 1932 1054 1987 Xlll,
1090 1935 1333 1975 immutatus
1376 1935 1571 1976 remansit
1604 1933 1738 1990 quoad

110 2002 310 2047 ambitum
345 2003 609 2060 obligationis
639 2009 677 2047 et
702 2006 754 2047 ita
781 2006 1080 2060 perseveravit,
1106 2004 1201 2047 licet
1225 2003 1470 2047 Benedictus
1495 2001 1583 2046 XlV
1605 2003 1737 2046 eidem

110 2072 410 2118 Caeremoniali
453 2075 626 2118 adderet
667 2075 858 2118 undecim
903 2077 1037 2131 capita
1072 2074 1164 2118 libri
1201 2076 1309 2117 tertii
1344 2074 1394 2117 ad
1430 2074 1742 2130 praecavendas

111 2148 416 2189 controversias
458 2146 510 2189 de
553 2146 931 2203 praecedentiis'et
975 2145 1201 2189 honoribus
1235 2147 1272 2187 in
1312 2144 1591 2188 functionibus
1626 2144 1742 2187 litur-

110 2228 226 2271 giers.

229 2370 240 2392 ι
269 2369 305 2404 s.
332 2369 416 2404 Rit.
447 2370 488 2405 C.
518 2370 561 2404 31
589 2370 692 2416 Aug.
723 2370 826 2405 1860.

555 2641 809 2686 Expmerr
863 2656 946 2685 nic
999 2641 1297 2686 Appmmx.

693 2713 774 2756 Deo
806 2727 974 2756 GnA'riAs
1005 2726 1167 2756 samaa.
