1950 3313
611 130 694 163 T1T.
724 130 753 164 Ι,
783 149 794 156 ·
826 130 878 164 De
904 131 1048 173 leuibus
1074 131 1200 165 eccles.
1676 129 1725 163 89

100 252 138 292 in
175 252 306 306 ipsum
343 254 473 306 potest
508 249 707 292 iudicium
752 249 1109 292 cerulemnationis
1159 250 1277 296 serre,
1328 251 1359 291 si
1404 254 1544 291 cotnra
1591 249 1722 304 legem

99 326 193 377 agat
227 322 268 377 l«
295 321 427 364 Prima
462 319 589 363 Sedes
620 333 641 362 a
676 322 840 362 nemine
875 320 1081 362 iudicatur
1107 336 1125 359 »
1163 320 1260 362 (Ian.
1302 320 1446 375 1556).
1481 320 1557 362 Sed
1599 332 1726 376 quan-

99 396 185 434 tum
219 391 268 435 ad
305 393 389 433 vim
422 390 669 433 directivam
707 389 808 446 legis
843 392 1034 445 princeps
1068 390 1123 445 (et
1161 389 1369 445 legislator
1402 389 1721 432 ecclesiasticus*

99 461 293 505 subditur
328 460 406 517 legi
443 461 605 516 propria
643 459 868 513 voluntate,
913 460 1139 502 secundum
1186 460 1293 516 quod
1338 462 1535 515 scriptum
1581 464 1638 501 est
1685 461 1721 502 in

101 531 405 576 Decretalibus:
433 530 444 552 ¹
485 530 643 584 «Quod
678 532 853 587 quisquc
889 532 989 573 iuris
1014 533 1051 572 in
1077 530 1250 573 alterum
1276 533 1430 581 statuit,
1457 533 1542 585 ipse
1575 530 1719 572 eodem

99 605 187 646 iure
220 604 276 645 uti
310 600 433 645 debet
450 616 488 643 ».
516 600 561 643 Et
586 602 793 656 Sapientis
818 601 917 643 dicit
942 603 1188 644 auctoritas:
1221 616 1239 639 «
1263 601 1401 643 l'atere
1427 600 1572 656 legem,
1598 614 1720 657 qnam

98 678 140 716 tu
175 676 261 729 ipse
284 672 484 715 tuleris».
518 671 773 714 Theodosius
796 676 834 714 et
863 670 1171 714 Valentinianus
1206 675 1330 727 impp.
1359 670 1576 714 Volusiano
1603 672 1721 714 l'rae-

98 745 204 788 fecto
237 742 446 787 scribunt:
467 743 481 765 2
521 758 540 783 <c
568 742 695 798 Digna
735 756 812 785 vox
853 747 911 785 est
948 744 1159 785 maiestate
1190 744 1411 797 regnantis,
1448 741 1606 797 legibus
1639 742 1722 783 alli-

97 819 238 871 gatum
273 827 316 857 se
352 815 577 870 principem
614 815 818 869 proliteri:
851 813 953 856 adeo
987 813 1037 855 de
1071 814 1316 855 anctoritate
1345 814 1444 854 iuris
1468 817 1602 854 nostra
1631 825 1722 868 pen-

97 886 166 929 det
198 887 435 929 auctoritas,
471 884 518 927 Et
554 896 700 927 revera
736 886 868 927 maius
902 886 1075 940 imperio
1108 888 1166 926 est
1200 882 1406 926 subiicere
1430 882 1588 938 legibus
1614 885 1720 938 prin-

97 959 347 1012 cipatum».
385 956 722 1012 improperantur
765 957 887 998 etiam
923 968 943 997 a
981 953 1152 996 Domino
1187 956 1210 995 ii
1246 953 1317 1010 qni
1359 953 1516 1001 (lirant,
1560 959 1597 994 et
1643 968 1720 994 mm

96 1026 277 1086 facium,
311 1032 348 1070 et
383 1029 452 1083 qui
486 1026 587 1068 aliis
629 1039 757 1069 onera
799 1025 950 1082 (μανία
996 1026 1213 1081 imponunt
1263 1030 1301 1066 el
1351 1024 1432 1081 ipsi
1476 1038 1547 1065 nec·
1589 1024 1723 1078 dissito

100 1097 241 1141 volant
274 1112 323 1140 ea
358 1110 532 1148 movere,
575 1101 617 1139 ut
658 1096 811 1139 dicitur
858 1094 1014 1148 (Matth.
1056 1094 1214 1150 xxm).
1267 1094 1383 1138 Unde
1432 1099 1629 1150 (quantum
1675 1094 1722 1136 ad

98 1167 169 1211 Dei
205 1168 404 1211 iudicium
442 1169 633 1223 princeps
667 1166 733 1216 (ac
767 1165 1073 1209 ecclesiasticus
1107 1163 1338 1220 legislator)
1375 1177 1452 1206 non
1482 1168 1541 1206 est
1564 1163 1723 1206 solutus

97 1239 244 1295 alege
277 1243 478 1296 quantum
514 1237 563 1280 ad
600 1239 683 1279 vim
729 1237 976 1279 directivam
1024 1238 1124 1281 eius,
1171 1234 1241 1277 sed
1287 1234 1409 1277 debet
1456 1234 1726 1285 voluntarius,

96 1323 175 1352 non
210 1314 378 1352 coactus
412 1308 545 1364 legem
583 1307 768 1363 implere.
805 1332 858 1337 —
898 1309 967 1349 Est
1000 1308 1123 1349 etiam
1171 1308 1361 1361 princeps
1385 1304 1474 1360 (seu
1510 1304 1723 1347 ecclesias-

97 1383 202 1424 ticus
237 1378 464 1436 legislator)
488 1390 612 1435 snpra
638 1378 786 1434 legem,
813 1380 1072 1434 inquantum,
1098 1379 1129 1419 si
1165 1375 1391 1432 expediens
1425 1377 1559 1429 suerit,
1595 1381 1721 1429 potest

95 1451 230 1508 legem
266 1455 437 1505 mutare,
473 1455 511 1492 et
546 1451 584 1491 in
619 1461 665 1492 ea
699 1448 940 1504 dispensare
976 1462 1046 1503 pro
1082 1447 1170 1490 loco
1200 1451 1237 1490 et
1285 1451 1468 1502 tenuiore
1494 1462 1512 1486 »
1551 1446 1599 1488 ad
1636 1459 1727 1488 nor-

99 1534 207 1564 mam
241 1534 331 1565 can.
367 1521 438 1574 81,
471 1520 539 1565 82.

217 1591 274 1635 De
308 1597 447 1636 cetero
482 1591 603 1635 liuius
629 1592 736 1634 modi
762 1592 976 1634 doctrinae
1000 1590 1224 1633 concordat
1256 1588 1444 1633 Gelasius
1470 1588 1575 1644 l'apa
1609 1590 1723 1630 aiens

99 1666 137 1706 in
171 1663 342 1719 epistola
390 1662 440 1705 ad
492 1662 716 1718 Episcopus
766 1661 997 1705 Dardaniae
1022 1662 1059 1705 3:
1100 1676 1119 1701 ((
1143 1660 1411 1712 Contidimus,
1445 1658 1553 1716 quod
1589 1657 1726 1700 nullus

97 1736 177 1777 iam
205 1735 409 1777 veraciter
431 1732 688 1777 Christianus
713 1734 887 1788 ignoret,
913 1733 1238 1788 uniuscuiusque
1262 1730 1416 1786 Synodi
1436 1731 1719 1779 constitutum,

94 1805 204 1862 quod
239 1803 488 1848 universalis
522 1803 730 1847 Ecclesiae
765 1803 953 1859 probavit
978 1815 1183 1853 assensus„
1209 1801 1362 1844 nullam
1389 1802 1519 1855 magis
1547 1801 1716 1855 exsequi

95 1876 236 1919 sedem
273 1888 369 1932 prae
402 1877 552 1918 ceteris
585 1879 789 1931 oportere,
814 1886 936 1931 quam
964 1875 1161 1930 primam:
1192 1885 1297 1929 quae
1322 1876 1358 1914 et
1386 1883 1720 1927 unamquamque

94 1946 300 2003 synodum
334 1958 406 1988 sua
441 1947 686 1988 auctoritate
719 1945 951 1994 confirmat„
985 1948 1023 1986 et
1056 1945 1293 1986 continuata
1321 1941 1601 1983 moderatione
1636 1953 1722 1982 cns-

99 2017 199 2060 todit
223 2032 260 2059 >›.
300 2041 348 2047 —-
385 2015 538 2060 Citatos
571 2029 750 2060 canones
783 2028 830 2058 ac
878 2017 978 2057 iuris
1012 2015 1212 2070 principia
1249 2017 1440 2069 putamus
1479 2024 1566 2054 esse
1597 2009 1725 2065 impli-

97 2089 176 2131 cite
210 2089 248 2130 in
283 2100 374 2131 can.
412 2087 461 2129 13
495 2091 687 2130 contenta
719 2085 796 2129 sub
831 2085 910 2128 illis
946 2085 1082 2128 vei-his
1120 2099 1140 2125 (c
1164 2097 1307 2127 omnes
1341 2097 1411 2138 pro
1445 2082 1595 2139 quibus
1620 2081 1723 2124 latae

97 2164 229 2203 sunt»
254 2158 532 2215 intelligendis
555 2158 822 2201 «secundum
849 2159 1057 2213 propriam
1086 2155 1306 2199 verborum
1332 2155 1676 2210 significationem
1700 2168 1718 2192 2)

95 2229 204 2287 (can.
245 2230 326 2286 18),
363 2243 436 2286 pro
470 2228 631 2285 legibus
666 2231 780 2271 initio
823 2228 1123 2279 determinatis,
1155 2231 1278 2283 atque
1322 2225 1371 2268 ad
1409 2236 1596 2267 normam
1631 2236 1724 2266 can.

101 2300 166 2355 13,
204 2300 254 2343 14
289 2300 581 2344 excludentem
617 2299 892 2357 quarumdam
928 2310 1070 2341 earum
1106 2297 1242 2353 legum
1282 2295 1604 2339 observantiam.

217 2371 285 2415 711.
321 2373 447 2424 Quid
471 2374 588 2417 iuris
612 2373 674 2417 de
692 2372 1065 2428 peregrinorum
1089 2373 1138 2415 et
1156 2380 1396 2424 vagorum
1422 2367 1727 2412 subiectione

97 2443 308 2499 legibus.
341 2442 402 2485 Ex
437 2444 649 2499 principiis
683 2444 722 2484 in
755 2454 843 2485 can.
884 2441 934 2483 13
969 2440 1161 2484 admissis
1195 2438 1312 2482 facile
1356 2437 1619 2481 deducuntur
1655 2449 1726 2491 per

99 2512 275 2569 logicam
311 2512 550 2566 illationem,
584 2514 778 2570 quamvis
826 2513 1011 2568 opposita
1063 2510 1141 2553 illis
1191 2510 1422 2559 videantur,
1473 2509 1724 2563 praescripta

100 2597 177 2625 ean
201 2585 268 2627 14.
292 2585 317 2636 ἐ
340 2586 375 2626 1.
414 2582 645 2639 Ρενεφ·ιήιῗ,
680 2596 851 2639 nempe:
887 2584 954 2639 qui
990 2581 1039 2625 ad
1076 2586 1236 2637 tempus
1271 2580 1371 2622 int'ra
1398 2581 1593 2620 maiorem
1629 2580 1724 2619 anni

100 2659 272 2710 partem.
304 2658 375 2696 aut
407 2653 540 2697 obiter
573 2658 612 2697 et
644 2655 760 2711 quasi
797 2656 1106 2709 praetereuntes
1151 2664 1222 2707 pro
1266 2649 1404 2706 aliquo
1449 2650 1612 2703 negotio
1660 2645 1725 2688 vel

220 2761 230 2781 ¹
259 2759 349 2804 Cap.
379 2760 400 2791 6
439 2759 485 2793 de
523 2759 882 2793 constitutionibus
921 2758 985 2791 tit.
1018 2757 1052 2790 ΙΙ
1079 2756 1164 2790 Lib.
1194 2756 1223 2790 Ι.
1269 2776 1308 2780 -
1342 2756 1355 2777 '2
1385 2755 1466 2787 Lib.
1501 2753 1561 2786 [V.
1593 2752 1633 2785 (Ὗ.
1666 2752 1721 2785 De

99 2807 256 2852 legibus
282 2813 322 2841 et
347 2807 557 2841 constitut.
588 2827 628 2831 —
655 2807 669 2828 3
696 2805 786 2851 Cap.
814 2808 829 2839 1
859 2816 962 2839 caus.
993 2804 1118 2841 XXV,
1148 2816 1182 2848 q.
1214 2803 1238 2836 Ι.
