1950 3313
82 177 147 210 114
541 172 626 206 L1B.
656 171 701 205 V.
729 191 743 196 -
771 171 880 204 PARS
905 170 956 205 ΙΙ.
986 190 999 195 -
1024 170 1082 205 De
1102 173 1239 214 poenis
1493 168 1585 204 Gan.
1612 168 1709 203 2253

79 295 255 338 excidat.
297 292 432 335 «Loci
471 304 569 334 vero
602 287 852 334 Ordinarius
876 305 895 330 ))
935 289 1012 333 hoc
1056 291 1094 332 in
1138 302 1312 332 numero
1357 288 1400 330 30
1434 290 1603 331 canonis
1643 301 1703 330 se-

77 365 259 409 cundum
296 363 549 420 praecedens
593 363 654 404 ius
698 360 992 416 intelligendus
1032 365 1093 403 est
1134 373 1299 417 quoque
1341 362 1443 402 ritus
1481 357 1706 402 orientalis.

78 435 238 478 Etenim
290 434 338 476 ad
389 434 623 489 quaesitum
659 446 694 471 ·‹<
719 430 757 473 3.
791 430 853 473 An
888 430 935 474 R.
972 431 1010 474 P.
1046 429 1091 473 D.
1129 429 1365 473 Patriarclia
1410 428 1707 472 Maronitarum

80 507 204 561 possit
237 503 457 546 absolvere
490 514 511 545 a
546 503 732 545 censuris
755 500 929 558 aliisque
955 503 1097 557 poenis
1119 500 1414 544 ecclesiasticis
1437 499 1594 542 alienos
1616 498 1708 542 sub-

79 576 196 629 ditos,
233 576 362 616 invito
396 578 466 616 aut
499 572 731 615 inconsulto
766 574 932 628 proprio
965 571 1201 628 Episcopo?
1233 570 1271 614 S.
1305 570 1456 626 Congr.
1489 570 1539 612 de
1591 569 1706 626 Prop.

83 646 225 689 Fide...
252 646 263 666 ¹
301 643 345 687 R.
380 643 430 687 ad
467 643 504 686 3.
540 643 685 697 Quoad
722 655 919 685 censuras
944 641 1046 685 latas
1089 654 1111 685 a
1156 644 1258 696 iure,
1293 641 1578 691 Affirmative3
1627 652 1711 696 quo

82 729 178 758 vero
211 715 261 757 ad
296 726 494 757 censuras
529 713 630 757 latas
662 726 733 755 seu
767 712 998 755 declaratas
1030 712 1082 755 ab
1107 711 1295 755 bomine:
1330 711 1372 754 ln
1412 711 1544 768 gradu
1568 709 1706 767 appel-

79 785 255 839 lationis,
289 786 467 828 servatis
499 784 780 828 servandis».
818 783 1086 840 Prosequitur
1128 795 1258 825 canon
1308 784 1346 824 in
1395 782 1709 824 enumeratione

81 855 343 911 particulari:
381 854 424 912 b)
457 869 482 897 a
519 867 784 898 «censura»
822 858 1039 896 reservata
1073 866 1268 909 expresse
1303 851 1400 895 Sedi
1443 850 1711 909 Apostolicae

80 926 373 982 intelligendae
406 926 456 969 ad
492 938 680 968 normam
716 937 805 968 can.
841 925 881 979 7,
906 939 926 965 «
949 913 1169 967 absolvere
1195 928 1325 980 potest
1350 939 1369 964 ))
1399 922 1511 975 haee,
1537 922 1709 966 scilicet:

84 1012 104 1038 ((
128 1010 206 1040 non
241 997 371 1040 solum
407 996 618 1040 Romanus
653 996 902 1047 Pontifex»,
941 1011 961 1035 (c
985 1000 1071 1038 tum
1106 1008 1249 1038 omnes
1282 999 1321 1037 et
1352 994 1537 1050 singulas
1577 993 1707 1036 eccle-

78 1070 173 1120 sias,
208 1073 290 1110 tum
327 1081 471 1110 omnes
504 1072 543 1110 et
576 1066 761 1123 singulos
797 1071 981 1123 pastores
1014 1070 1055 1108 et
1093 1065 1280 1108 fideles»
1320 1064 1428 1122 (can.
1463 1064 1561 1114 ⁶218,
1595 1066 1620 1118 ἓ
1654 1064 1710 1119 ⁶2),

77 1140 147 1181 sed
169 1141 294 1181 ctiam
315 1140 426 1180 iuxta
450 1137 713 1194 singulorum
737 1139 1060 1193 competentiam
1094 1135 1447 1192 Congregationes
1480 1136 1518 1178 S.
1556 1132 1709 1187 Officii,

76 1209 379 1253 Consistorialis
410 1207 687 1264 Congregatio
719 1205 967 1252 Ordinarios
1001 1205 1393 1262 locorum‚Concilii
1427 1206 1603 1250 clericos
1625 1218 1712 1248 sae-

79 1279 255 1334 culares,
289 1282 413 1323 etiam
450 1278 651 1335 parochos
684 1284 723 1321 et
756 1280 991 1332 canonicos,
1026 1290 1074 1321 ac
1107 1276 1293 1333 singulos
1317 1276 1456 1329 laicos,
1479 1288 1710 1332 eorumque

76 1353 381 1403 associationes,
402 1350 472 1393 sed
501 1350 575 1392 bac
599 1350 706 1392 duae
729 1348 895 1405 (longi-,⁵
918 1362 1012 1392 cum
1040 1350 1297 1391 restrictione
1321 1347 1507 1390 locorum
1533 1360 1605 1403 per
1630 1350 1712 1389 tres

78 1421 378 1478 subsequentes
395 1419 760 1477 Congregationes,
775 1432 881 1477 quae
898 1424 1010 1462 sunt:
1032 1418 1235 1475 religiosis
1253 1417 1465 1461 sodalibus
1479 1419 1710 1474 praeposita

80 1492 213 1549 quoad
234 1492 421 1535 subditos
440 1493 581 1548 ipsius,
599 1490 678 1534 alia
702 1491 753 1534 de
775 1490 1042 1547 Propagauda
1057 1489 1206 1532 Fidein
1222 1491 1309 1532 eius
1323 1491 1638 1544 circumscripta
1654 1501 1711 1530 re·

80 1562 285 1619 gionibus,
304 1575 351 1606 ac
385 1565 422 1604 in
445 1562 658 1618 religiosos
676 1564 799 1604 etiam
820 1573 900 1618 qua
923 1562 1218 1612 missionarios‚
1238 1573 1285 1603 ac
1305 1560 1485 1616 denique
1503 1559 1540 1602 S.
1560 1558 1711 1614 Congr.

84 1648 155 1689 pro
179 1633 361 1677 Ecclesia
381 1632 569 1675 orientali
595 1645 694 1688 ergo
712 1631 918 1689 quoslibet
941 1631 1127 1675 eiusdem
1152 1631 1340 1674 subditos
1362 1635 1401 1673 et
1425 1630 1527 1673 loca.
1548 1629 1711 1672 Etenim

79 1705 130 1748 ab
164 1704 226 1747 his
259 1702 659 1760 Congregationibus
682 1719 701 1743 <t
727 1703 929 1746 absolutio
948 1715 1150 1746 censurae
1173 1702 1295 1745 datur
1318 1703 1357 1744 in
1383 1703 1471 1744 foro
1495 1706 1708 1744 externo»

78 1779 186 1828 (cau.
220 1774 366 1830 2251),
402 1788 473 1830 pro
508 1775 596 1817 foro
629 1778 769 1817 autem
805 1776 965 1817 interno
1001 1777 1159 1816 tantum
1192 1774 1282 1815 sive
1305 1771 1596 1815 sacramentali
1621 1773 1711 1813 sive

81 1844 510 1889 extra-sacramentali
546 1845 619 1888 has
672 1844 892 1901 «largitur
935 1844 1215 1888 absolutiones
1258 1843 1297 1886 S.
1343 1843 1661 1886 Poenitentiaria
1686 1857 1706 1882 ))

80 1921 185 1969 (can.
221 1916 304 1959 258
337 1918 362 1969 g
397 1915 453 1971 t).
490 1915 658 1958 Praeter
689 1915 837 1958 Sedem
872 1913 1154 1971 Apostolicam
1191 1913 1314 1956 modo
1347 1912 1572 1965 declarato,
1597 1911 1713 1955 addit

81 2000 235 2030 canon:
271 1986 398 2029 aliive
432 1990 601 2042 possunt
634 1985 706 2043 qui
739 1984 981 2028 absolvendi
1012 1998 1034 2028 a
1068 1986 1256 2028 censuris
1285 1988 1537 2041 potestatem
1576 1981 1625 2025 ab
1663 1996 1713 2024 ea

77 2057 248 2107 scilicet,
282 2057 388 2100 Sede
422 2056 672 2112 Apostolica,
708 2061 749 2099 ut
779 2060 915 2099 manet
937 2056 1143 2111 distincta,
1169 2053 1502 2112 impetraverint,
1520 2053 1590 2096 sed
1615 2065 1710 2096 cum

83 2129 234 2170 tenoris
267 2127 527 2169 diversitate:
562 2126 603 2183 a)
637 2126 723 2169 sive
752 2125 1006 2183 yeneralem,
1030 2139 1103 2169 seu
1139 2125 1250 2168 nullo
1274 2125 1431 2177 addito,
1454 2123 1491 2165 si
1533 2136 1712 2165 censura

82 2197 336 2241 absolvenda
369 2196 621 2253 simpliciter
652 2202 871 2238 reservata
904 2196 974 2250 sit,
1009 2195 1050 2252 b)
1084 2195 1170 2238 sive
1202 2194 1426 2252 specialem
1475 2207 1524 2237 ex
1573 2192 1713 2236 verbis

86 2270 272 2324 rescripti
305 2267 654 2323 cognoscendam,
687 2267 724 2309 si
756 2272 973 2309 reservata
1008 2267 1132 2309 fuerit
1164 2265 1341 2323 speciali
1374 2264 1493 2308 modo
1536 2277 1710 2307 censura

87 2340 349 2391 remittenda,
383 2337 422 2394 c)
457 2337 542 2379 sive
579 2336 758 2394 denique
799 2336 1153 2394 specialissimam
1192 2335 1472 2378 «facultatem
1517 2337 1710 2391 impetra-

89 2411 221 2452 verint
243 2424 283 2463 n,
317 2408 354 2451 si
386 2412 602 2450 reservata
633 2407 940 2465 specialissimo
974 2406 1092 2450 modo
1127 2406 1193 2449 illa
1226 2405 1425 2459 sit,3(llv0
1446 2405 1713 2463 praeseriplo

85 2494 175 2524 can.
208 2481 335 2522 2254
367 2481 504 2522 statim
539 2479 800 2535 explicando,
838 2491 909 2534 per
941 2477 1051 2535 quod
1086 2477 1188 2520 tales
1233 2476 1448 2520 facultates
1491 2479 1577 2532 ipso
1624 2478 1713 2519 iure

87 2550 376 2593 conceduntur
409 2550 458 2592 ad
495 2561 614 2592 casus
647 2553 927 2592 occurrentes.

206 2620 500 2663 Adnotandum
539 2618 663 2663 verba
704 2619 990 2662 «absolvendi
1028 2622 1312 2674 potestatem...
1347 2620 1436 2661 sive
1474 2618 1710 2675 generalem

86 2694 176 2734 sive
208 2690 446 2747 specialem,
480 2694 569 2733 sive
603 2691 781 2747 denique
814 2689 1201 2746 specialissimam»
1241 2702 1318 2731 non
1353 2689 1572 2745 designare
1596 2701 1709 2745 prae-

87 2764 171 2805 cise
206 2764 401 2804 maiorem
440 2761 500 2804 vel
539 2763 738 2803 minorem
775 2773 990 2803 numerum
1027 2772 1185 2813 eorum,
1219 2761 1287 2816 qui
1323 2773 1367 2802 ea
1393 2760 1613 2812 donantur,
1638 2772 1713 2801 nec

246 2914 287 2948 17
319 2914 426 2948 Febr.
458 2914 562 2948 1772.
594 2913 843 2947 Gollectanea
870 2912 907 2946 S.
938 2912 1082 2957 Congr.
1109 2912 1154 2946 de
1182 2912 1224 2945 P.
1256 2911 1314 2955 R,
1346 2923 1383 2944 n.
1412 2911 1495 2945 487.
