1950 3313
147 146 217 180 294
516 146 602 179 Lm.
624 146 668 180 V.
690 166 702 171 -
723 147 832 181 PARS
850 147 922 181 111.
943 168 958 174 -
976 148 1031 182 De
1043 149 1181 191 poenis
1202 148 1243 180 z'n
1261 147 1401 180 delicta
1451 147 1544 182 Can.
1572 147 1775 185 2376-2377

149 265 226 309 hoc
259 270 346 308 est:
381 270 522 309 contra
574 265 865 322 religiosorum
914 265 1188 322 obligationes
1235 266 1463 323 explicatas
1496 268 1534 310 in
1570 266 1644 310 Tit.
1686 267 1777 311 Xlll

147 336 331 379 eiusdem
365 335 492 390 Libri,
525 336 667 392 Capite
701 336 748 382 1⁰.
785 363 837 367 —
871 336 1059 392 Canones
1091 335 1214 380 huius
1246 336 1367 380 Tituli
1411 335 1520 379 XVll
1565 340 1776 382 continent

148 409 399 463 praescripta
432 406 509 450 sub
542 406 619 450 hoc
653 408 820 450 ordine:
857 420 933 451 can
969 407 1219 451 2376-2380
1255 408 1521 451 inflictionem
1549 421 1773 464 poenarum

147 481 314 533 propter
347 476 644 533 obligationum
668 481 1037 534 transgressionem
1062 477 1253 522 omnibus
1277 478 1441 521 cleric1s
1474 481 1774 534 communium,

144 554 375 604 sequuntur
408 561 496 591 can.
534 548 780 592 2381-2374
804 548 1065 593 sanctionum
1086 550 1221 607 quoad
1247 562 1350 592 onus
1375 549 1624 593 residentiae
1648 551 1686 592 in
1712 563 1778 605 ge·

147 631 257 672 nere,
292 620 427 675 quoad
475 618 750 675 parochorum
791 619 1079 676 obligationes,
1123 624 1162 663 et
1195 619 1330 677 quoad
1364 621 1586 663 canonicos
1619 619 1776 663 theolo-

146 701 252 750 gum·
279 693 318 731 et
352 691 713 745 poenitentiarium
749 692 787 733 in
823 704 968 734 eorum
1007 689 1250 734 muneribus
1283 690 1500 747 explendis
1539 691 1776 747 urgendos3

147 764 287 815 postea
321 765 551 816 sequuntur
584 773 764 805 canones
798 762 849 805 de
871 762 1360 821 secundainscriptionis
1393 760 1514 804 Tituli
1552 765 1681 818 parte,
1705 763 1775 820 qui

145 834 296 872 statum
332 830 572 886 religiosum
606 837 845 888 susceptum
883 828 1206 876 vindicant'sub
1239 831 1772 887 nn=.⁶2385-2387,v01um

144 902 344 944 castitatis
377 913 468 944 can.
503 902 616 945 “2388
650 907 689 945 et
723 905 977 959 paupertatis
1014 908 1152 946 votum
1187 903 1322 960 quoad
1350 906 1475 946 vitam
1510 916 1773 946 communem

144 971 394 1015 servandam
430 985 521 1017 can.
557 973 682 1016 9389.
719 971 1006 1030 Obligationes
1038 974 1286 1017 clericorum
1312 986 1555 1033 communes
1587 973 1774 1017 conside-

146 1046 289 1085 rantur
321 1043 467 1087 eodem
502 1043 578 1087 sul)
611 1045 756 1088 ordine
789 1057 837 1089 ac
881 1048 918 1088 in
956 1047 1189 1102 respectivo
1232 1044 1380 1099 Titulo‚
1424 1047 1584 1088 etiamsi
1619 1058 1698 1088 non
1734 1046 1773 1088 in

144 1113 403 1170 singularum
438 1118 788 1172 transgressiones
821 1121 1054 1159 statuantur
1089 1129 1258 1172 poenae,

264 1185 360 1228 ⁶219.
400 1187 609 1243 Propter
642 1189 875 1233 omissum
908 1189 1122 1234 annuale
1154 1201 1381 1234 examen.
1414 1212 1466 1217 —
1505 1185 1608 1229 Can.
1631 1187 1771 1229 2376.

145 1255 392 1299 Sacerdotes
431 1272 451 1297 ‹(
474 1270 632 1310 omnes,
666 1260 738 1301 etsi
775 1257 1027 1302 beneficium
1054 1258 1288 1314 paroeciale
1321 1263 1391 1301 aut
1414 1257 1655 1301 canonicale
1678 1270 1772 1300 con-

144 1329 273 1370 secuti
298 1343 319 1367 »
359 1327 467 1384 (can.
504 1328 599 1381 130,
633 1330 657 1382 ἓ
693 1328 749 1385 1),
785 1329 856 1386 qui
888 1329 926 1384 a)
958 1343 1089 1387 neque
1121 1327 1169 1371 ab
1203 1327 1436 1372 Ordinario
1459 1328 1709 1386 dispensati,
1735 1332 1773 1370 et

145 1398 371 1441 notandum
422 1398 486 1442 liic
521 1402 646 1442 taceri
682 1401 828 1443 iustam
874 1412 1040 1444 causam
1077 1414 1125 1443 ex
1161 1402 1229 1444 cit.
1274 1412 1362 1445 can.
1399 1401 1689 1452 necessariam,
1730 1398 1773 1450 b)

144 1482 276 1526 neque
308 1469 495 1526 leyitz'mo
530 1470 824 1528 impedimento
857 1471 1032 1518 detenti,
1066 1474 1156 1515 sive
1187 1470 1376 1515 naturale
1409 1470 1509 1514 illud
1543 1473 1608 1526 sit,
1644 1474 1686 1513 ut
1720 1471 1775 1512 in-

145 1539 333 1592 firmitas
365 1542 455 1583 sive
488 1542 540 1585 ab
573 1542 708 1585 officio
742 1542 1024 1586 ecclesiastico
1057 1542 1196 1586 habito
1230 1544 1462 1599 proveniat,
1496 1543 1603 1598 sicut
1646 1542 1771 1583 nimia

144 1614 361 1667 occupatio
395 1614 432 1654 in
467 1625 515 1655 eo
552 1612 613 1655 rel
650 1613 818 1656 moralis
855 1613 1098 1657 discedendi
1139 1612 1462 1670 impossibilitas,
1491 1615 1580 1656 sive
1602 1611 1771 1655 demum

146 1693 340 1738 magnum
377 1683 686 1726 incommodum
724 1686 1079 1740 proportionatum
1115 1684 1164 1727 ad
1200 1697 1387 1727 normam
1423 1695 1512 1727 can.
1549 1681 1709 1739 “2905g
1739 1682 1772 1734 1,

146 1752 168 1794 ⁶2
195 1751 237 1808 ¹3
272 1752 351 1795 illis
384 1767 483 1810 ergo
516 1753 678 1797 duobus
726 1754 1015 1799 deficientibus
1048 1757 1316 1809 coniunctim,
1351 1767 1523 1810 nempe:
1558 1750 1770 1803 Ordiuarii

143 1823 306 1867 licentia
342 1823 611 1881 legitimoque
646 1825 956 1881 impedimento,
991 1831 1030 1869 et
1052 1830 1273 1882 eapropter
1306 1825 1490 1869 debitum
1515 1837 1689 1867 eoeamen
1722 1822 1773 1866 de

143 1908 222 1952 quo
255 1894 298 1937 in
332 1909 421 1939 ean.
458 1897 545 1939 130
578 1896 755 1939 annuale
787 1895 931 1954 faeere
964 1897 1145 1953 proiecto
1178 1895 1411 1950 renuerim,
1455 1896 1564 1954 quod
1599 1908 1648 1938 ex
1684 1907 1769 1937 mo—

142 1968 297 2009 nitione
329 1966 502 2010 evidens
536 1968 618 2021 liet,
650 1970 838 2025 sequitur
871 1970 910 2010 in
944 1981 1101 2011 canone
1127 1967 1202 2011 hoc
1238 1972 1532 2024 praeceptum:
1567 1966 1616 2009 ab
1644 1964 1770 2009 Ordi-

143 2036 267 2079 mm'z'o
292 2036 367 2080 loci
393 2037 590 2095 congruis
610 2038 757 2095 poenis
780 2041 1043 2082 comminatis
1068 2043 1291 2095 posteaque
1315 2038 1552 2094 infligendis
1584 2036 1640 2080 ad
1662 2036 1772 2080 illud

143 2107 405 2151 subeundum
441 2114 647 2165 coquntur
678 2109 727 2152 ad
764 2122 952 2152 normam
988 2122 1077 2153 can.
1114 2109 1241 2166 2223,
1265 2111 1290 2163 ἓ
1319 2109 1356 2160 3,
1386 2109 1444 2163 1⁰,
1469 2109 1695 2151 dummodo
1719 2108 1767 2151 ad

142 2178 398 2222 saecularem
423 2179 579 2222 clerum
603 2182 847 2235 pertineant,
870 2182 1064 2238 quamvis
1089 2183 1125 2223 in
1151 2182 1360 2224 communi
1389 2182 1531 2222 vivant
1553 2181 1640 2222 sine
1667 2181 1771 2222 votis

142 2249 192 2292 ad
229 2262 414 2292 normam
450 2263 539 2293 can.
576 2250 672 2294 678.

263 2320 359 2364 220.
386 2321 570 2367 Contra
592 2323 906 2367 omissionem
930 2323 1255 2368 interessendi
1281 2322 1598 2367 conferentiis
1621 2325 1771 2377 atque

141 2392 366 2436 solvendi
414 2406 581 2437 casum
627 2394 879 2437 moralem.
928 2417 982 2424 —
1035 2391 1134 2434 Can.
1168 2393 1310 2435 2377.
1345 2390 1591 2434 Sacerdotes
1639 2396 1768 2433 «tum

141 2474 286 2503 omnes
318 2462 566 2516 saeculares,
602 2467 686 2506 tum
725 2462 904 2518 religiosi
930 2462 1022 2505 licet
1056 2464 1238 2518 exempti
1263 2449 1405 2505 curam
1441 2464 1672 2505 animarum
1698 2459 1768 2503 ha-

143 2530 285 2574 bentes
320 2537 359 2574 et
392 2535 514 2575 etiam
535 2548 555 2573 n
594 2532 677 2587 alii,
711 2533 761 2576 de
794 2532 946 2590 quibus
979 2535 1018 2575 in
1052 2532 1234 2593 secunda
1268 2535 1438 2576 canonis
1472 2538 1598 2589 parte,
1623 2537 1771 2575 eontra

137 2602 451 2660 praeseriptwn
484 2617 575 2648 ean.
596 2605 675 2647 131
693 2603 926 2657 (addendus
959 2607 1020 2647 est
1051 2603 1079 2661 ἓ
1102 2603 1143 2659 3)
1167 2609 1445 2655 contumaces,
1468 2603 1626 2647 scilicet
1647 2619 1654 2646 :
1682 2607 1769 2658 post

261 2755 303 2798 (¹)
331 2755 425 2790 Can.
444 2756 549 2790 2205.
575 2760 594 2797 ξ
625 2761 652 2790 1.
680 2756 749 2790 Vis
775 2755 939 2801 physica
965 2766 1062 2799 quae
1089 2766 1244 2789 omnem
1270 2755 1410 2789 adimit
1436 2755 1579 2800 agendi
1605 2755 1768 2789 faculta-

141 2805 234 2841 tem,
261 2801 449 2836 delictum
476 2814 633 2847 prorsus
660 2803 848 2837 excludit.
880 2823 922 2827 —
950 2806 968 2844 ξ
994 2804 1028 2837 2.
1054 2802 1185 2836 Metus
1212 2814 1365 2847 quoque
1393 2803 1538 2847 gravis,
1567 2803 1687 2836 etiam
1713 2814 1768 2836 re-

142 2848 264 2883 lative
291 2853 461 2890 tanturn,
503 2851 728 2891 necessitas,
756 2851 832 2883 imo
859 2854 898 2883 et
925 2860 1043 2893 grave
1079 2849 1380 2894 incommodum,
1421 2850 1649 2894 plerumque
1677 2848 1769 2883 deli-

140 2900 263 2938 ctum,
293 2896 325 2929 si
352 2901 493 2941 agatur
519 2897 564 2931 de
591 2898 745 2942 legibus
773 2908 876 2930 mere
903 2896 1195 2937 ecclesiasticis,
1226 2898 1385 2941 penitus
1415 2897 1578 2931 tollunt.
