1950 3313
121 153 213 189 Can.
241 152 444 187 2370-2371
496 153 580 187 Trr.
610 154 718 189 XVI.
747 176 758 181 -
789 156 842 191 De
860 157 1241 193 delictis-1111trdmtn.
1263 159 1369 193 Sacr.
1680 161 1749 195 257

123 271 165 329 b)
184 270 386 330 Episcopi
403 271 553 328 singuli
578 272 755 316 duorum
786 291 807 315 «
831 289 934 332 quos
958 276 1183 332 Episcopus
1207 283 1470 321 consecrator
1493 279 1613 323 debet
1637 279 1749 323 adlti-

123 343 220 387 bere
242 358 265 384 »
303 345 410 398 (can.
446 342 565 400 954),
598 343 674 396 vel,
710 344 797 387 loeo
831 345 1148 404 Epis-copormn,
1184 348 1349 404 quando
1394 365 1412 389 «
1439 349 1513 392 liac
1546 364 1670 406 super
1705 365 1746 393 re

121 427 143 457 a
176 414 282 457 Sede
316 413 550 470 Apostolica
576 414 860 470 dispensatum
896 418 1016 459 luerit
1039 433 1078 468 »,
1103 424 1141 460 et
1164 431 1185 461 a
1210 420 1365 461 t'ortiori
1391 422 1421 461 si
1449 420 1548 463 liaeo
1572 421 1747 464 desuerit

121 485 386 541 dispensatio,
420 489 480 527 ast
504 488 601 528 tune
628 484 781 537 illicite,
807 487 847 542 c)
868 486 1103 544 presbyteri
1136 488 1380 531 assistentes
1415 489 1617 546 Episcopo
1650 505 1744 534 con-

120 557 297 599 secranti
322 555 371 598 ad
398 554 519 598 liuius
542 558 867 599 consecrationis
893 557 1127 606 liceitateim
1162 558 1205 614 d)
1240 564 1278 600 el
1301 559 1372 616 qni
1394 561 1746 604 conset-rationem

120 624 285 683 recipit,
308 625 659 682 quandocumque
684 625 750 669 illa
777 628 844 669 liat
868 627 959 669 sine
982 628 1210 684 apostolico
1236 629 1432 672 mandato
1456 636 1599 672 eontra
1622 645 1743 688 prae-

120 696 323 753 scriptum
355 709 445 738 can.
480 697 590 749 953,
628 697 759 740 idest:
792 697 859 740 illo
884 711 962 740 non
987 704 1166 748 extante,
1192 713 1265 743 nec
1289 701 1436 743 sullicit
1461 702 1568 757 quod
1606 701 1746 745 illicite

121 771 245 823 agant
277 779 324 809 eo
357 766 466 823 quod
508 782 527 807 (ι
554 769 666 823 prius
711 781 788 810 non
834 773 1037 811 constet»
1076 769 1126 811 de
1160 769 1244 821 illo,
1279 775 1319 812 ut
1352 773 1418 814 cit.
1454 785 1581 813 canon
1623 775 1743 814 etiam

123 835 377 893 praeseribit.
415 837 618 881 Praedicti
655 838 745 896 ipso
789 838 883 881 inre
924 840 1118 896 suspensi
1159 847 1270 891 sunt,
1304 854 1382 897 qua
1436 845 1747 898 «suspensione

120 907 371 964 generaliter
406 907 483 957 lata
518 909 931 965 comprehenduntur
963 924 1106 954 omnes
1137 911 1321 958 effectus
1346 914 1413 968 qui
1450 915 1486 954 in
1522 912 1748 956 canonibus

120 978 211 1022 art.¹
246 977 310 1031 lll,
342 976 456 1035 Cap*
483 978 526 1033 ll,
550 978 626 1024 Tit.
656 978 755 1034 Vlll,
790 979 873 1025 Lib.
903 979 931 1023 V
965 986 1305 1024 enumerantur»
1344 981 1452 1039 (can.
1490 982 1614 1035 2278,
1638 984 1665 1040 g
1690 983 1747 1039 2),

121 1053 160 1093 et
192 1061 299 1107 quae
331 1053 546 1106 suspensio
580 1050 777 1107 perdurat
820 1050 949 1094 donee
991 1051 1116 1095 Sedes
1159 1052 1399 1110 Apostoliea
1432 1067 1499 1095 eos
1532 1053 1745 1110 (lis-penm-

123 1120 240 1174 verit,
273 1133 354 1178 quo
391 1120 517 1164 verbo
553 1124 684 1164 innuit
717 1134 848 1165 canon
886 1122 949 1166 liic
983 1125 1049 1179 agi
1083 1123 1134 1166 de
1174 1136 1302 1179 poena
1342 1124 1606 1171 vindicatura,
1641 1136 1747 1181 quae

121 1192 238 1235 estin
272 1204 362 1235 ean.
383 1192 496 1235 2298
519 1192 597 1236 sub
621 1193 679 1235 n.O
700 1192 744 1235 20
767 1209 786 1233 ((
811 1195 1032 1249 suspensio
1056 1194 1105 1237 ad
1133 1193 1435 1250 beneplacitum
1455 1196 1688 1250 Superioris
1709 1210 1745 1234 ».

123 1261 420 1320 Praedictaque
452 1265 610 1306 sanctio
644 1269 704 1306 est
738 1277 843 1307 nova
880 1267 919 1307 in
956 1267 1057 1307 iure.

240 1332 336 1376 213.
373 1335 557 1380 Contra
589 1337 819 1381 delictum
853 1338 1094 1390 simoniae
1126 1339 1173 1381 in
1211 1340 1630 1383 sacramentorum
1664 1338 1746 1381 ad-

120 1406 481 1451 ministratione
514 1419 574 1451 ae
605 1409 908 1462 receptione.
954 1432 1006 1437 —
1055 1405 1154 1449 Can.
1189 1409 1322 1452 2371.
1361 1406 1511 1450 Omnes
1547 1407 1748 1463 baptizati,

119 1473 247 1517 etiam
279 1474 511 1533 episcopali
543 1475 754 1533 diynitale
786 1477 914 1527 niceti,
947 1477 1056 1535 quod
1091 1478 1257 1521 additur
1282 1492 1358 1521 non
1396 1481 1582 1534 respectu
1617 1479 1747 1533 suspi-

120 1547 250 1589 cionis
283 1545 333 1588 de
366 1559 446 1603 qua
484 1548 616 1602 primo
661 1544 843 1604 lequitur
885 1560 1030 1592 canon.
1063 1548 1134 1592 sed
1171 1553 1337 1605 propter
1369 1548 1597 1592 subnexam
1637 1564 1655 1588 ((
1680 1561 1747 1591 su-

119 1618 382 1671 spensionem
407 1632 448 1671 »,
481 1630 529 1660 eo
563 1618 671 1675 quod
714 1620 833 1661 «nisi
874 1632 1070 1675 expresse
1115 1622 1393 1674 nominentur,
1438 1633 1516 1662 non
1560 1632 1747 1675 compre-

122 1685 359 1730 henduntur
392 1686 582 1744 Episcopi
617 1688 694 1732 sub
729 1691 871 1744 poenis
906 1689 1010 1732 latae
1042 1691 1272 1733 sententiae
1304 1691 1585 1746 suspensionis
1617 1694 1655 1732 et
1691 1691 1749 1731 in·

122 1756 283 1800 terdicti
308 1773 328 1798 J>
366 1756 474 1814 (can.
511 1758 639 1811 2227,
672 1758 700 1815 ξ
732 1758 790 1815 2),
830 1773 1060 1802 «omnes»
1099 1773 1198 1816 ergo
1241 1760 1312 1817 qui
1345 1760 1386 1814 a)
1415 1773 1493 1817 per
1523 1759 1747 1802 simoniam

120 1827 313 1883 equidem
353 1844 375 1869 α
399 1830 499 1872 iuris
531 1829 707 1872 divini»
746 1830 958 1873 delinitam
993 1835 1029 1873 et
1064 1830 1310 1886 explicatam
1347 1833 1383 1873 in
1418 1843 1508 1875 ean.
1532 1830 1631 1885 737,
1659 1832 1683 1884 ἓ
1709 1830 1745 1885 1,

122 1897 164 1955 b)
198 1898 253 1941 ad
285 1898 455 1942 ordines
492 1900 708 1944 videlicet:
747 1901 988 1957 «singulos,
1011 1904 1363 1945 consecrationem
1392 1901 1683 1958 episcopalem,
1708 1906 1747 1944 et

121 1971 249 2019 ipsam
301 1973 475 2026 primam
529 1976 784 2015 tonsuram»
823 1972 931 2026 (can.
967 1972 1083 2029 950),
1118 1972 1157 2028 c)
1190 1972 1383 2026 scienter,
1422 1973 1530 2030 quod
1574 1971 1745 2016 verbum

125 2056 145 2080 ι(
171 2040 333 2097 plenam
367 2044 646 2098 cognitionem
681 2055 728 2086 ac
762 2042 1104 2086 deliberationem
1139 2045 1310 2100 exigit»
1348 2044 1457 2099 (can.
1484 2043 1610 2098 2229,
1635 2046 1659 2097 ἐ
1688 2043 1747 2098 2),

121 2110 154 2154 1⁰
181 2112 481 2169 promoverint,
521 2114 629 2171 quod
665 2113 716 2157 de
749 2113 977 2170 Episcopis,
1010 2126 1057 2157 ae
1094 2113 1348 2171 Presbyter-is
1383 2114 1646 2171 privilegium
1682 2113 1748 2157 lia-

122 2181 312 2226 bentibus
347 2197 384 2228 v.
418 2198 480 2241 gr.
506 2184 738 2228 Abbatibus
765 2184 826 2228 vel
855 2184 1051 2228 Praelatis
1077 2184 1243 2239 nullius,
1271 2184 1442 2228 vicariis
1465 2190 1503 2228 et
1530 2185 1748 2228 Praefectis

120 2252 381 2309 Apostolicis,
413 2255 494 2298 diei
532 2260 676 2311 potest,
711 2254 762 2298 ΙΙΟ
796 2254 859 2298 vel
888 2255 1073 2314 promoti
1104 2254 1279 2312 fecerint,
1307 2255 1375 2298 lll⁰
1399 2251 1584 2298 licitatio
1609 2269 1748 2297 saera-

120 2328 259 2366 menta
291 2325 452 2381 singula
485 2326 839 2381 ministraverint,
873 2328 996 2370 etiam
1032 2331 1075 2369 ut
1110 2328 1282 2370 ministri
1318 2327 1650 2381 extraordinarii,
1684 2325 1744 2369 rel

122 2393 370 2450 baptismum
391 2409 469 2440 non
489 2397 731 2441 sollemnem
753 2397 882 2441 laicus
904 2402 974 2441 aut
999 2397 1160 2450 mulier,
1184 2396 1255 2440 lVO
1281 2397 1341 2440 rel
1368 2397 1615 2454 receperint,
1639 2410 1745 2454 (piae

124 2463 248 2508 verba
282 2469 447 2523 proprie
481 2481 560 2512 non
594 2468 848 2512 adhibentur
881 2468 931 2512 de
966 2468 1259 2512 matrimoniali
1294 2474 1507 2512 contractu
1544 2470 1648 2511 inter
1683 2467 1746 2510 ba-

123 2537 303 2589 ptizatos,
340 2538 538 2595 praedicti
578 2539 867 2597 delinquentes
905 2544 1003 2581 sunt
1034 2539 1218 2596 suspecti
1249 2538 1300 2582 de
1333 2538 1499 2581 haeresi
1531 2540 1743 2593 simoniae,

119 2605 271 2663 quibus
305 2609 477 2664 proinde
511 2610 785 2667 applicandus
818 2614 926 2653 esset
958 2623 1047 2654 can.
1074 2609 1200 2652 2313.

237 2677 432 2733 Sequitur
463 2683 621 2724 sanctio
655 2682 882 2725 conformis
916 2682 992 2723 iuri
1028 2679 1307 2723 Decretalium
1341 2681 1410 2724 sed
1448 2680 1551 2722 latae
1584 2684 1743 2722 sentcn-

121 2749 214 2802 tiae,
251 2748 467 2793 videlicet:
501 2749 657 2806 cleriei,
682 2764 854 2807 nempe:
894 2767 915 2791 «
937 2752 1006 2807 qui
1031 2750 1184 2793 divinis
1209 2753 1445 2793 ministeriis
1476 2764 1545 2806 per
1570 2751 1742 2805 primam

119 2817 264 2862 saltem
300 2823 509 2864 tonsuram
537 2823 616 2864 iam
644 2823 864 2878 mancipati
889 2825 983 2864 sunt
1005 2836 1027 2861 »
1056 2820 1162 2877 (can.
1193 2821 1285 2870 108,
1309 2822 1337 2877 ξ
1366 2821 1418 2876 l),
1442 2820 1604 2877 quando
1633 2835 1654 2859 α
1674 2832 1744 2874 per

118 2890 336 2933 simoniam
371 2891 420 2934 ad
456 2892 625 2935 ordines
659 2894 833 2949 promoti
869 2893 1019 2934 suerint
1043 2906 1082 2942 n,
1110 2891 1171 2934 vel
1195 2897 1329 2934 cetera
1356 2896 1397 2933 ut
1424 2903 1546 2946 supra
1570 2891 1743 2946 egerint,
