1950 3313
112 168 179 202 108
569 165 654 199 [ΛΒ.
683 165 730 198 V.
760 185 771 190 -
800 165 910 199 PARS
934 165 987 199 IL
1015 184 1029 190 —
1056 165 1113 200 De
1132 168 1271 210 poenis
1416 165 1507 200 Can.
1535 165 1740 200 2249·225o

109 286 214 328 simo
250 284 366 327 modo
393 284 497 327 Secti
521 283 789 341 Apostolicae
810 288 1043 338 reservata,
1068 282 1110 340 b)
1135 297 1216 327 non
1240 289 1381 326 autem
1413 283 1523 326 valet
1543 297 1621 341 pro
1645 297 1739 327 cen-

110 358 216 399 suris
237 368 313 397 non
337 356 544 409 expressis
568 356 605 395 in
633 353 839 409 precibus,
864 357 987 410 atque
1005 353 1187 396 reticitis
1205 352 1320 396 mala
1338 352 1430 409 fide,
1451 364 1622 409 nempe:
1641 354 1738 396 dum

110 430 330 482 cognoscat
366 424 521 467 eisdem
573 424 748 467 detineri
784 437 831 467 ac
864 436 933 466 eas
968 437 1056 466 esse
1090 424 1397 480 exprimendas,
1436 423 1624 480 quolibet
1657 436 1742 466 mo-

112 500 195 539 tivo
230 496 278 539 ad
317 496 392 538 lioc
437 495 670 538 inducatur.
705 494 772 538 Sic
815 496 924 537 enim
969 497 1168 551 scriptum
1214 499 1275 538 est
1319 497 1356 537 in
1392 493 1737 538 Decretalibus:1

115 567 380 619 «Postremo,
423 567 681 622 quaesivisti,
725 569 863 608 utrum
901 567 947 619 is,
982 567 1050 622 qui
1097 570 1264 621 propter
1309 565 1447 621 plures
1490 578 1686 608 excessus
1718 577 1738 607 a

112 637 297 693 pluribus
334 635 529 679 Praelatis
564 638 625 678 ius
659 637 696 678 in
734 637 867 691 ipsum
904 635 1165 691 habentibus,
1201 638 1645 679 excommunicationis
1682 639 1742 678 est

113 707 277 750 vinculo
313 707 547 760 innodatus,
571 711 692 749 etc...
718 706 851 762 Super
875 705 952 749 hoc
976 705 1151 749 articulo
1175 707 1489 762 respondemus,
1513 706 1622 763 quod
1647 719 1741 762 sup-

113 780 303 834 primenti
343 780 558 820 veritatem
585 776 789 821 absolutio
813 776 1011 832 subrepta
1046 790 1125 819 non
1152 777 1341 833 prodest,
1366 781 1406 820 et
1441 779 1655 820 veritatem
1683 779 1741 819 in-

112 848 313 905 telligens,
338 847 637 891 absolutionem
675 847 912 890 huiusmodi
947 846 1145 890 exhibere
1180 860 1258 890 non
1302 847 1475 890 debet».

229 919 296 963 74.
334 921 406 965 De
438 921 547 976 ipso
581 920 911 964 absolutionis
949 927 1188 964 censurae
1220 922 1331 965 actu
1365 917 1468 962 haee
1505 922 1738 961 teneantur.

117 990 215 1033 Fan.
250 992 390 1033 2950.
424 990 452 1048 g
475 992 509 1032 1.
537 990 582 1032 Si
610 994 768 1046 ayatm·
790 987 840 1031 de
863 1001 1055 1039 censura,
1080 1001 1252 1044 nempe:
1279 994 1321 1031 ut
1347 989 1581 1032 videbimus
1605 988 1739 1046 quoad

112 1075 256 1104 omnes
288 1063 594 1117 suspensiones,
628 1074 735 1118 qnae
760 1062 796 1101 in
822 1072 918 1102 casu
944 1073 1024 1101 non
1050 1058 1225 1116 impedit
1258 1058 1324 1102 liic
1348 1064 1387 1102 et
1410 1072 1518 1102 nunc
1544 1062 1583 1101 vi
1607 1073 1661 1102 ss.
1679 1072 1743 1102 ca-

110 1146 261 1174 nonum
288 1132 339 1175 (le
362 1131 536 1188 singulis
559 1132 748 1174 censuris
773 1130 1144 1173 Sao-ramentorum
1167 1130 1460 1188 receptionem,
1479 1135 1741 1183 censzcratus,

108 1202 149 1258 a)
184 1202 266 1245 rite
298 1202 530 1259 dispositas
563 1202 612 1244 ad
653 1201 965 1257 suscipiendum
1010 1205 1317 1243 sacramentum
1363 1203 1656 1257 poenitentiae,
1701 1205 1740 1243 et

109 1272 151 1329 b)
186 1287 210 1315 a
244 1272 510 1316 contumacia
542 1271 739 1314 rccea'ens
771 1272 822 1315 ad
848 1284 1035 1314 normam
1072 1284 1163 1314 can.
1198 1271 1310 1313 2242
1333 1270 1361 1329 {³
1385 1271 1424 1326 3,
1448 1273 1517 1329 qui
1553 1285 1740 1314 recessus

111 1344 215 1387 ultra
253 1346 545 1396 poenitentiam
582 1345 634 1386 de
658 1342 809 1385 delicto
845 1344 1019 1399 requirit
1041 1342 1291 1399 quandoque
1324 1342 1479 1398 aliquid
1515 1341 1642 1395 aliud,
1668 1355 1740 1399 po-

112 1420 189 1457 test
223 1413 381 1457 absolvi
404 1428 428 1456 a
450 1414 635 1471 peccatis
659 1412 852 1456 omnibus
891 1413 1061 1466 directe,
1092 1414 1270 1455 servatis
1307 1412 1474 1455 aliunde
1512 1412 1742 1455 servandis.

113 1486 236 1541 [tiana
269 1498 447 1527 censura
482 1487 519 1527 in
553 1486 638 1527 suis
672 1484 858 1527 iuridicis
891 1483 1119 1527 eflectibus.

229 1556 257 1613 ξ
288 1558 330 1598 2.
367 1555 412 1598 Si
445 1569 541 1598 nero
575 1560 732 1611 aqatnr
764 1554 815 1597 de
847 1567 1038 1608 censura,
1067 1552 1284 1597 videlicet:
1310 1556 1743 1609 excommunicatione

110 1631 149 1669 et
184 1627 416 1679 interdicto,
452 1639 558 1683 qnae
592 1625 841 1682 regulariter
875 1624 1050 1682 impedit
1085 1624 1455 1668 Sacramentornm
1488 1637 1536 1668 ac
1571 1624 1743 1680 proinde

112 1699 388 1753 poenitentiae
419 1697 714 1754 receptionem,
757 1701 1019 1751 ccnsuratns,
1063 1695 1229 1753 quando
1266 1695 1330 1739 illa
1378 1698 1415 1738 in
1451 1697 1537 1738 foro
1582 1698 1742 1738 interno

109 1767 315 1810 servanda
351 1771 411 1810 est
444 1766 510 1809 hic
543 1772 580 1809 et
606 1780 727 1821 nunc,
755 1766 898 1824 nequit
922 1765 1080 1809 absolvi
1102 1780 1127 1808 a
1148 1766 1333 1822 peccatis
1357 1765 1409 1809 ob
1433 1765 1544 1809 illam
1578 1779 1626 1809 ex
1653 1779 1744 1809 cen·

109 1851 203 1880 sura
241 1837 578 1893 prohibitionem,
611 1837 697 1880 nisi
727 1838 850 1894 prius
886 1851 956 1893 per
989 1837 1219 1892 legitimum
1254 1837 1521 1893 Superiorem
1560 1836 1623 1879 vel
1664 1836 1740 1879 sal-

110 1914 189 1951 tem
228 1922 300 1964 per
332 1909 627 1952 confessarium
663 1909 857 1951 eumdem
907 1908 968 1951 vel
1005 1907 1180 1951 alterum
1218 1910 1294 1951 rite
1338 1907 1553 1951 absolutas
1595 1907 1740 1964 faerit.

228 1979 377 2022 Rituali
414 1979 597 2022 Romano
629 1981 834 2035 congruit,
871 1992 945 2022 nec
974 1981 1148 2035 «ipsum
1183 1992 1378 2035 expresse
1411 1981 1616 2034 corrigit»
1638 1978 1666 2036 ἓ
1696 1980 1740 2021 3.

109 2049 324 2092 Absolnlio
357 2063 560 2092 censurae
591 2050 814 2093 cuiuslibet
856 2050 900 2092 in
932 2048 1028 2107 foro
1071 2048 1388 2101 sacramentali,
1421 2062 1492 2092 seu
1539 2051 1574 2091 in
1609 2061 1742 2092 sacra-

112 2125 247 2162 mento
283 2122 557 2176 poenitentiae
594 2121 865 2163 ministrando
900 2120 1151 2173 exercenda,
1186 2120 1426 2162 continetur
1467 2132 1662 2175 expressa
1696 2119 1740 2161 in

109 2196 307 2233 consueta
338 2189 478 2247 forma
511 2190 790 2233 absolutionis
820 2195 1101 2248 peccatorum,
1136 2190 1231 2233 huic
1265 2203 1413 2246 nempe
1453 2192 1620 2246 praevia
1669 2204 1740 2246 pro

109 2261 327 2318 quibusvis
360 2263 559 2314 censuris,
594 2261 637 2303 in
672 2260 793 2303 libris
835 2260 1065 2303 ritualibus
1108 2261 1286 2303 (liversis
1319 2260 1530 2303 Ecclesiae
1577 2260 1740 2304 Latinae

105 2331 400 2389 praescripta;
435 2345 471 2372 v.
497 2345 559 2388 gr.
584 2334 620 2374 in
647 2331 725 2376 Rit.
752 2332 867 2375 Rom.
894 2331 908 2352 ²
932 2331 1106 2375 dicitur:
1137 2336 1215 2374 «et
1238 2345 1315 2388 ego
1339 2333 1587 2374 auctoritate
1612 2334 1740 2386 ipsius

111 2407 147 2445 te
180 2402 351 2445 absolvo
385 2402 436 2446 ab
473 2405 583 2445 omni
612 2402 777 2445 vinculo
813 2404 1271 2456 excommunicationis,
1305 2404 1599 2458 suspensionis,
1635 2402 1738 2458 (sed,

109 2476 140 2515 si
176 2475 390 2529 poenitens
422 2475 473 2515 sit
507 2473 648 2523 laicus,
683 2475 887 2515 omittitur
933 2472 1131 2515 verbum:
1177 2472 1492 2529 suspensionis),
1534 2477 1573 2515 et
1616 2475 1740 2515 inter-

109 2543 222 2597 dicti,
258 2545 294 2585 in
330 2547 529 2600 quantum
576 2557 739 2599 possum
782 2548 821 2586 et
856 2548 896 2586 tu
942 2543 1161 2599 indiges».
1195 2543 1393 2586 Similiter
1441 2556 1488 2585 ex
1529 2543 1738 2586 Breviario

109 2612 211 2657 Ord.
245 2613 388 2657 Praed.
423 2616 481 2657 sic
516 2616 658 2670 incipit
685 2613 873 2657 «Forma
907 2616 1184 2657 communiter
1208 2613 1469 2657 observanda
1505 2616 1543 2656 in
1579 2605 1736 2657 contes-

109 2686 223 2727 sione
257 2684 571 2727 sacramentali:
608 2686 631 2704 “
651 2685 689 2727 Si
725 2687 878 2727 teneris
911 2683 1050 2740 aliquo
1087 2683 1252 2727 vinculo
1295 2686 1738 2727 excommunicationis

109 2753 423 2811 (suspensionis)
442 2759 481 2797 et
515 2755 721 2797 interdicti
755 2767 775 2797 a
811 2768 891 2811 quo
927 2756 1076 2810 possim
1112 2759 1149 2797 te
1182 2754 1423 2807 absolvere,
1457 2768 1533 2810 ego
1567 2753 1737 2797 absolvo

229 2861 238 2881 1
268 2860 358 2904 Cap,
387 2861 432 2892 42
465 2875 478 2888 «
494 2859 540 2892 de
567 2859 769 2893 sententia
795 2859 1246 2893 excommunicationis»
1277 2859 1339 2903 (V,
1367 2859 1427 2902 39)
1455 2859 1502 2892 X.

227 2907 240 2928 '2
267 2907 344 2940 Tit.
374 2907 446 2949 III,
475 2918 505 2940 e.
532 2908 553 2939 2
583 2920 600 2939 «
620 2906 898 2940 Absolutionis
923 2906 1095 2940 forma».
