1950 3313
129 140 180 173 ‘26
722 142 725 144 ·
808 138 1089 174 INTRODUCTIO

134 272 213 301 non
251 260 456 314 pertinent
488 258 537 301 ad
573 260 859 301 necessitatem
895 260 1101 301 interioris
1133 261 1303 315 gratiae,
1338 258 1541 302 Dominus
1573 259 1766 303 fidelibus

135 328 384 371 instituenda
420 327 585 384 reliquit
620 341 692 384 pro
725 341 799 371 suo
835 327 1069 380 arbitrio»,
1106 328 1170 371 vel
1205 329 1484 385 praelatorum
1519 329 1652 386 quoad
1690 331 1766 372 uti-

136 400 288 442 litatem
325 411 606 442 communem.
642 398 682 441 13
718 398 780 441 his
814 398 1006 442 omnibus
1029 404 1167 442 tamen
1191 400 1446 443 sufficienter
1469 413 1517 445 ac
1537 400 1655 456 plene
1679 413 1766 457 pro·

136 472 269 512 visum
305 474 365 512 est
398 469 518 512 saluti
553 473 745 512 aeternae
780 469 964 513 fidelium
1001 483 1073 526 per
1105 470 1290 514 divinam
1327 470 1460 527 legem
1497 484 1519 514 a
1553 483 1633 529 qua
1673 484 1763 527 pro-

137 542 249 583 venit
284 544 461 596 potestas
499 539 793 596 ecclesiastica,
837 553 930 584 cum
975 542 1187 584 sanctione
1233 540 1534 585 ratihabitionis
1568 543 1606 584 13
1650 541 1765 584 63616

132 610 429 667 quorumlibet,
462 623 569 668 (11136
602 610 654 654 311
688 613 863 667 ipsamet
899 616 1097 667 potestate
1131 613 1229 655 tient
1262 614 1300 654 111
1337 614 1471 656 terris.

254 682 314 724 Ad
350 682 404 724 ΞΠ*
436 681 661 725 dicendum
695 695 788 725 cum
824 682 934 726 Cano
970 682 1074 737 (Lib.
1103 681 1189 726 Vlll
1207 696 1243 727 c.
1266 682 1314 725 Vl
1333 684 1442 740 quod
1463 697 1557 727 cum
1583 696 1672 740 cap.
1697 681 1763 725 Vll

136 753 252 809 plura
302 754 484 796 continet
532 752 664 810 utilia)
716 754 754 795 in
805 752 881 796 hac
927 755 1196 811 quaestione:
1246 754 1641 812 «quemadmodum
1683 767 1762 797 non

134 828 193 867 est
239 825 276 866 in
321 822 525 867 Abbatem
570 823 786 880 eligendus
831 825 906 866 nisi
950 826 1020 881 qui
1062 828 1157 867 ante
1202 826 1325 868 fuerit
1373 827 1411 867 in
1464 824 1605 882 regula
1654 838 1763 867 com-

136 898 322 950 petenter
355 896 596 948 instructus,
630 899 675 936 ut
709 907 798 950 cap.
837 893 971 951 Officii
1003 893 1053 936 de
1083 893 1218 938 Eleet.
1254 894 1514 938 lnnocentius
1548 895 1685 949 tradit,
1712 897 1764 938 ita

134 977 184 1007 ne
218 976 316 1008 cura
351 964 519 1021 quidem
554 964 782 1008 Ecclesiam
817 964 1077 1020 gubernandi
1113 969 1173 1008 est
1206 967 1241 1008 ei
1276 965 1584 1019 committenda,
1611 967 1679 1022 qui
1705 978 1768 1007 ec-

134 1034 385 1078 clesiasticas
419 1035 582 1091 regulas
618 1037 759 1078 nescit.
786 1034 1020 1091 Theologus
1055 1037 1192 1091 igitur,
1227 1038 1296 1093 qui
1333 1035 1397 1078 vel
1434 1035 1660 1092 Episcopus
1703 1035 1765 1079 vel

136 1106 340 1162 parochus
374 1107 537 1149 futurus
570 1111 643 1161 est,
679 1108 754 1149 nisi
789 1119 967 1149 canones
1000 1111 1094 1149 ante
1128 1106 1335 1154 didicerit.
1359 1106 1510 1164 quibus
1534 1106 1678 1150 fideles
1700 1107 1768 1150 de·

136 1176 230 1220 beni
267 1179 304 1219 111
338 1176 570 1221 Christiana
616 1177 814 1233 religione
848 1182 888 1220 et
919 1176 1130 1220 Ecclesiae
1172 1179 1447 1221 caeremoniis
1478 1180 1648 1231 institui,
1687 1190 1765 1220 non

134 1247 301 1291 habebit
336 1249 516 1303 profecto
549 1248 600 1291 ad
648 1261 732 1291 rem
769 1247 874 1291 hanc
909 1247 1117 1304 publicam
1151 1249 1376 1304 gerendam
1414 1248 1645 1305 theologiae
1679 1248 1766 1291 offi-

133 1320 268 1362 cinam
308 1321 406 1362 satis
450 1321 757 1362 instructam».
793 1318 840 1362 Et
886 1321 1017 1362 inl'ra:
1057 1319 1203 1362 «Nam
1251 1319 1360 1376 quod
1406 1318 1628 1363 Caietanus
1661 1319 1765 1362 dixit

133 1389 192 1447 (in
226 1403 414 1433 summa:
454 1390 566 1434 verb.
601 1391 824 1434 consessori
860 1391 1112 1448 necessaria)
1153 1392 1408 1447 poenitentes
1443 1393 1481 1433 in
1520 1389 1782 1434 excommu-'

132 1461 422 1516 nicationIbus,
457 1460 809 1517 suspensionibus,
846 1461 1222 1518 irregularitatibus
1244 1462 1418 1519 aliisque
1442 1462 1644 1505 eiusmodi
1673 1475 1763 1518 poe-

132 1534 195 1575 nis
218 1532 268 1575 ad
304 1534 561 1588 iurisperitos
595 1533 864 1576 remittendos
898 1546 999 1587 esse,
1035 1546 1085 1576 ne
1108 1534 1316 1576 confessor
1341 1536 1425 1589 ipse
1449 1533 1618 1576 alterius
1643 1533 1766 1576 facul-

132 1605 226 1646 tatis
268 1617 392 1646 onere
439 1608 753 1660 praegravetur,
800 1603 837 1647 id
884 1606 1028 1660 ignoro
1065 1617 1232 1660 prorsus
1275 1604 1631 1662 quemadmodum
1677 1606 1764 1647 sine

134 1677 295 1730 magnis
329 1674 605 1718 incommodis
640 1676 726 1717 11611
762 1679 899 1732 queat.

255 1746 437 1789 Primum
472 1748 580 1789 enim
617 1746 826 1789 interdum
862 1748 899 1788 111
935 1759 1086 1802 poenas
1137 1748 1237 1789 iuris
1287 1748 1503 1789 incurrunt
1546 1747 1765 1799 foeminae,

128 1829 234 1874 quas
269 1830 340 1872 pro
373 1819 650 1860 conscientiae
684 1816 870 1860 remedio
905 1819 1236 1873 iurisperitorum
1272 1817 1387 1860 adire
1412 1817 1557 1860 domos
1582 1816 1665 1874 (vel
1693 1830 1763 1861 eos

132 1887 426 1944 interrogando
469 1888 687 1945 quaerere)
728 1887 956 1930 absurdum
1000 1889 1092 1942 erit,
1134 1900 1181 1931 ac
1225 1892 1337 1931 certe
1383 1900 1528 1944 parum
1570 1886 1761 1931 muliebri

135 1959 412 2002 verecundiae
446 1963 788 2002 consentaneum.
826 1957 980 2001 Deinde
1014 1960 1138 2001 etiam
1173 1971 1268 2002 cum
1303 1960 1529 2014 iurisperiti
1562 1962 1601 2001 et
1634 1960 1763 2001 scien-

133 2030 230 2072 tiam
267 2034 303 2072 et
342 2028 465 2073 verba
501 2029 637 2073 locare
670 2029 843 2082 soleant,
877 2029 965 2086 (sed
1013 2028 1088 2072 hoc
1133 2042 1212 2072 non
1256 2028 1566 2072 extendendum
1612 2028 1661 2072 ad
1697 2041 1766 2071 eos

131 2104 206 2147 est,
241 2101 308 2156 (131
345 2101 445 2142 iuris
492 2112 581 2143 can.
625 2101 797 2143 scientia
843 2101 880 2142 13
925 2101 1159 2142 animarum
1201 2101 1428 2142 ministerio
1473 2098 1677 2156 utuntur),
1712 2099 1761 2142 ad

132 2171 403 2213 confessionis
435 2175 741 2214 sacramentum
775 2183 855 2213 non
891 2172 965 2213 nisi
1002 2172 1114 2226 prius
1146 2170 1240 2213 data
1266 2171 1439 2226 pecunia
1460 2171 1537 2212 erit
1560 2182 1766 2213 accessus.

133 2240 264 2285 Adde.
299 2241 408 2297 quod
442 2240 631 2284 homines
667 2240 728 2284 vel
764 2240 968 2284 sacerdoti
1007 2245 1202 2283 verentur
1234 2251 1307 2283 sua
1343 2244 1512 2296 peccata
1553 2239 1762 2296 detegere.

133 2310 252 2365 Quod
287 2313 318 2354 si
354 2311 402 2354 ad
441 2313 697 2367 311-1311611165
729 2313 852 2354 611331
892 2310 1144 2367 relegentur,
1192 2310 1447 2354 Sacramenti
1498 2309 1619 2353 huius
1661 2323 1764 2353 onus

133 2384 305 2437 gravius
352 2382 568 2437 efficietur,
617 2394 740 2439 (1113111
792 2386 835 2424 111
883 2383 979 2424 t'erri
1029 2380 1080 2424 ab
1131 2380 1349 2424 imbecillis
1395 2382 1562 2437 possit...
1612 2380 1689 2423 Sed
1726 2385 1766 2423 et

133 2451 305 2494 Smmna
341 2454 425 2508 ipsa
459 2451 657 2506 Caietani,
701 2454 749 2505 si,
792 2463 898 2509 quae
942 2465 991 2494 ex
1038 2453 1125 2494 iure
1168 2453 1368 2495 canonico
1405 2453 1532 2494 multa
1571 2453 1765 2504 continet,

131 2522 289 2577 demas,
336 2535 484 2579 magna
528 2536 577 2566 ex
625 2527 738 2579 parte
780 2522 1020 2578 imperfecta
1057 2524 1348 2578 reperietur».
1381 2520 1469 2564 Non
1506 2523 1557 2564 ita
1590 2523 1766 2564 sensisse

132 2593 338 2637 dicendus
371 2598 431 2637 est
474 2593 520 2638 D.
554 2593 732 2636 Thomas
775 2592 827 2636 ab
871 2592 938 2635 illo
981 2594 1303 2645 663131611131113ς
1354 2594 1392 2634 13
1442 2593 1612 2636 Summa
1655 2593 1765 2635 enim

133 2663 365 2720 theologica
403 2663 529 2707 multa
564 2664 652 2707 loca
685 2665 802 2707 citari
838 2668 995 2720 queunt
1028 2668 1067 2706 et
1101 2665 1248 2719 integri
1283 2661 1461 2715 articuli,
1500 2661 1650 2719 quibus
1688 2662 1767 2705 An-

133 2734 292 2790 gelicus
326 2734 430 2778 bene
464 2736 709 2777 instructum
746 2735 783 2776 in
818 2735 1018 2777 canonico
1053 2735 1141 2776 iure
1173 2735 1354 2789 seipsum
1390 2732 1570 2776 exhibet.

253 2804 312 2847 Ad
349 2804 403 2847 3¹¹³
437 2804 675 2859 dicendum,
709 2803 818 2861 (111611
854 2805 1014 2846 etiamsi
1041 2805 1140 2847 iuris
1164 2805 1352 2846 canonici
1386 2803 1599 2846 doctrinae
1624 2806 1762 2859 utpote

132 2877 337 2931 practicae
371 2875 603 2931 applicetur
635 2875 744 2932 quod
781 2873 838 2929 (in
876 2874 911 2919 ³2.
951 2874 972 2916 2
1010 2874 1187 2930 Prolog.)
1232 2875 1287 2916 ait
1334 2872 1377 2915 D.
1424 2873 1496 2918 Th.
1532 2877 1583 2916 de
1619 2873 1762 2916 morali
