1950 3313
621 121 747 147 INDEX
775 123 969 151 CANONUM
995 127 1045 152 ET
1071 127 1351 154 COMMENTARII

1730 123 1800 159 329

656 303 793 338 CAPUT
819 304 870 339 II.
902 326 942 330 -—
972 307 1025 341 De
1050 307 1314 351 poenitentiis.

1600 366 1676 388 CAN.
1716 367 1794 388 PAG.

170 409 348 445 Canones
373 409 480 452 2312,
509 409 602 444 2313
647 438 653 445 .
1731 418 1798 453 193

169 469 379 514 Inscriptio
405 468 545 514 capitis
571 468 769 514 huiusque
803 481 985 505 canones.
1753 490 1771 510 »

170 528 445 563 Poenitentiae
471 539 625 573 scopus,
654 527 799 563 divisio
826 533 866 563 et
898 530 1098 575 impositio
1199 560 1205 566 .
1309 561 1314 567 .
1418 561 1424 567 .
1528 562 1534 567 .
1587 535 1679 569 2312
1755 551 1761 566 ›

169 587 511 622 poenitentiarum
537 587 814 622 canonicarum
846 588 1034 624 elenchus
1087 618 1094 625 .
1197 619 1203 624 .
1307 620 1312 625 .
1417 621 1421 626 .
1526 620 1532 627 .
1585 594 1677 628 2313
1730 595 1796 629 195

788 780 928 817 PARS
960 779 1170 819 TERTIA.

551 867 626 910 De
660 868 842 923 poenis
878 869 930 911 in
964 869 1171 926 singula
1204 871 1409 914 delicta.

164 993 377 1040 Inscriptio
403 994 535 1029 Partis
561 995 725 1040 eiusque
752 995 794 1029 in
822 996 964 1030 titulos
991 996 1223 1031 distributio
1729 1000 1796 1033 196

845 1148 1032 1186 TlTULUS
1057 1148 1111 1185 Xl.

429 1232 484 1267 De
512 1231 676 1267 delictis
706 1234 846 1267 contra
873 1232 996 1267 fidem
1027 1235 1065 1267 et
1094 1233 1289 1268 unitatem
1322 1234 1541 1269 Ecclesiae.

164 1337 341 1373 Canones
366 1339 572 1374 2314-2319
639 1367 645 1373 .
1730 1342 1793 1376 197

162 1397 375 1442 Inscriptio
401 1398 527 1432 Tituli
554 1403 594 1433 et
620 1410 817 1434 canonum
848 1400 1096 1435 coordinatio
1729 1401 1795 1435 198

162 1456 363 1492 Adversus
388 1461 603 1502 apostatas,
631 1457 853 1493 haereticos
881 1462 921 1493 et
947 1459 1220 1494 schismaticos
1303 1487 1309 1493 .
1413 1487 1420 1493 .
1524 1487 1530 1493 .
1582 1460 1677 1493 2314
1752 1476 1764 1489 »

163 1515 310 1551 Contra
335 1522 563 1562 suspectum
589 1516 634 1551 de
660 1517 813 1552 haeresi
860 1546 866 1552 .
971 1546 977 1552 .
1082 1546 1088 1552 .
1192 1546 1199 1552 .
1304 1546 1310 1552 .
1414 1547 1419 1553 .
1524 1546 1531 1552 .
1583 1518 1676 1553 2315
1725 1519 1795 1551 202

163 1574 342 1620 Suspicio
367 1575 414 1610 de
439 1575 593 1611 haeresi
619 1576 667 1611 ob
694 1577 764 1611 hui
753 1589 818 1611 us
845 1577 1029 1612 iuvamen
1082 1605 1089 1611 .
1193 1605 1200 1612 .
1415 1606 1420 1612 .
1523 1605 1530 1611 .
1583 1577 1676 1612 2316

162 1634 363 1669 Adversus
388 1634 573 1671 docentes
599 1637 663 1672 vel
689 1636 948 1671 deiendentes
973 1637 1262 1682 propositiones
1287 1606 1490 1672 damnatas
1525 1665 1531 1671 .
1582 1636 1675 1672 2317

161 1693 457 1738 Propositiones
491 1695 698 1730 damnatae
736 1707 825 1730 cum
867 1696 1275 1731 excommunicatione
1313 1697 1414 1730 latae
1451 1707 1534 1730 sen·

255 1753 420 1788 tentiae.
1722 1754 1791 1788 204

161 1811 307 1846 Contra
340 1812 619 1858 delinquentes
657 1814 811 1847 ratione
854 1814 1110 1859 quorumdam
1145 1814 1334 1848 librorum
1362 1813 1532 1859 prohibi-

256 1876 386 1906 torum
419 1899 425 1906 .
530 1899 536 1906 .
639 1900 646 1906 .
747 1900 753 1906 .
856 1900 862 1906 .
967 1902 973 1908 .
1076 1900 1082 1906 .
1187 1900 1193 1907 .
1297 1899 1304 1906 .
1407 1900 1413 1906 .
1517 1900 1524 1906 .
1577 1871 1672 1906 2318
1722 1872 1790 1906 205

159 1929 306 1964 Contra
327 1929 482 1973 delicta,
511 1942 609 1977 quae
650 1935 697 1966 ut
735 1931 952 1977 plurimum
986 1931 1172 1966 accidunt
1203 1932 1242 1966 in
1267 1931 1532 1967 matrimoniis

253 1990 392 2024 mixtis
420 2018 426 2025 .
530 2017 537 2024 .
641 2018 648 2025 .
751 2018 758 2025 .
863 2018 870 2025 .
973 2018 980 2025 .
1084 2018 1091 2024 .
1193 2018 1201 2025 .
1300 2018 1308 2025 .
1410 2017 1418 2025 .
1520 2017 1527 2024 .
1580 1990 1674 2024 2319
1722 1990 1792 2024 206

839 2132 1026 2169 TITULUS
1052 2131 1120 2168 Xll.

630 2217 688 2252 De
717 2216 878 2266 delictis
905 2218 1048 2251 contra
1076 2215 1325 2258 religionem.

158 2310 336 2346 Canones
360 2311 566 2359 2320-2329
636 2340 643 2346 .
857 2339 864 2345 .
1721 2310 1789 2344 207

158 2369 341 2405 Schema:
370 2371 532 2406 Titulus
557 2371 649 2406 XII.
679 2371 737 2406 De
765 2370 925 2405 delictis
951 2374 1088 2405 contra
1114 2370 1346 2416 religionem
1411 2398 1416 2403 .
1720 2369 1790 2403 203

156 2428 370 2474 Inscriptio
395 2430 523 2464 Tituli
549 2435 589 2465 et
615 2430 708 2465 ordo
736 2441 933 2465 canonum
966 2458 972 2464 .
1746 2444 1759 2457 ⁷·

156 2488 312 2522 Delicta
336 2494 474 2524 contra
500 2489 790 2524 sanctissimam
819 2488 1112 2523 Eucharistiam
1188 2516 1194 2522 .
1299 2516 1305 2522 .
1409 2515 1415 2521 .
1519 2515 1525 2521 .
1579 2487 1672 2522 2320
1720 2487 1789 2519 209

157 2547 313 2582 Delicta
338 2548 381 2582 in
406 2548 527 2583 Missa
552 2560 621 2594 per
647 2548 900 2583 Sacerdotem
926 2547 1122 2582 celebrata
1188 2574 1197 2582 .
1300 2575 1306 2581 .
1410 2574 1416 2581 .
1521 2577 1525 2581 .
1579 2547 1669 2580 2321
1720 2546 1790 2579 210

154 2606 372 2641 Ministerii
397 2607 651 2642 sacerdotalis
676 2608 887 2653 usurpatio
967 2634 974 2641 .
1079 2634 1085 2641 .
1190 2633 1196 2640 .
1300 2633 1307 2640 .
1410 2634 1416 2640 .
1520 2635 1525 2640 .
1579 2605 1671 2639 2322
1721 2606 1787 2637 211

156 2665 312 2700 Delicta
337 2670 475 2700 contra
498 2667 765 2702 reverentiam
793 2666 935 2702 Divini
962 2666 1142 2700 Nominis
1191 2693 1197 2699 .
1301 2691 1308 2699 .
1411 2692 1416 2698 .
1523 2693 1526 2696 .
1581 2664 1672 2698 2323
1721 2664 1788 2696 214

155 2724 310 2758 Delicta
335 2725 437 2759 circa
462 2725 661 2771 stipendia
686 2725 903 2760 missarum
968 2752 975 2758 .
1079 2752 1085 2758 .
1191 2752 1197 2758 .
1302 2752 1307 2756 .
1411 2751 1416 2756 .
1521 2751 1527 2756 .
1580 2723 1673 2756 2324
1747 2737 1759 2751 ²

157 2782 215 2818 Ob
241 2784 566 2829 superstitionem
593 2785 655 2820 vel
681 2784 941 2831 sacrilegium
968 2784 1008 2818 in
1036 2795 1199 2829 genere.
1302 2812 1307 2817 .
1412 2811 1417 2816 .
1521 2810 1527 2815 .
1580 2781 1673 2815 2325
1721 2781 1789 2814 215

154 2841 309 2877 Delicta
334 2842 381 2877 ob
407 2843 526 2878 falsas
552 2843 742 2889 reliquias
854 2871 860 2877 .
965 2870 970 2876 .
1075 2870 1082 2877 .
1186 2870 1192 2876 .
1297 2871 1302 2876 .
1406 2870 1411 2875 .
1515 2868 1521 2874 .
1575 2840 1667 2874 2326
1716 2838 1786 2872 216
