1950 3313
112 128 158 160 88
623 124 708 156 ΜΒ.
736 122 768 156 Ι.
798 141 809 147 -
836 123 1007 157 Normae
1028 123 1226 166 ,qenai-ales

113 245 171 288 dit
203 243 427 299 singularia
480 245 515 284 vi
570 241 774 295 vocabuli,
822 243 896 285 nisi
947 244 1148 285 motivum
1194 242 1301 285 adsit
1350 243 1732 297 interpretationem

113 314 348 358 huiusmodi
398 313 686 369 restringendi,
736 312 948 355 indefinita
998 325 1097 355 vero
1147 312 1329 368 loquutio
1377 316 1437 355 est
1487 312 1739 355 universalis-

114 399 192 428 non
228 387 266 426 vi
305 386 428 436 vocis,
462 383 531 426 sed
566 396 614 426 ex
652 382 881 426 rationabili
919 382 1181 439 benignaque
1215 385 1567 438 interpretatione.

229 455 256 513 ξ
287 457 328 497 2.
354 453 531 511 Lessibiis
554 452 748 507 conditis,
771 456 861 496 sive
880 452 931 496 ab
950 454 1130 496 inferiori
1155 456 1245 496 sive
1267 466 1289 496 a
1312 465 1504 509 suprema
1523 452 1739 496 Ecclesiae

114 531 326 582 potestate,
356 539 434 583 pro
454 524 666 583 peculiari
695 524 927 577 territorio,
961 523 1182 567 cuiuslibet
1214 523 1499 580 amplitudinis
1533 523 1632 567 illud
1667 526 1732 575 sit,

111 597 290 640 exclusis
327 609 426 652 ergo
476 594 761 652 personalibus
810 595 982 651 legibus,
1034 594 1065 637 ii
1111 593 1395 637 subiiciuntur
1444 597 1548 638 inter
1599 594 1739 638 valide

114 668 336 724 baptizatos
368 667 417 710 ad
454 679 639 709 normam
675 679 764 710 can.
802 666 868 720 12,
912 665 956 722 a)
1001 679 1080 723 pro
1127 664 1274 722 quibus
1317 665 1432 708 latae
1474 670 1570 707 sunl
1620 667 1733 708 iuxta

112 738 433 782 declarationem
469 737 590 780 buius
622 736 832 780 clausulae
867 739 905 780 in
941 749 1074 793 praec.
1109 736 1170 794 3⁰,
1203 736 1240 792 1))
1272 736 1424 794 quique
1446 735 1597 779 ibidem
1630 738 1735 779 intra

111 812 305 852 territorii
351 811 521 865 praefati
572 808 721 851 limites
769 807 1029 851 domicilium
1074 807 1134 850 vel
1177 807 1299 864 quasi
1340 806 1601 850 domicilium
1644 808 1734 850 sive

117 896 137 921 ((
164 880 394 936 paroeciale
417 896 437 921 »
475 882 564 923 sive
607 895 625 920 (ι
651 880 944 923 dioecesanum
969 895 987 919 »
1036 878 1144 936 (can.
1180 879 1248 934 92,
1280 878 1308 936 ξ
1341 877 1383 934 3)
1414 877 1577 932 liabent,
1604 878 1737 921 idest:

111 954 393 1008 acquisierunt
424 951 473 994 ad
510 963 699 993 normam
731 963 821 994 can.
856 950 923 1005 92,
957 949 1026 1008 gg.
1066 950 1100 1003 1,
1137 950 1174 1001 2,
1212 949 1275 992 vel
1325 951 1601 993 «necessario
1638 951 1733 991 reti-

114 1027 210 1066 nent
233 1038 252 1063 »
292 1022 400 1078 (can.
434 1022 501 1074 93,
525 1020 553 1079 ξ
578 1022 615 1074 1)
646 1026 771 1079 atque
805 1021 981 1064 necdum
1006 1023 1234 1064 amiserunt
1257 1020 1307 1064 ad
1337 1032 1525 1063 normam
1550 1032 1638 1063 can.
1666 1020 1741 1072 95,

112 1094 145 1148 c)
178 1100 216 1136 el
253 1092 380 1135 sinml
413 1098 598 1148 tempore
634 1093 818 1148 urgentis
852 1091 953 1148 legis
985 1096 1082 1133 aelii
1115 1092 1583 1136 commorammzeliam
1620 1089 1735 1133 brevi

113 1169 312 1218 tempore,
353 1163 549 1207 «ibidem
578 1179 596 1203 »
637 1168 833 1219 utsupra,
867 1162 984 1218 firmo
1019 1163 1075 1205 uti
1110 1164 1353 1217 exceptione
1388 1161 1509 1204 liuius
1541 1160 1580 1217 §³
1612 1174 1735 1218 prae-

112 1235 269 1292 scripto
293 1249 383 1277 can.
407 1237 461 1277 14
493 1236 629 1277 statim
650 1233 896 1289 exponendo
930 1233 980 1276 de
1007 1235 1236 1289 peregrinis
1260 1232 1466 1288 obligatis,
1494 1231 1554 1274 vel
1580 1231 1742 1289 absque

115 1309 232 1349 tertia
266 1306 501 1349 conditione
534 1305 577 1361 (ξ
616 1305 650 1355 1,
685 1318 724 1348 n.
763 1305 821 1360 10)
859 1304 920 1347 vel
955 1303 1111 1361 absque
1144 1303 1406 1361 secunda&
1443 1304 1478 1355 l,
1513 1302 1590 1359 2⁰),
1614 1308 1654 1345 et
1686 1303 1743 1346 de

117 1379 232 1433 vagis
264 1376 455 1433 obligatis
488 1378 680 1433 quamvis
712 1375 894 1419 secunda
928 1375 1034 1418 desit
1066 1375 1247 1418 conditio
1281 1373 1354 1431 (ib.
1388 1376 1412 1428 g
1442 1374 1499 1430 2).

231 1448 299 1490 70.
335 1449 503 1494 Utrum
537 1448 850 1503 legislatores
893 1447 1214 1492 ecclesiastici
1259 1447 1581 1491 subiiciantur
1617 1447 1735 1501 legi-

113 1523 206 1564 bus
238 1533 268 1565 a
300 1533 355 1565 se
387 1520 667 1564 indistincte
699 1520 827 1570 latis,
860 1521 908 1563 et
951 1518 1215 1574 quomodo.
1249 1517 1288 1559 Si
1325 1520 1502 1571 potestas
1526 1514 1742 1573 Ecclesiae

113 1589 345 1646 legislativa
379 1593 599 1632 exercetur
630 1601 652 1631 a
685 1587 859 1643 collegio
908 1587 1103 1644 quodam,
1153 1586 1313 1642 singula
1364 1585 1485 1629 buius
1535 1585 1735 1640 membra,

115 1665 255 1716 utpote
292 1674 387 1703 vere
420 1660 572 1703 subditi
598 1662 758 1716 integro
792 1658 981 1714 collegio,
1014 1657 1252 1714 obligantur
1278 1657 1437 1714 legibus
1465 1656 1516 1700 ab
1536 1659 1621 1713 ipso
1647 1656 1741 1700 latis

112 1734 200 1775 sine
234 1732 511 1784 distinctione,
544 1736 613 1773 aut
645 1733 796 1773 omisso
838 1728 963 1772 verbo
1008 1729 1115 1786 quod
1161 1741 1230 1772 eos
1263 1727 1604 1784 comprehendat,
1637 1727 1734 1770 dum

114 1801 345 1858 excipiatur
365 1815 469 1844 unus
489 1801 696 1844 Romanus
721 1800 902 1843 Pontifex
925 1801 962 1841 in
983 1798 1165 1842 Concilio
1179 1796 1484 1851 Oecumenico3
1510 1799 1595 1853 ipse
1614 1799 1744 1851 enim,

114 1886 209 1917 cum
243 1873 414 1916 eandem
453 1872 599 1916 babeat
634 1876 875 1928 potestatem
910 1883 957 1914 ac
990 1873 1122 1926 ipsum
1147 1869 1389 1923 Concilium,
1415 1868 1576 1925 legibus
1607 1870 1740 1912 conci-

115 1944 286 1988 liaribus
318 1957 397 1986 non
432 1948 493 1988 est
535 1943 745 1986 subiectus
792 1944 921 1998 magis
964 1954 1086 1998 quani
1134 1942 1310 1997 propriis
1352 1938 1744 1984 Constitutionibus.,

117 2040 169 2044 ——
204 2015 243 2058 si
277 2016 504 2070 Supremus
540 2014 678 2056 Pastor
710 2013 862 2070 aliique
894 2011 1126 2068 singulares
1171 2010 1428 2067 legislatores
1474 2023 1510 2054 v,
1544 2023 1602 2065 gr.
1643 2009 1739 2065 Epi-

115 2087 226 2141 scopi
262 2085 373 2141 leges
408 2084 669 2140 promulgant
704 2097 776 2140 pro
809 2082 1015 2135 omnibus,
1049 2087 1087 2125 et
1121 2081 1255 2139 quoad
1302 2081 1536 2124 huiusmodi
1573 2080 1685 2136 leges
1717 2092 1737 2123 3

114 2158 198 2199 suis
233 2154 634 2212 praedecessoribus,
660 2167 780 2197 nemo
803 2153 960 2209 sibiipsi
981 2154 1131 2196 int'erre
1154 2155 1233 2194 vim
1257 2157 1401 2208 potest,
1420 2151 1490 2194 sed
1513 2153 1535 2193 ii
1555 2150 1745 2194 subdun—

115 2231 181 2269 tur
215 2226 374 2283 legibus
410 2228 571 2282 propria
611 2225 821 2268 voluntate
853 2224 1085 2278 servandis,
1118 2223 1252 2280 quoad
1298 2234 1439 2265 earum
1471 2224 1736 2277 praeceptum

115 2302 185 2340 aut
221 2300 405 2340 vetitum.
424 2296 569 2340 Teneri
604 2309 703 2353 ergo
736 2298 794 2339 sic
827 2309 877 2338 ex
912 2294 992 2337 levi
1026 2294 1172 2337 saltem
1211 2293 1462 2349 obligatione
1489 2292 1538 2335 ad
1564 2304 1745 2335 servan»

116 2369 188 2411 das
223 2368 455 2424 praedictas
489 2368 599 2424 leges
632 2369 755 2410 etiam
789 2379 812 2409 a
854 2368 939 2409 suis
979 2363 1368 2416 praedecessoribus
1412 2363 1526 2417 latas,
1561 2364 1738 2405 rationa-

117 2439 252 2483 biliter
286 2438 557 2494 respondetur
589 2451 683 2480 cum
718 2436 765 2480 I).
798 2436 953 2479 Thoma
979 2435 991 2458 ¹
1028 2448 1076 2478 eo
1100 2435 1207 2492 quod
1248 2450 1268 2475 <(
1295 2434 1555 2490 iurisperitus
1581 2432 1737 2490 (Ulpia-

117 2512 211 2559 nus)
245 2510 345 2553 dicit
369 2510 382 2531 2
422 2511 656 2565 «princeps
693 2507 850 2550 solutus
883 2511 943 2550 est
990 2519 1011 2549 a
1061 2505 1220 2561 legibus
1244 2521 1263 2546 ))
1303 2509 1501 2561 quantum
1552 2504 1601 2547 ad
1655 2505 1737 2546 vim

116 2582 347 2623 coactivam
383 2579 497 2636 legis,
534 2578 668 2621 nullus
701 2579 810 2620 enim
847 2578 1010 2632 proprie
1049 2575 1213 2631 cogitur
1245 2588 1267 2618 3
1310 2577 1466 2630 seipso;
1501 2574 1565 2616 lex
1599 2578 1742 2616 autem]

117 2665 196 2695 non
231 2650 353 2694 habet
388 2652 469 2692 vim
503 2651 736 2692 coactivam
771 2650 846 2690 nisi
878 2661 927 2690 ex
958 2648 1153 2703 principis
1187 2659 1275 2695 iseu
1302 2644 1567 2701 legislatoris)
1604 2649 1749 2700 potes--

116 2728 211 2767 tate.
253 2723 319 2765 Sic
358 2723 482 2777 igitur
523 2722 713 2776 princeps
745 2719 897 2762 dicitur
929 2730 1017 2761 esse
1058 2717 1215 2760 solutus
1253 2730 1275 2759 a
1320 2716 1424 2772 lege,
1467 2717 1563 2772 quia
1598 2714 1743 2757 nullus

237 2830 246 2850 1
277 2829 356 2862 l-ll
384 2839 418 2871 q.
444 2826 569 2861 XCVI
595 2836 647 2859 ar.
675 2827 696 2859 5
721 2824 769 2859 ad
794 2825 857 2859 3¹1¹.
888 2846 931 2849 —
958 2823 971 2845 2
999 2823 1084 2857 Lib.
1117 2825 1132 2856 l
1162 2820 1198 2855 ff.
1229 2822 1293 2856 tit.
1321 2821 1343 2855 3
1369 2821 1415 2854 de
1442 2820 1597 2865 legibus
1624 2824 1663 2853 et
1683 2830 1739 2853 se-

118 2880 343 2911 natuscons.
