1950 3313
496 162 579 196 Trr.
606 162 653 197 ΙΙ.
683 182 694 188 ·
722 163 778 197 De
806 166 1110 208 immutabilitate
1136 167 1267 201 delicti
1295 169 1360 201 etc.
1706 170 1746 202 13

159 283 179 322 ξ
203 279 235 314 2.
263 277 373 314 Metus
399 289 537 325 quoque
562 279 689 323 gravis,
716 281 819 315 etiam
843 292 890 315 re-

113 327 216 362 lative
241 331 393 367 tantum,
424 326 625 368 necessitas,
652 326 721 361 imo
739 333 770 362 et
790 339 893 371 grave

113 373 386 415 incommodum,
426 373 630 419 plerumque
656 374 836 415 delicium,
865 375 891 409 si

111 426 234 466 agatur
267 421 308 456 de
344 420 476 465 legibus
513 431 605 456 mere
634 421 890 461 ecelesiasticis,

114 469 251 516 penitus
277 468 418 504 tollunt.

159 519 178 558 ξ
204 515 237 550 3.
267 514 301 551 Si
330 526 408 550 vero
432 519 530 549 aetus
556 514 600 548 sit
618 514 807 550 intrinsece
827 526 896 551 ma-

113 564 166 599 ius
190 569 250 598 aut
277 567 394 607 vergat
421 562 455 596 in
483 566 725 607 contemptum
745 562 820 597 fidei
843 563 892 597 vel

109 610 364 647 ecclesiasticae
388 609 607 645 auctoritatis
634 609 687 644 vel
708 610 742 643 in
758 610 892 644 anima-

111 669 188 694 rum
203 657 388 698 damnum,
404 667 542 696 causae,
559 656 601 691 de
620 656 747 702 quibus
769 656 801 690 in
823 661 842 699 ξ
860 657 891 697 2,

109 705 225 742 delicti
266 704 575 751 imputabilitatem
615 703 782 738 minuunt
817 705 892 750 qui-

109 753 202 793 dem.
231 753 290 788 sed
319 762 387 787 non
413 751 590 786 auferunt.

160 803 179 842 ἓ
204 798 237 834 si.
267 798 380 835 Causa
406 798 580 844 legitimae
617 798 744 833 tutelae
772 802 893 833 contra

111 847 281 882 iniustum
307 857 558 891 aggressorem,
587 845 613 879 si
645 845 802 881 debitum
822 856 892 880 ser-

111 899 209 930 vetur
227 894 466 936 moderamen,
486 893 652 928 delictum
671 893 816 927 omnino
830 904 891 927 au-

113 943 192 984 fem
209 953 308 978 secus
325 941 633 987 imputabilitatem
649 940 892 975 tantummodo

111 989 248 1030 minuit,
275 989 364 1024 sicut
381 988 486 1024 etiam
505 999 610 1022 causa
626 987 890 1034 provocationis.

157 1035 241 1073 Cin.
270 1034 376 1071 2206.
409 1057 425 1061 -
448 1035 578 1079 Passio,
598 1035 625 1069 si
647 1035 751 1070 fuerit
770 1035 891 1069 volun-

109 1084 195 1120 tarie
219 1089 252 1120 et
277 1083 467 1118 deliberate
493 1083 642 1118 excitata
669 1083 720 1118 vel
744 1082 888 1117 nutrita.

110 1131 421 1178 imputabilitatem
466 1130 579 1176 potius
620 1134 746 1175 auget:
791 1140 891 1165 secus

108 1190 186 1215 eam
214 1178 342 1214 minuit
370 1178 446 1224 plus
474 1179 633 1213 minusve
661 1188 722 1224 pro
753 1177 891 1212 diverso

110 1226 280 1272 passionis
318 1230 435 1267 aestu;
473 1230 506 1260 et
543 1225 689 1260 omnino
729 1224 831 1268 tollit,
862 1225 888 1258 si

108 1284 248 1309 omnem
285 1273 414 1308 mentis
451 1271 740 1308 deliberationem
766 1277 799 1307 et
836 1283 891 1307 vo-

108 1321 254 1356 luntatis
279 1331 490 1356 eonsensum
519 1320 701 1366 praecedat
726 1324 759 1355 et
785 1319 891 1366 impe-

109 1369 196 1404 diat.

155 1414 239 1452 Cu.
269 1414 374 1450 2207.
405 1435 422 1441 -
452 1414 589 1450 Praeter
614 1414 684 1450 alia
721 1414 889 1450 adiuncta

106 1463 348 1509 aggravantia,
375 1462 542 1498 delictum
573 1467 743 1508 augetur:

157 1599 294 1635 Titulus
327 1597 366 1633 ll.

110 1646 158 1682 De
176 1645 391 1692 imputabili-

132 1699 201 1730 tate
227 1693 341 1729 delicti
372 1713 411 1717 —
429 1713 474 1717 -—
505 1691 640 1728 ratione
667 1713 708 1717 —

732 1666 770 1670 -
799 1644 946 1691 triplicis
973 1644 1081 1680 fontis

1043 282 1164 317 101’r0
1205 284 1332 318 maiore
1371 284 1541 327 dignitate
1582 297 1745 330 personae

967 340 1054 374 quae
1081 330 1246 365 delictum
1274 331 1473 371 committit,
1502 337 1561 366 aut
1587 334 1744 377 quaede-

969 376 1048 410 lirto
1075 378 1287 419 olseiiditur;

1039 424 1074 457 :2⁰
1104 424 1145 458 Ex
1173 425 1283 459 abusu
1325 425 1540 460 auctoritatis
1569 426 1617 461 vel
1645 427 1742 461 ollii-ii

966 470 1007 503 ad
1035 471 1198 505 delictum
1233 473 1456 517 patrandum.

1015 517 1098 551 (lix.
1129 518 1232 552 22:208.
1263 540 1284 544 -
1312 524 1330 560 ᾗ
1368 519 1395 553 l.
1429 519 1611 554 llecidivus
1641 532 1742 554 sensu

969 563 1053 597 iuris
1078 570 1129 599 est
1154 566 1210 610 qui
1232 571 1303 610 post
1323 567 1649 602 condemnationem
1673 579 1743 601 rur-

966 622 1024 644 sus
1050 613 1233 646 committit
1262 613 1426 647 delictum
1459 615 1613 649 eiusdem
1641 626 1743 657 geue—

967 658 1014 691 ris
1039 663 1071 692 et
1099 660 1132 693 in
1162 660 1288 694 talibus
1325 672 1437 695 rerum
1472 673 1511 695 ac.
1542 663 1741 707 praesertim

968 707 1133 751 temporis
1159 707 1333 741 adiunctis
1361 713 1395 741 ut
1422 708 1573 743 eiusdem
1596 709 1743 754 pertina-

966 753 1019 787 cia
1048 753 1081 786 in
1103 753 1190 788 mala
1221 754 1395 789 voluntate
1416 756 1602 801 prudenter
1619 757 1741 791 coniici

969 801 1086 844 possit.

1015 850 1034 889 ξ
1061 847 1094 881 2.
1125 846 1191 891 Qui
1222 847 1349 893 pluries
1375 849 1557 894 deliquerit
1575 850 1677 884 etiam
1698 851 1743 884 di·

967 904 1062 928 verso
1091 895 1125 928 in
1153 906 1289 939 genere,
1316 906 1413 930 suam
1441 902 1542 941 auget
1565 897 1743 942 culpabili

966 946 1084 976 tatem.

1013 987 1098 1023 Cia.
1128 988 1230 1023 2209.
1258 1009 1280 1014 -
1307 992 1325 1031 ᾗ
1356 989 1385 1023 i.
1409 990 1474 1032 Qui
1495 991 1668 1025 communi
1691 992 1745 1026 de-

966 1035 1147 1081 linquendi
1183 1036 1328 1070 consilio
1362 1037 1464 1071 simul
1503 1038 1642 1083 physice
1668 1050 1745 1073 cou—

965 1088 1111 1117 currunt
1127 1084 1159 1117 in
1177 1083 1354 1120 delictum.
1374 1096 1494 1118 omnies
1509 1085 1625 1119 eodem
1645 1086 1744 1120 inodo

966 1130 1011 1165 rei
1035 1131 1220 1171 habentur,
1240 1131 1307 1164 uisi
1327 1131 1491 1166 adiuncta
1511 1132 1658 1166 alicuius
1676 1133 1744 1167 cul-

968 1177 1184 1223 pabilitateni
1212 1182 1363 1222 augeant
1391 1179 1440 1214 vel
1471 1179 1644 1213 minuant.

1013 1229 1031 1267 ξ
1059 1226 1091 1259 2.
1124 1225 1158 1260 ln
1178 1225 1304 1260 delicto
1323 1226 1413 1271 quod
1433 1238 1493 1260 sua
1515 1231 1637 1260 natura
1655 1238 1746 1260 com-

968 1272 1091 1318 plicem
1130 1272 1292 1318 postulat,
1327 1284 1556 1319 unaquaeque
1584 1285 1661 1318 pars
1694 1279 1742 1308 est

965 1320 1084 1355 eodem
1112 1320 1212 1355 modo
1238 1320 1433 1365 culpabilis,
1460 1321 1526 1354 nisi
1558 1331 1596 1355 ex
1624 1321 1743 1356 audiunt

961 1369 1025 1402 ctis
1052 1368 1147 1403 aliud
1174 1372 1351 1413 appareat.

1009 1419 1028 1457 ξ
1055 1415 1086 1449 3.
1102 1415 1176 1450 Non
1191 1414 1302 1449 solum
1325 1414 1497 1449 mandans
1511 1415 1568 1460 qui
1585 1419 1636 1449 est
1653 1416 1745 1460 prin-

961 1462 1084 1508 cipalis
1110 1462 1224 1498 delicti
1252 1467 1384 1501 auctor,
1418 1462 1475 1497 sed
1494 1462 1597 1497 etiam
1618 1463 1675 1508 qui
1701 1463 1742 1497 ad

1538 1644 1623 1679 Cau.
1654 1644 1742 1678 2199

728 1760 772 1765 —
798 1739 867 1775 doli
1585 1754 1598 1771 υ
1654 1738 1743 1774 :22⁰0

728 1855 770 1859 —
797 1834 1007 1880 qualitatum
1035 1833 1272 1879 delinquentis
1584 1847 1597 1863 »
1653 1832 1736 1866 2201

956 1950 994 1953 —
1025 1928 1124 1963 intel·
1170 1949 1219 1972 ,-
1234 1928 1278 1963 ob
1295 1928 1531 1972 ignorantiam
1583 1941 1598 1959 »
1652 1926 1743 1961 2202

978 1976 1086 2011 lectus
1118 1975 1172 2010 -Ι

1171 2013 1219 2048 i—
1236 2022 1280 2057 ob
1297 2022 1544 2067 negligentiam
1583 2036 1596 2053 »
1652 2021 1742 2055 '22⁰3

108 2069 151 2105 de
165 2070 278 2105 causis
294 2069 389 2105 illam

124 2117 399 2162 aggravantibus
432 2138 465 2143 —
493 2130 530 2153 ex
553 2124 648 2166 parte
667 2142 710 2146 —
733 2139 771 2144 —
800 2119 906 2154 facul·
955 2139 996 2144 —
1016 2119 1136 2153 volun·
1177 2137 1220 2143 -
1261 2122 1401 2163 propter
1439 2121 1530 2151 aeta-

127 2164 178 2200 vel
201 2165 389 2200 minuenti·
749 2171 861 2209 tatum
894 2187 936 2192 -
976 2166 1057 2201 tatis
1115 2187 1161 2191 —-
1200 2169 1267 2200 tem
1585 2176 1597 2193 »
1652 2161 1738 2196 22⁰4

125 2212 218 2254 tibus
371 2234 413 2238 —
1171 2217 1174 2274 ἑ
1428 2260 1432 2264 Ι

1178 2282 1220 2285 -
1249 2265 1385 2305 propter
1406 2270 1471 2293 vim
1499 2263 1530 2293 et

423 2308 427 2379 1
1204 2312 1331 2342 metum
1651 2303 1741 2338 2205

956 2425 996 2428 —
1022 2403 1268 2438 sensitivarum
1582 2414 1595 2430 ι)
1650 2397 1739 2432 22⁰6

734 2520 767 2524 —
794 2499 942 2534 aliorum
969 2498 1212 2533 adiuncturum
1649 2492 1738 2526 22⁰7

952 2614 992 2617 -
1019 2597 1160 2627 actuum
1580 2602 1593 2618 »
1650 2586 1739 2620 '22⁰8

433 2659 469 2663 —
497 2639 541 2675 ob
565 2640 862 2687 multiplicitatem
892 2620 947 2704 —l
1082 2686 1087 2691 ι
1233 2685 1238 2689 ¹

954 2707 995 2711 —
1021 2686 1303 2730 delinquentium
1652 2682 1739 2715 :lsstiti

107 2735 140 2767 et
165 2731 207 2767 de
236 2731 390 2767 iuridicis

130 2778 244 2814 delicti
260 2779 389 2815 effecti·
496 2829 500 2833 Ι
557 2828 564 2835 .
592 2828 598 2834 .
641 2828 647 2834 θ
791 2802 841 2840 Ι-
867 2781 1045 2815 notionum
1650 2775 1739 2808 ‘2210

133 2825 197 2861 bus
371 2848 413 2852 ›—
440 2849 475 2853 —
494 2828 717 2864 iudicialibus
737 2841 793 2897 -Ι
868 2875 873 2880 .
984 2874 988 2879 .
1185 2873 1190 2876 Ι
1296 2872 1300 2875 .
1647 2875 1678 2886 ..

799 2895 840 2900 -—
867 2886 900 2909 in
929 2873 1079 2909 solidum
1106 2871 1322 2907 sustinendis
1578 2883 1591 2899 υ
1649 2868 1733 2902 2211
