1950 3313
99 173 146 205 42
565 169 648 203 LIB.
675 168 721 202 'V.
752 188 763 193 -
791 168 902 202 PARS
929 168 956 202 Ι.
983 187 996 192 -
1021 168 1079 203 De
1096 169 1257 207 delictis
1510 168 1604 204 Can.
1631 169 1726 204 2213

99 291 339 346 adiungitur
373 291 410 331 in
447 290 548 331 line:
598 286 714 330 salvo
760 287 1027 345 praescripto
1070 290 1094 342 ἓ
1135 289 1166 331 3
1209 289 1314 332 infra
1358 288 1619 345 explicando,
1654 289 1722 333 ubi

104 375 225 404 verus
263 360 442 403 «delicti
478 363 650 402 conatus
682 358 734 402 ab
768 360 878 401 omni
913 358 1230 415 imputabilitate
1264 359 1464 404 liberatur
1485 375 1525 405 )),

215 432 315 489 ἒξ).
354 429 558 473 Delictum
599 428 858 487 fruslmlum
902 432 1014 474 iuxta
1058 429 1382 474 declarationem
1429 444 1563 487 praec.
1599 431 1637 485 §¹
1671 431 1723 486 2¹,

99 516 193 545 cuin
229 501 375 544 habeat
417 502 553 543 omnia
600 502 795 557 requisita.
830 505 869 543 et
903 500 1021 557 plene
1054 515 1104 544 ex
1140 505 1254 558 parte
1297 502 1558 560 deliquentis,
1594 504 1648 545 ita
1682 506 1726 545 ut

98 573 148 616 ad
183 573 446 615 efficientiam
495 571 633 614 delicti
685 570 783 614 nihil
834 571 952 628 (lesit,
1000 572 1136 629 maqis
1175 572 1383 630 culpabile
1414 579 1489 628 est,
1525 578 1567 616 ut
1601 577 1723 630 patet,

98 657 221 700 qm‘tm
253 641 432 699 simplem
465 641 610 685 delicti
642 648 830 697 coiiatus,
865 645 932 700 qui
969 648 1089 700 prout
1112 657 1133 687 a
1157 644 1351 687 frustrato
1389 644 1541 688 delicto
1575 645 1726 688 discer-

100 716 221 767 nitur,
255 713 435 770 aliquem
471 713 677 757 desectum
713 716 751 757 in
787 715 1054 772 delinquente
1087 728 1168 772 qua
1203 714 1270 758 tali
1306 718 1512 772 supponit.

244 785 272 841 ξ
302 785 345 827 3.
380 783 439 827 Ab
472 784 585 827 cmiii
618 784 966 842 imputabililate,
998 798 1105 842 qnae
1139 788 1177 828 in
1212 788 1371 829 ratione
1405 786 1543 829 delicti
1577 786 1726 830 subau-

98 855 221 909 ditur,
256 854 459 912 quidquid
493 857 545 898 sit
577 855 627 898 de
662 860 844 911 peccato,
879 855 1088 898 liberatur
1112 858 1150 899 in
1186 858 1274 900 iure
1307 869 1355 900 ac
1379 856 1589 901 Ecclesiae
1623 859 1723 914 som,

97 926 169 983 qai
200 931 358 984 sponte,
383 931 425 969 ut
451 928 487 968 in
514 928 645 982 prima
665 926 852 983 hypotesi
872 929 897 980 ἓ
919 927 934 969 1
965 932 1073 970 can.⁵
1091 940 1241 983 praec„
1266 927 1315 971 ab
1339 927 1506 983 incepta
1531 927 1724 985 (proinde

97 1000 191 1039 ante
224 996 644 1054 consummationem)
678 995 823 1039 delicti
866 997 1131 1040 eoeseeulioiie
1173 997 1265 1054 (per
1306 1011 1448 1041 verum
1485 999 1622 1042 delicti
1657 1012 1723 1042 co-

99 1065 259 1124 natum)
292 1065 518 1120 deslileiit,
554 1070 681 1124 posita
715 1068 974 1111 conditione:
1000 1068 1038 1111 si
1060 1067 1223 1111 millum
1247 1082 1298 1111 eoe
1330 1074 1482 1112 conatu
1515 1070 1725 1113 declarato

97 1136 296 1180 (lammam
330 1139 368 1180 in
404 1137 494 1181 aliis
530 1138 591 1181 vel
627 1138 810 1182 Ecclesia
845 1143 920 1182 aut
952 1139 1201 1182 scandalum
1233 1145 1371 1182 ortum
1394 1140 1475 1191 sil‚·
1508 1140 1609 1184 haec
1631 1144 1727 1184 sunt

99 1210 206 1251 enim
242 1220 349 1265 quae
383 1208 494 1265 leges
529 1209 721 1266 poenales
754 1211 793 1252 in
829 1222 970 1253 earum
1010 1210 1231 1254 violatione
1268 1216 1586 1269 persequuntur.
