1950 3313
137 133 182 167 72
631 130 717 164 LIB.
750 130 781 165 I.
807 149 819 155 ·
845 130 1018 165 Normae
1046 129 1252 164 Generales

254 251 320 293 57.
357 252 488 296 Libri
520 251 802 296 distributio
825 251 873 294 in
896 250 1102 296 Titulos.
1134 248 1267 292 Etiam
1293 251 1330 291 in
1355 247 1506 293 Codice
1530 250 1765 292 retinentur

134 319 298 364 Deci-eti
332 318 515 364 Gratiani
553 321 755 376 principia
780 320 818 364 1:
859 335 879 360 (t
902 316 1038 364 Omne
1071 323 1208 363 autem
1245 320 1306 363 ius
1329 318 1490 375 legibus
1513 323 1552 362 et
1575 317 1765 362 moribus

133 395 305 434 constat.
339 389 421 434 Lex
456 395 517 433 est
550 392 787 434 constitutio
820 392 986 446 scripta.
1011 388 1275 434 Consuetudo
1298 394 1435 433 autem
1460 394 1519 433 est
1551 392 1611 433 ius
1635 390 1761 447 quod-

133 462 227 505 dam
265 461 449 505 moribus
473 463 719 517 institutum,
744 461 853 519 quod
881 475 953 518 pro
978 461 1069 518 lege
1091 463 1328 518 suscipitur,
1352 474 1445 504 cuni
1471 460 1609 504 deficit
1636 460 1698 504 lex
1720 476 1761 503 ³).

136 533 353 589 Propterea
387 531 507 576 Tituli
545 535 702 589 priores
735 531 1031 582 Decretalium,
1064 532 1115 575 de
1157 531 1521 575 constitutionibus
1559 533 1598 574 in
1632 531 1760 575 alium

133 608 328 656 mutatus,
363 616 534 660 nempe:
577 602 652 646 Tit.
688 602 719 646 J.
758 602 816 646 De
849 601 1009 660 leyz'bus
1042 602 1354 653 ecclesiasticis,
1388 607 1427 646 et
1470 601 1547 645 Tit.
1581 600 1658 645 Ill.
1705 601 1766 644 De

133 673 443 723 consuetudine,
488 676 526 717 in
572 674 648 718 hoc
694 673 813 718 Libro
846 673 895 717 l.⁰
931 675 1215 729 inveniuntur,
1245 676 1460 718 interiecto
1500 672 1576 716 Tit.
1612 671 1665 717 Il.
1703 672 1765 716 De

135 744 333 803 temporis
365 745 679 804 supputatione,
713 747 808 803 quia
842 744 1006 790 Codicis
1038 757 1218 788 canones
1251 744 1461 788 multoties
1493 749 1656 800 tempus
1690 743 1759 787 de-

131 819 295 874 signant
326 817 579 861 servandum
616 819 654 860 in
691 819 933 873 praescripti
977 816 1315 873 adimpleinento,
1351 818 1469 859 cuius
1513 817 1673 858 initium
1713 827 1761 859 ac

134 888 225 931 linis
258 889 426 944 cognitu
462 890 692 931 necessaria
729 889 895 931 fuerunt
931 901 1002 944 per
1035 887 1108 930 has
1142 900 1307 930 normas
1331 886 1547 943 generales
1569 886 1763 930 determi-

133 959 281 1003 nanda.
302 984 358 989 -—
376 959 509 1002 Semel
534 961 755 1002 constituto
781 961 882 1009 iure,
908 963 1068 1014 oportet
1093 958 1191 1001 illud
1218 960 1256 1000 in
1284 960 1442 1013 praxim
1469 957 1676 1001 deducere
1702 960 1760 1000 in-

132 1031 393 1073 terveniente
427 1030 785 1073 administratione
824 1029 1095 1086 Super-iorum
1121 1029 1514 1082 ecclesiasticorum,
1548 1031 1631 1086 qui,
1666 1041 1763 1072 cum·

130 1103 208 1144 sint
243 1103 365 1144 etiam
414 1101 684 1157 legislatores,
718 1101 978 1144 authenticas
1030 1100 1166 1156 legum
1221 1099 1524 1143 declarationes
1579 1100 1767 1155 proferre

131 1171 297 1227 debent,
347 1174 428 1215 imo
477 1177 517 1215 et
565 1172 778 1216 [acuitates
830 1177 992 1228 practer
1049 1174 1110 1215 ius
1167 1170 1227 1214 vel
1283 1170 1612 1227 dispensationes
1665 1183 1765 1228 quo-

131 1256 211 1301 que
246 1248 388 1287 contra
424 1245 485 1286 ins
539 1244 782 1287 concedere.
818 1241 968 1288 Omnia
1023 1243 1125 1286 haec
1160 1247 1363 1300 peragunt
1395 1242 1672 1294 documentis,
1711 1242 1762 1285 de

132 1314 283 1371 quibus
318 1320 359 1358 ut
394 1317 432 1357 in
468 1314 745 1358 Decretalinm
783 1315 898 1358 titulo
933 1316 1056 1357 etiam
1103 1313 1342 1357 inscribitur
1382 1313 1456 1356 Tit.
1492 1312 1562 1356 IV.
1604 1311 1660 1355 De
1696 1326 1760 1355 re-

129 1386 317 1443 scriptis,
350 1386 447 1430 huic
480 1386 803 1430 succedentibus
836 1385 998 1429 duobus
1030 1385 1134 1437 aliis,
1168 1387 1236 1442 qui
1271 1389 1365 1428 sunt
1395 1383 1470 1428 Tit.
1509 1383 1546 1428 V.
1588 1383 1644 1427 De
1675 1384 1764 1441 pri-

129 1457 312 1514 vileqz'is,
347 1471 453 1515 quae
488 1458 701 1501 facultates
737 1463 820 1501 tum
858 1462 1020 1513 praeter
1054 1461 1139 1499 tum
1180 1462 1322 1500 contra
1360 1458 1421 1499 ins
1453 1457 1677 1502 continent,
1713 1467 1761 1499 ac

137 1528 211 1571 Tit.
249 1528 316 1573 VJt
348 1528 406 1572 De
439 1528 769 1586 dispensatione,
794 1541 898 1585 qnae
923 1531 1129 1571 contraria
1164 1533 1224 1571 est
1247 1541 1411 1583 semper
1434 1527 1557 1570 alicui
1591 1539 1762 1569 normae

129 1599 413 1656 obligatoriae.
451 1600 527 1643 Hic
563 1600 706 1643 titulus
739 1600 873 1657 quoad
912 1601 1223 1655 inscriptionem
1250 1612 1382 1641 novus
1406 1602 1480 1651 est,
1507 1596 1765 1652 praecedens

130 1676 266 1714 antem
302 1685 349 1714 ex
387 1670 472 1714 Lib.
510 1670 539 1713 V
575 1670 852 1715 Decretalinni
888 1675 949 1713 est
988 1670 1066 1713 linc
1100 1672 1397 1713 convenienter
1431 1667 1664 1711 translatus.

800 1857 1031 1895 TITULUS
1063 1858 1090 1894 Ι.

621 1982 685 2024 Dc
720 1982 898 2033 legibus
929 1980 1266 2025 ecclesiasticis

1032 2120 1115 2157 CAN.
1150 2121 1203 2155 lc.
1235 2142 1251 2146 -
1281 2120 1384 2165 Leges
1410 2118 1601 2172 respiciunt
1630 2119 1758 2159 futura,

177 2126 260 2162 CAN.
290 2124 322 2158 8.
355 2145 370 2149 —
403 2128 421 2166 ξ
454 2123 481 2157 l.
516 2123 619 2167 Leges
662 2123 906 2158 instituuntur.

984 2180 1050 2203 non
1081 2170 1275 2214 praeterita,
1304 2167 1368 2202 nisi
1410 2166 1620 2202 nominatim
1650 2166 1684 2199 in
1711 2166 1765 2201 eis

129 2184 208 2208 curn
229 2172 505 2218 promulgantur.

176 2225 194 2262 ξ
223 2220 253 2254 2.
286 2219 350 2254 Lex
378 2230 447 2253 non
477 2217 710 2263 praesumitur
746 2227 906 2262 persona-

130 2268 183 2308 lis,
205 2268 262 2302 sed
289 2265 519 2307 territorialis7
538 2264 603 2298 nisi
623 2264 716 2299 alind
737 2269 881 2300 constet.

178 2313 261 2350 CAN.
292 2314 323 2349 9.
353 2333 368 2340 -
399 2313 502 2357 Leges
527 2311 570 2347 ab
599 2312 794 2357 Apostolira
821 2311 907 2347 Sede

130 2361 217 2397 latae
259 2360 523 2407 promulgantur
559 2370 617 2402 per
655 2359 841 2394 editionem
871 2359 906 2392 in

130 2409 285 2444 Actorum
316 2407 526 2454 Apostolieae
552 2406 645 2441 Sedis
671 2406 907 2440 rontinentario

129 2456 275 2502 officiali,
303 2455 368 2490 nisi
406 2455 441 2489 in
468 2454 607 2489 casibus
639 2453 906 2498 particularibus

129 2504 218 2538 alius
247 2501 489 2549 promulgandi
531 2501 653 2536 modus
682 2501 783 2535 fuerit
811 2510 906 2545 prae-

128 2551 297 2596 scriptus:
318 2555 351 2585 ct
377 2550 445 2583 vim
466 2560 563 2583 suam
583 2552 746 2584 exserunt
768 2552 904 2582 tantum

128 2598 271 2644 expletis
291 2597 401 2632 tribus
421 2596 600 2631 mensibus
618 2606 639 2629 a
657 2595 711 2630 die
729 2594 787 2640 qui
809 2595 831 2628 A
841 2601 905 2629 cto-

127 2656 201 2679 rum
229 2655 375 2679 numero
400 2643 578 2689 appositus
604 2647 666 2685 est,
689 2642 754 2676 nisi
782 2652 821 2677 ex
848 2652 905 2676 na-

129 2697 206 2727 tura.
232 2692 278 2727 rei
320 2691 410 2726 illico
438 2690 545 2734 ligent
570 2694 630 2724 aut
668 2689 702 2724 in
732 2690 807 2735 ipsa
834 2689 906 2733 lege

129 2739 263 2775 brevior
290 2739 340 2774 vel
381 2738 514 2782 longior
540 2736 671 2772 vacatio
710 2736 906 2782 specialiter

127 2791 160 2822 ct
185 2797 344 2832 expresse
372 2785 473 2821 fuerit
497 2788 637 2819 statuta.

255 2894 264 2914 ¹
293 2892 432 2926 Dist.1
459 2903 539 2936 cap.
569 2893 603 2932 Q,
632 2892 664 2933 3,
692 2892 724 2926 5.

981 2216 1022 2251 de
1051 2216 1242 2261 praeteritis
1268 2219 1437 2250 caveatur.

1030 2262 1112 2298 CAN.
1157 2263 1208 2297 ll.
1240 2284 1256 2288 -
1286 2263 1464 2297 irritantes
1500 2265 1560 2295 aut
1596 2259 1760 2295 inhabili-

981 2316 1094 2345 tantes
1112 2321 1172 2346 eae
1198 2314 1333 2345 tantum
1356 2309 1445 2353 leges
1465 2307 1644 2343 habendae
1663 2312 1758 2349 sunt,

980 2357 1108 2403 quibus
1134 2362 1193 2392 aut
1218 2362 1334 2392 actum
1361 2367 1434 2391 esse
1462 2355 1597 2390 nullum
1625 2359 1685 2389 aut
1711 2354 1765 2388 in-

981 2405 1132 2439 habilem
1172 2415 1246 2439 esse
1289 2414 1470 2450 personam
1510 2412 1669 2447 expresse
1708 2401 1760 2436 vel

979 2451 1240 2497 aequivalenter
1265 2451 1440 2486 statuitur.

1029 2499 1112 2535 CAN.
1139 2498 1191 2532 12.
1212 2520 1228 2523 -
1247 2497 1392 2543 Legibus
1408 2507 1501 2532 mere
1518 2495 1766 2532 ecelesiasticis-

981 2557 1050 2581 non
1077 2550 1241 2587 tenentur
1259 2546 1316 2591 qui
1347 2545 1558 2591 baptismum
1580 2554 1649 2578 non
1669 2553 1763 2578 rece-

981 2599 1118 2639 perunt.
1137 2603 1201 2628 nec
1229 2592 1390 2638 baptizati
1419 2592 1476 2637 qui
1505 2590 1686 2626 sufficienti
1706 2601 1760 2624 ra-

979 2641 1085 2676 tionis
1111 2652 1174 2675 usu
1204 2651 1273 2675 non
1300 2640 1461 2685 gaudent,
1491 2649 1554 2674 nee
1580 2637 1652 2683 qui7
1683 2637 1759 2672 licet

978 2688 1126 2723 rationis
1164 2699 1264 2722 usum
1299 2686 1461 2726 assecuti,
1489 2685 1676 2731 septimum
1704 2694 1758 2718 ae-

978 2736 1059 2770 tatis
1084 2746 1219 2770 annum
1248 2734 1404 2769 nondum
1431 2733 1666 2779 expleverunt.
1692 2730 1761 2765 nisi

978 2782 1073 2817 aliud
1101 2782 1174 2816 iure
1200 2792 1358 2827 expresse
1385 2784 1558 2816 caveatur.
