1950 3313
173 154 240 187 192
636 152 719 186 [ΛΒ.
748 151 793 186 V.
823 172 836 177 -
863 152 974 187 PARS
999 152 1051 186 ΙΙ.
1081 172 1092 179 -
1118 153 1176 188 De
1199 156 1334 198 poenis
1474 152 1567 189 Gan.
1594 153 1799 189 2310-2311

292 272 385 315 144.
402 273 473 318 De
492 265 846 328 praeceptouti
861 273 1057 328 poenali
1075 273 1294 318 remedio
1313 276 1374 315 est
1393 272 1540 315 unicus
1557 285 1647 315 caii.
1662 273 1797 315 2310.

172 344 230 387 De
266 344 340 387 hoc
373 346 467 386 sunt
509 342 591 384 duo
634 343 796 385 numeri
831 343 870 384 in
904 343 971 385 cit.
1006 341 1294 386 Instructione.
1333 340 1458 384 «Vll.
1492 341 1706 396 Quatenus
1745 344 1800 385 in-

173 415 407 457 fructuosae
441 413 688 454 monitiones
720 411 916 464 evadant,
948 408 1197 456 Ordinarius
1231 414 1432 468 praecipit
1464 412 1626 467 Curiae,
1660 417 1704 455 ut
1736 412 1804 455 de-

173 484 372 541 linquenti
407 481 627 538 analogum
664 483 903 538 iniungatur
933 487 1232 541 praeceptum;
1256 485 1294 526 in
1329 496 1410 541 quo
1443 481 1680 526 declaretur
1702 483 1800 540 quid

172 554 305 598 eidem
350 553 556 609 agendum
600 557 671 596 aut
712 545 1048 610 respondendum
1082 555 1147 607 sit,
1181 567 1276 597 cum
1310 550 1612 597 'accommodae
1647 566 1802 610 poenae

171 623 478 668 ecclesiasticae
500 625 837 677 comminatione,
862 637 985 681 quam
1011 626 1196 668 incurret
1219 626 1258 667 in
1283 637 1380 668 casu
1405 626 1802 680 transgressionis».

172 695 260 739 Non
294 695 414 739 aliter
446 699 615 739 cautum
649 699 708 738 est
743 697 781 737 in
815 697 985 750 canonis
1017 698 1287 752 praescripto.
1321 694 1626 738 lllom'liouibus
1658 694 1801 752 (cano-

174 769 236 810 nis
270 766 401 824 2307)
447 771 485 812 e!
528 765 860 824 correptionibus
894 765 1003 823 (can.
1040 765 1187 823 2308),
1227 765 1391 809 «semel
1429 766 1492 809 vel
1531 765 1722 822 pluries»
1763 771 1805 809 ut

174 841 212 880 in
246 850 335 882 can.
357 849 493 894 praec.
528 836 786 880 declaratum
811 837 899 890 fuit,
933 836 1145 879 incassum
1172 836 1235 880 vel
1258 839 1347 880 sine
1372 838 1504 880 tructu
1527 835 1656 894 sactis
1682 837 1802 880 modo

174 909 426 965 supradicto,
461 907 523 950 rel
558 907 599 964 b)
628 908 666 950 si
698 921 749 950 ea:
771 906 926 950 eisdem
959 907 1055 951 hinc
1081 910 1259 962 omissis,
1292 921 1340 951 eo
1364 908 1474 965 quod
1509 906 1697 965 effectum
1719 921 1807 965 spe-

173 993 274 1022 rare
306 994 354 1023 ex
390 979 584 1036 prudenti
619 981 882 1036 praevisione
916 991 997 1021 uon
1021 977 1163 1030 liceat,
1186 978 1352 1036 quando
1375 978 1476 1022 alias
1510 981 1599 1022 iure
1624 992 1701 1022 uon
1726 980 1807 1021 sint

175 1051 269 1095 illae
304 1053 596 1108 praescriptae,
629 1049 759 1093 (talcar
788 1055 1059 1107 praeceptum
1097 1052 1133 1092 vi
1170 1049 1479 1105 iurisdictionis,
1514 1063 1592 1107 quo
1625 1048 1666 1106 3)
1706 1047 1807 1107 quid

175 1135 300 1180 (tyere
347 1122 452 1166 ultra
496 1123 737 1178 ceteroquin
782 1120 983 1175 debitum,
1020 1119 1058 1173 b>
1092 1119 1254 1178 quidve,
1289 1133 1369 1164 non
1408 1122 1579 1163 vetitum
1624 1120 1806 1175 aliunde,

175 1194 335 1237 evitare
355 1198 620 1251 praeventus,
651 1192 777 1235 idest:
813 1193 970 1235 ratione
993 1196 1110 1235 actus
1142 1204 1265 1247 quem
1293 1193 1462 1234 monitio
1496 1196 1566 1235 aut
1599 1193 1807 1248 correptio

176 1264 467 1322 respiciebant,
500 1263 659 1318 debeat,
683 1268 881 1305 accurate
904 1262 1115 1305 iudicetur
1139 1265 1176 1305 in
1212 1263 1372 1317 eodem,
1397 1276 1488 1305 cum
1519 1276 1680 1320 poenae
1703 1262 1807 1306 latae

179 1336 242 1379 vel
277 1335 472 1379 ferendae
505 1333 827 1377 comminatione
859 1333 900 1376 iii
937 1347 1036 1376 casu
1061 1333 1429 1391 transqressiouis.
1454 1332 1542 1376 Hoc
1577 1333 1808 1390 intelligen-

177 1407 275 1450 dum
309 1411 367 1450 est
401 1406 452 1449 de
486 1402 709 1449 Ordinario
743 1403 794 1447 ad
830 1417 1016 1447 normam
1042 1416 1132 1448 cau.
1159 1404 1288 1457 2290,
1319 1409 1444 1461 atque
1478 1407 1521 1446 ut
1555 1405 1593 1445 in
1624 1402 1807 1446 iudiciali

176 1479 264 1521 foro
298 1478 438 1534 urgeri
462 1480 585 1533 queat
608 1475 844 1518 huiusmodi
872 1479 1154 1531 praeceptum,
1193 1488 1300 1530 «per
1324 1474 1555 1531 legitimum
1581 1474 1804 1517 documen-

178 1554 263 1592 tum
296 1553 367 1591 aut
398 1559 539 1591 coram
559 1545 721 1589 duobus
740 1545 912 1589 testibus
936 1547 1172 1602 impositum
1200 1546 1323 1588 fuerit
1348 1560 1367 1585 ))
1407 1544 1515 1602 (can.
1542 1543 1614 1600 ⁶24)
1641 1557 1808 1587 necesse

176 1624 250 1663 est.
273 1618 391 1663 Unde
424 1618 647 1673 abrogatus
680 1630 758 1659 non
796 1621 933 1659 manet
967 1616 1253 1659 lustructionis
1287 1629 1398 1659 nuni.
1440 1631 1460 1656 «
1484 1614 1582 1657 Vlll.
1616 1615 1810 1671 Praecep-

177 1695 263 1734 tum
288 1691 502 1732 intimatur
536 1692 763 1745 praevento
786 1700 809 1731 a
828 1686 1084 1731 Cancellario
1108 1699 1248 1730 coram
1278 1685 1440 1730 Vicario
1465 1684 1655 1729 Generali
1677 1704 1684 1739 3
1720 1687 1809 1728 sive

178 1774 318 1805 coram
347 1760 510 1804 duobus
543 1758 715 1802 testibus
747 1758 1039 1802 ecclesiasticis
1071 1763 1141 1801 aut
1176 1757 1291 1801 laicis
1325 1757 1523 1813 probatae
1547 1758 1806 1813 integritatis.

174 1832 202 1891 ξ
240 1832 272 1876 i.
309 1831 436 1874 Actus
468 1829 735 1886 subsignatur
758 1843 779 1872 a
805 1828 989 1885 partibus
1014 1827 1300 1885 praesentibus
1319 1833 1358 1871 et
1380 1832 1605 1884 praevento
1626 1839 1805 1884 quoque,

178 1906 208 1946 si
238 1902 348 1946 velit.
381 1904 405 1956 ἓ
430 1902 466 1944 (2.
496 1900 681 1944 Vicai·ius
704 1899 917 1944 Generalis
946 1900 1128 1943 adiicere
1165 1899 1273 1942 valet
1308 1901 1589 1942 iuramentum
1612 1897 1809 1941 servandi

179 1978 402 2027 secretum,
443 1976 648 2029 quatenus
690 1971 727 2013 id
775 1970 1001 2026 prudenter
1049 1974 1213 2026 expetat
1263 1969 1368 2012 tituli
1419 1968 1591 2022 indoles,
1639 1967 1690 2010 de
1728 1980 1809 2024 quo

179 2046 316 2100 agitur
339 2059 377 2087 )).

302 2114 397 2156 145.
433 2115 505 2159 De
538 2114 797 2169 vigilantia
830 2114 887 2155 uti
922 2125 1030 2155 novo
1056 2111 1216 2167 poenali
1244 2110 1429 2154 remedio
1454 2111 1539 2165 agit
1573 2109 1809 2152 (11712311.

180 2184 207 2241 ξ
241 2188 274 2227 1.
311 2185 353 2227 Si
385 2183 426 2241 a)
460 2197 582 2226 casus
612 2183 805 2239 pravitas
852 2187 938 2225 tum
973 2196 1023 2225 ex
1061 2184 1246 2235 materia,
1281 2186 1365 2224 tum
1401 2193 1450 2223 ex
1486 2181 1810 2223 circumstantiis

181 2255 434 2299 dimetienda
469 2254 583 2312 ferat
615 2259 652 2297 el
684 2254 913 2311 praecipue
945 2266 1017 2296 seu
1053 2255 1159 2295 inter
1194 2251 1284 2295 illos
1318 2251 1361 2303 b)
1404 2250 1442 2293 si
1475 2255 1631 2306 (tyatur
1673 2249 1724 2292 (Ie
1765 2262 1811 2291 eo

182 2326 254 2384 qui
287 2327 327 2369 in
360 2325 550 2383 periculo
583 2327 672 2368 sive
707 2326 940 2367 extrinseco
972 2326 1060 2366 sive
1094 2322 1146 2366 eb
1181 2324 1390 2379 propriam
1426 2321 1691 2377 fragilitatem
1725 2333 1810 2362 ver-

182 2403 304 2440 satur
336 2395 551 2441 relabendi
582 2396 625 2438 in
649 2394 759 2438 idem
791 2396 929 2451 specie
963 2394 1119 2436 crimen
1143 2407 1215 2437 seu
1249 2393 1462 2447 delictum,
1498 2405 1590 2434 eum
1626 2389 1809 2434 Ordina-

182 2468 274 2510 νίας
309 2467 417 2525 (can.
456 2468 594 2521 198ss
630 2465 671 2523 1)
709 2467 746 2508 vi
782 2466 1025 2521 praescripti
1051 2463 1269 2526 submittat
1302 2461 1556 2520 eiqilautiae
1592 2475 1629 2503 v.
1654 2475 1715 2517 gr.
1742 2473 1813 2517 per

183 2539 432 2596 prudentem
467 2537 740 2590 sacerdotem,
775 2535 1016 2593 paroclium,
1050 2534 1324 2578 exercendae.
1360 2559 1410 2564 —
1448 2532 1535 2576 Hoc
1569 2534 1702 2575 innuit
1733 2532 1761 2589 ξ
1782 2533 1813 2574 ‘3

183 2610 339 2653 dicens.
385 2608 616 2666 Viqiluntia
651 2607 902 2662 huiusmodi,
937 2610 1077 2662 utpote
1110 2610 1326 2649 coarctans
1361 2603 1520 2660 vigilati
1565 2602 1812 2655 libertatem,

179 2680 373 2739 praecipi
405 2693 566 2738 quoque
598 2678 648 2722 al)
683 2675 906 2722 Ordinario
941 2681 1072 2733 potest
1106 2675 1161 2718 ad
1194 2674 1430 2731 ‹tuqemlum
1469 2687 1660 2732 poenam,
1690 2685 1813 2730 prae-

184 2751 317 2809 cipue,
352 2755 395 2794 ut
426 2762 564 2806 supra,
599 2749 639 2792 iu
673 2747 879 2791 recislivos
918 2763 937 2789 «
961 2760 1082 2790 sensu
1110 2749 1253 2789 iuris»
1292 2745 1400 2803 (can.
1437 2745 1564 2800 2208,
1587 2746 1614 2800 ξ
1636 2744 1686 2798 i).
1713 2742 1812 2786 lude

182 2824 370 2879 sequitur
402 2820 480 2864 hoc
516 2819 743 2863 remedium
779 2818 1029 2876 (plaudoque
1064 2818 1383 2873 praeventivum
1418 2829 1523 2869 esse,
1562 2813 1812 2871 quandoque

186 2894 481 2948 repressivum.
