1950 3313
100 172 193 208 Gan.
221 172 423 208 2296-2297
546 173 630 207 Tl'r.
660 175 730 208 IX.
760 197 771 201 -
799 177 854 211 De
877 182 1012 222 poenis·
1041 182 1287 215 vindicasti-is
1656 184 1721 218 175)

101 293 358 336 amittuntur
389 292 436 336 ob
469 293 823 350 supervenientem
861 298 896 338 in
934 297 1093 341 illorum
1133 299 1332 353 subiecto,
1369 301 1429 343 vel
1467 315 1537 356 per
1571 315 1718 344 noxam

102 364 233 421 legem
270 363 408 417 latam,
428 361 753 420 inhabilitatem,
789 365 871 408 nisi
896 366 991 409 liiiie
1025 382 1178 424 poenae
1214 371 1391 413 intlietae
1428 372 1487 413 iel
1526 371 1628 414 latae
1652 372 1720 414 ‹id-

100 435 230 478 a‘atm·
262 433 456 490 explicite
484 447 620 491 poena
652 435 920 491 privationis,
956 452 1059 495 qnae
1096 442 1255 483 incursa
1291 442 1423 483 luerit.

223 506 317 548 129.
355 506 427 550 De
459 506 670 550 mulctae
703 510 1017 562 pecuniariae
1048 510 1320 564 applicatioine
1354 517 1470 554 cavel
1491 526 1724 566 congruens=

102 577 218 621 l)ec.⁰
261 575 385 620 Cone.
429 574 541 618 Trid.
567 575 579 596 ¹
614 590 705 619 (uin.
748 580 887 629 3397,
929 581 1046 621 euius
1090 583 1285 623 rationem
1333 582 1447 625 nobis
1489 583 1721 639 suppeditat

100 647 226 692 Clem.
263 645 353 690 xlv
387 648 446 689 sic
481 648 682 702 incipiens
717 646 872 690 litteras
905 650 1080 705 θυι-ΜΡ
1117 650 1192 693 sul)
1232 652 1296 693 dio
1343 652 1392 693 29
1436 655 1543 708 Sept.
1586 654 1719 696 l'ttitl:

106 718 277 762 «Decet
309 730 433 776 quam
469 720 651 761 maxime
684 717 893 761 Ecclesiae
929 722 1148 774 ministros,
1181 727 1217 764 et
1252 724 1552 778 dispensatores
1578 729 1723 779 myste-

102 793 257 834 riorum
293 789 378 844 Dei,
415 793 458 832 ut
490 790 542 832 ab
576 791 686 832 omni
711 792 911 833 avaritiae
945 794 1192 847 suspicione,
1217 795 1289 835 etsi
1317 793 1536 839 levissima.
1563 797 1722 850 penitus

100 861 236 914 alieni,
268 873 387 905 sacro
421 862 473 903 ita
510 865 659 903 vacent
694 863 933 916 ministerio,
969 862 1017 904 ad
1053 863 1160 919 quod
1196 876 1216 905 a
1251 862 1333 906 Deo
1376 867 1505 907 vocati
1531 870 1635 917 snnt,
1682 870 1721 907 nt

103 945 249 976 manus
281 944 376 976 suas
408 930 460 975 ab
493 933 604 974 omni
628 945 671 974 se
691 945 862 975 munere
887 945 1080 976 excussas
1103 947 1260 989 gerere,
1288 936 1375 977 inre
1399 948 1445 977 ac
1471 938 1613 977 merito
1639 949 1723 991 pos-

99 1007 181 1048 sint
211 1004 424 1061 gloriari...
460 1002 547 1048 Hoc
581 1003 806 1047 inculcavit
840 1004 982 1047 Petrus
1014 1007 1244 1048 animarum
1280 1019 1403 1049 curae
1429 1008 1640 1061 praesectis
1663 1008 1721 1049 di-

100 1089 225 1120 cens:
261 1075 420 1118 Pascite
453 1077 520 1132 qui
557 1076 595 1117 in
632 1073 749 1118 vobis
782 1079 856 1128 est,
890 1088 1058 1131 gregem
1096 1075 1181 1128 Dei,
1206 1077 1470 1132 providentes
1494 1090 1569 1118 non
1596 1080 1725 1132 tin-pis

102 1145 206 1190 lucri
238 1147 384 1202 gratia,
407 1145 478 1188 sed
507 1145 778 1188 voluntarie»
803 1144 830 1185 ².
865 1143 1128 1202 Quapropter
1148 1148 1248 1188 intra
1267 1147 1449 1189 decernit
1470 1146 1544 1189 sul)
1573 1162 1591 1184 <c
1610 1149 1637 1203 ξ
1656 1149 1721 1188 39.

100 1215 277 1261 Mulctae
309 1217 493 1268 demum,
525 1229 596 1259 seu
634 1228 788 1272 poenae
824 1219 1099 1272 pecuniariae,
1133 1219 1164 1258 si
1199 1217 1364 1274 quando
1390 1219 1498 1259 iuxta
1527 1220 1722 1260 rationein

100 1288 253 1341 delicti,
293 1287 356 1330 vel
390 1286 670 1344 delinquentis
713 1286 952 1344 qualitatem
999 1300 1067 1331 eas
1111 1290 1262 1343 imponi
1302 1289 1531 1343 contigerit,
1568 1290 1604 1329 in
1641 1290 1726 1343 pios

101 1359 318 1403 dumtaxat
353 1372 464 1413 usus,
498 1363 537 1401 et
572 1372 645 1415 pro
679 1360 924 1402 executione
958 1360 1136 1402 iustitiae
1160 1361 1212 1401 ita
1247 1359 1544 1414 expendantur.
1572 1363 1611 1400 ut
1647 1360 1724 1413 pri—

105 1434 223 1474 vatae
257 1432 545 1487 episcoporum
593 1429 773 1483 utilitati,
816 1443 1044 1487 eorumque
1091 1432 1355 1483 vicariorum,
1388 1434 1455 1472 aut
1490 1429 1724 1471 ollicialinm

100 1514 465 1560 quorumcumque
499 1500 598 1544 nihil
634 1514 685 1544 ex
721 1503 769 1543 iis
802 1500 972 1554 directe,
1011 1500 1071 1543 vel
1115 1501 1313 1543 indirecte
1354 1503 1475 1556 possit
1502 1499 1581 1542 ullo
1607 1499 1726 1541 modo

103 1574 325 1629 provenire
348 1587 388 1616 n.

221 1642 262 1685 ln
299 1644 503 1698 praesenti
538 1655 696 1686 canone
731 1644 783 1685 ita
819 1642 1078 1685 moderatum
1112 1646 1171 1684 est
1211 1643 1523 1697 praescriptum.
1548 1638 1727 1682 illzcletns

99 1713 390 1771 pecuniarias,
423 1716 479 1756 uti
515 1726 669 1770 poenas
705 1713 981 1757 vindicativas
1014 1712 1054 1769 a)
1088 1712 1181 1755 iure
1214 1711 1418 1754 communi
1450 1710 1623 1759 Codicis,
1656 1723 1727 1752 seu

102 1784 151 1828 ad
173 1786 262 1827 eius
282 1796 470 1827 normam
489 1783 692 1842 inflictas,
727 1784 831 1827 idest
856 1801 862 1824 :
900 1782 1147 1827 iudicialiter
1184 1782 1245 1825 vel
1270 1780 1637 1824 extraindicialiter
1659 1793 1727 1835 ap-

104 1854 331 1911 plicandas,
373 1868 552 1912 quarum
595 1855 786 1912 eroqatio
827 1869 904 1898 nen
949 1854 1004 1896 sil
1047 1853 1184 1897 eodem
1231 1853 1323 1895 inre
1358 1851 1598 1908 praefinita,
1633 1855 1727 1893 tunc

102 1927 212 1969 enim
245 1925 326 1969 tale
360 1927 423 1969 ius
455 1928 534 1969 erit
565 1926 836 1979 servandum,
872 1925 917 1980 b)
950 1924 1143 1982 aliasque
1175 1923 1318 1979 supple
1357 1939 1378 1963 ((
1405 1921 1577 1964 mulctas
1607 1934 1729 1976 peen-

102 1998 254 2040 niarias
276 2012 299 2037 ))
336 1999 429 2039 iure
458 1996 671 2054 peculiari
702 1997 838 2055 quoad
875 1996 962 2039 loca
985 2000 1169 2038 statutas
1195 1993 1253 2036 eet
1276 1991 1521 2035 stamenilas
1544 2004 1727 2034 eommu-

102 2069 220 2124 niter‚
256 2066 330 2111 has
366 2080 464 2111 vero
498 2081 642 2111 omnes
673 2067 830 2125 absque
864 2068 1121 2123 exceptione,
1160 2062 1583 2108 Ordiiiam'ilocorum
1620 2061 1729 2118 (ean.

102 2139 201 2193 198,
233 2138 261 2197 ἓ
295 2138 334 2193 2)
356 2152 534 2196 eroqare
555 2137 701 2182 debent
728 2141 766 2181 vi
792 2138 915 2195 huius
940 2139 1146 2194 praecepti
1172 2135 1212 2192 a)
1238 2135 1279 2177 in
1302 2134 1394 2192 pios
1421 2147 1531 2182 ias-its,
1557 2144 1726 2187 nempe:

100 2211 284 2255 caritatis
331 2214 401 2254 aut
450 2209 676 2267 religionis,
724 2209 800 2254 sub
849 2208 999 2267 quibus
1043 2209 1224 2251 fortassis
1262 2220 1310 2249 ex
1347 2208 1433 2248 iure
1468 2202 1728 2260 praecedenti

104 2295 141 2339 v,
175 2295 235 2339 gr.
271 2286 400 2326 const.
439 2281 557 2325 «Dei
593 2283 902 2325 miseratione»
943 2279 1090 2323 Bened.
1126 2276 1217 2321 xlv
1241 2279 1255 2299 ²³
1289 2276 1399 2320 aliud
1420 2280 1543 2332 queat
1576 2275 1728 2318 venire,

102 2351 142 2407 b)
174 2365 257 2395 non
292 2365 386 2395 ¹vero
419 2351 464 2395 in
497 2350 768 2404 commodum,
805 2351 913 2408 quod
949 2350 1148 2393 directam
1187 2347 1248 2390 vel
1296 2346 1536 2389 indirectam
1579 2342 1728 2386 utilita-

100 2428 183 2466 tem
216 2422 424 2479 subaudit,
457 2436 626 2466 mensae
658 2421 911 2480 episcopalis
945 2426 1017 2463 aiil
1037 2418 1303 2477 capitularis,
1329 2430 1474 2472 nempe
1494 2415 1730 2458 alterutrius

101 2493 208 2537 dotis
240 2507 312 2537 seu
349 2493 566 2537 bonorum.

102 2649 118 2690 Ξ
169 2600 209 2680 21
236 2599 328 2645 Cap.
357 2600 390 2641 3,
418 2611 514 2634 sess.
542 2600 665 2642 XXV,
694 2601 751 2633 De
778 2597 863 2632 Res.
895 2618 937 2622 —
963 2599 976 2619 '-'
1005 2597 1020 2629 Ι
1048 2595 1167 2629 Petri.
1199 2595 1242 2638 V,
1271 2595 1305 2628 2.
1345 2614 1376 2618 -
1414 2594 1427 2613 ³³
1453 2592 1474 2625 3
1502 2592 1596 2625 Nov.
1626 2589 1728 2627 1741,

148 2650 175 2681 1·
196 2674 203 2681 .
