1950 3313
111 167 206 204 Gan.
233 168 326 203 2:267

515 169 598 203 Tl'r.
627 170 731 204 VIII.
763 192 772 196 —
802 174 856 207 De
878 179 1012 218 poenis
1038 179 1335 213 ‘medicinalibus-
1671 186 1731 217 141

115 285 310 343 plicitum,
345 287 493 342 partim
538 289 698 332 timore.
735 293 880 344 partim
926 296 1047 335 etium
1085 299 1347 345 necessitate2
1382 299 1534 342 dvx-icti
1580 303 1735 343 miscri-

111 356 269 408 cordia,
287 359 532 400 sententiam
558 358 834 403 anathematis
857 362 904 405 ad
933 368 1105 420 tempus.
1128 373 1244 421 prout
1271 382 1486 423 possumus
1509 377 1736 426 opportune

112 433 409 484 temperamus.
443 428 678 484 Apostolica
726 432 862 488 itaque
902 438 1145 479 auctoritate
1178 438 1228 481 ab
1261 439 1534 483 anatim-matis
1577 442 1737 484 vinculo

111 497 400 542 subtrahimus
434 512 597 545 uxores,
623 499 774 544 liberos
798 502 855 559 (id
891 508 949 546 est
985 505 1119 562 tilios).
1145 521 1300 552 servos.
1323 510 1506 562 ancillas,
1529 525 1598 554 scu
1626 525 1736 555 man-

114 571 237 626 cipia‚
257 582 416 613 necnon
442 572 617 614 rusticos
649 575 901 627 servientes3
938 580 973 617 et
1009 589 1151 619 omnes
1184 578 1284 620 alios
1318 583 1384 636 qui
1422 595 1497 623 non
1533 582 1635 625 adeo
1668 597 1737 625 cu-

115 639 238 684 riales
271 645 365 684 sunt
401 645 442 682 ut
474 653 616 684 eorum
653 642 825 685 consilio
857 644 1012 688 scelera
1048 653 1348 703 perpetrentur,
1370 656 1404 693 et
1431 666 1499 693 eos
1522 654 1589 708 qui
1627 655 1736 708 igno-

114 716 256 755 ranter
288 714 661 755 excommunicatis
685 717 1006 758 communicant.
1032 715 1293 775 Quicumque
1318 726 1451 763 autem
1477 728 1625 768 orator.
1651 727 1738 766 site

115 784 374 840 peregrinus,
398 788 469 825 aut
505 784 651 837 viator,
675 786 714 826 in
749 789 900 828 terram
936 791 1388 832 excommunicatoruni
1424 792 1649 835 devenerit.
1672 794 1736 837 ubi

115 866 195 897 non
231 855 357 910 possit
388 866 541 909 emere,
580 853 642 897 vel
678 867 756 897 non
793 855 941 899 habeat
984 858 1091 901 unde
1134 864 1257 913 emat,
1291 860 1341 903 ab
1374 867 1740 907 excomnumicatis

115 923 348 981 accipiendi
382 923 590 968 licentiam
627 925 787 968 damus.
823 925 871 969 Et
902 929 934 969 si
969 931 1060 985 quis
1093 933 1462 974 excommunicatis
1491 946 1566 975 non
1602 936 1638 976 in
1674 948 1737 977 su-

114 997 405 1039 stentationem
449 995 684 1052 superbiae,
727 997 797 1039 sed
845 997 1110 1042 humanitatis
1153 1013 1290 1054 causa,
1330 1001 1428 1044 (lare
1472 1003 1623 1059 aliquid
1672 1019 1737 1045 xo-

116 1065 254 1120 tuerit,
287 1079 366 1109 non
403 1066 671 1123 prohibemus
695 1083 732 1107 )).

238 1137 452 1181 Praedicto
496 1140 625 1180 textui
669 1141 860 1195 congruit
904 1152 1034 1183 canon
1079 1141 1260 1184 subdens
1303 1145 1614 1198 exceptionem:
1661 1145 1741 1186 m'si

117 1214 275 1266 affatur
306 1207 357 1251 de
383 1224 406 1249 «
428 1211 779 1252 excommunicati
817 1210 971 1253 vitandi
996 1226 1017 1251 »
1046 1212 1231 1269 coniuqe,
1269 1216 1414 1255 {itarito
1437 1213 1497 1256 rel
1534 1228 1671 1256 uxore.
1699 1215 1741 1256 il-

118 1278 196 1322 lius
225 1277 488 1337 parentibus,
523 1278 668 1322 liberis
711 1285 754 1322 ut
799 1283 835 1322 in
881 1286 994 1324 textu
1028 1284 1165 1333 citat0,
1199 1283 1386 1340 Ῐὶιηιηίίε,
1426 1287 1617 1341 quamtis
1649 1298 1740 1327 cum

117 1349 186 1393 iilo
219 1363 298 1393 non
333 1349 681 1405 cohabitantibus,
705 1350 885 1394 subditis
920 1355 1075 1395 ratione
1109 1353 1327 1398 cuiuslibet
1363 1357 1644 1411 1)0testatiS‚el
1676 1369 1743 1412 ye-

115 1421 299 1464 neratim
334 1421 419 1464 nisi
452 1421 725 1466 rationabilis
759 1436 900 1474 eausa,
939 1437 972 1467 r.
999 1438 1058 1480 gr.
1087 1426 1190 1467 inter
1223 1437 1291 1468 eas
1326 1439 1396 1481 per
1428 1424 1549 1481 (Ἔνος.
1590 1424 1651 1467 Vll
1690 1439 1746 1468 re-

118 1491 234 1546 latas,
268 1497 436 1535 eoecuset
468 1505 489 1536 a
526 1492 803 1549 prohibitione
834 1494 1057 1549 serrantia,
1080 1499 1204 1552 atque
1239 1495 1367 1538 multo
1402 1498 1532 1552 magis
1561 1511 1580 1535 «
1605 1498 1641 1538 in
1679 1495 1745 1537 illo

117 1576 215 1607 casn
251 1565 289 1606 in
324 1576 406 1621 quo
439 1563 589 1621 aliquis
631 1577 679 1607 ex
727 1570 946 1621 praecepto
991 1568 1175 1609 caritatis
1218 1568 1527 1610 communicare
1572 1571 1744 1610 tenetur.

116 1647 197 1677 non
234 1633 519 1691 prohibetur»
548 1648 570 1678 a
603 1635 712 1678 dicta
747 1638 1136 1679 communicatione.
1171 1636 1459 1693 Transgressio
1496 1650 1592 1679 vero
1628 1637 1745 1679 liuius

116 1707 288 1749 canonis
323 1705 485 1749 veniale
510 1719 735 1763 numquam
761 1707 940 1762 excedit,
967 1709 1041 1750 nisi
1068 1708 1135 1750 tiat
1162 1710 1198 1750 in
1225 1707 1435 1750 formalem
1464 1712 1741 1763 contemptum

118 1774 341 1820 Ecclesiae.

622 1868 720 1909 An‘r.
757 1867 801 1911 ll.
836 1893 892 1896 —
928 1865 985 1909 De
1017 1866 1254 1909 interdicto.

166 1974 251 2012 Ctx.
281 1975 386 2012 2268.
418 1997 434 2004 -
462 1981 481 2020 ξ
521 1977 549 2012 1.
588 1978 812 2021 interdictum
849 1984 899 2014 est

117 2034 266 2060 censura
304 2036 374 2070 qua
413 2025 543 2068 fideles,
576 2026 612 2060 in
652 2027 899 2062 communione

118 2071 290 2108 Ecclesiae
317 2078 574 2118 permanentes,
595 2074 825 2120 prohibentur
851 2086 897 2109 sa

117 2119 186 2155 cris
205 2130 292 2165 quae
319 2122 353 2154 in
382 2120 592 2165 canonibus,
612 2122 670 2168 qui
691 2127 898 2168 sequuntur,

116 2172 383 2204 enumerantur.
495 2177 499 2180 ’
808 2192 811 2195 -

164 2218 183 2256 ξ
210 2215 243 2250 2.
271 2214 462 2250 Prohibitio
480 2215 518 2250 fit
538 2216 587 2251 vel
607 2216 735 2252 directe
763 2228 822 2262 per
850 2217 896 2251 iu-

117 2261 304 2297 terdictum
326 2262 518 2308 personale,
539 2274 617 2298 cum
641 2265 795 2309 personis
816 2264 898 2310 ipsis

119 2320 202 2344 usus
226 2320 344 2345 eorum
375 2311 544 2345 bonorum
571 2311 812 2349 interdicitur:
847 2311 897 2346 vel

118 2356 288 2393 indirecte
323 2368 382 2403 per
416 2357 641 2393 interdictum
676 2359 791 2398 locale,
819 2370 897 2394 cum

117 2404 220 2439 certis
238 2404 274 2439 in
294 2404 378 2440 locis
395 2405 587 2441 eorundem
610 2406 827 2452 dispensatio
847 2406 898 2441 vel

118 2452 292 2498 perceptio
319 2456 466 2488 vetatur.

167 2496 252 2534 CAN.
286 2498 392 2534 2269.
423 2519 439 2526 -
467 2503 487 2542 ξ
521 2499 550 2534 l.
586 2499 757 2536 Generale
793 2501 899 2535 inter-

118 2545 252 2581 dictum
278 2551 349 2582 tam
378 2547 485 2583 locale
511 2546 546 2582 in
575 2548 788 2583 territorium
807 2548 900 2583 dioe-

117 2592 218 2630 cesis,
246 2594 472 2640 reipublicae,
501 2606 607 2640 quam
649 2595 828 2641 personale
863 2595 898 2628 in

118 2641 287 2686 populum
329 2642 506 2682 dioecesis,
552 2642 778 2688 reipublicae,
821 2641 899 2677 ferri

119 2691 258 2723 tantum
284 2693 396 2735 potest
432 2700 452 2724 a
490 2687 577 2725 Sede
617 2690 813 2735 Apostolica
849 2689 899 2724 vel

118 2734 161 2772 de
201 2735 277 2771 eius
319 2736 503 2778 mandat0;
553 2737 777 2772 interdictum
823 2747 901 2771 vero

118 2783 282 2827 generale
321 2784 353 2818 in
396 2784 591 2830 paroeciam
632 2784 682 2819 vel
725 2784 901 2830 paroeciae

120 2829 300 2875 populum,
337 2835 371 2866 et
415 2831 622 2877 particulare
673 2831 745 2866 sive
796 2830 901 2866 locale

119 2876 191 2912 sive
227 2877 417 2924 personale.
451 2878 556 2914 etiam
594 2878 781 2924 Episcopus
817 2879 902 2913 ferre

120 2927 244 2970 potest.

1021 1983 1038 2020 ξ
1066 1978 1098 2012 2.
1129 1978 1351 2013 luterdictum
1382 1978 1557 2023 personale
1592 1978 1746 2022 sequitur

974 2037 1138 2072 personas
1154 2026 1300 2070 ubiqne3
1323 2025 1428 2060 locale
1449 2036 1515 2059 non
1538 2030 1630 2060 urget
1652 2030 1745 2059 extra

975 2075 1086 2109 locum
1114 2074 1351 2113 interdictum,
1379 2074 1436 2107 sed
1473 2073 1507 2106 in
1546 2072 1615 2106 loco
1643 2072 1745 2106 inter-

970 2121 1062 2155 dicto
1089 2131 1210 2156 omnes
1235 2119 1338 2155 etiam
1367 2120 1469 2155 exteri
1499 2124 1556 2153 aut
1582 2119 1743 2164 exempti.

970 2168 1107 2204 excluso
1133 2167 1272 2213 speciali
1296 2168 1486 2212 privilegio.
1510 2167 1591 2200 illud
1612 2177 1746 2200 serrare

971 2216 1111 2251 debent.

1019 2263 1102 2301 CAN,
1128 2261 1230 2297 227⁰.
1252 2281 1267 2288 -
1290 2267 1307 2302 ᾗ
1341 2263 1365 2295 Ι.
1394 2261 1615 2295 interdictum
1643 2259 1746 2294 locale

972 2310 1044 2345 sive
1065 2309 1224 2354 generale
1251 2309 1321 2343 sive
1347 2309 1550 2354 particulare
1571 2318 1636 2341 non
1660 2311 1746 2341 xetat

974 2358 1201 2392 morientibus
1228 2355 1453 2391 Sacramenta
1484 2361 1515 2389 et
1543 2355 1745 2389 Sacramen-

975 2405 1068 2444 talia,
1114 2406 1258 2438 servatis
1300 2402 1493 2438 servandis,
1536 2402 1743 2435 ministrare.

972 2453 1029 2487 sed
1061 2451 1215 2497 prohibet
1238 2451 1269 2484 in
1293 2451 1363 2484 loco
1389 2449 1563 2496 quodlibet
1591 2449 1745 2482 ‹tiximim

972 2499 1125 2535 officium
1155 2498 1203 2532 vel
1232 2508 1368 2532 sacrum
1399 2497 1512 2536 ritum,
1533 2495 1636 2529 salvis
1654 2505 1747 2529 exre-

975 2546 1151 2593 ptionibus
1186 2545 1227 2579 de
1258 2544 1384 2590 quibus
1412 2544 1445 2578 in
1474 2548 1492 2585 ξ
1520 2543 1538 2576 ΖΞ
1567 2542 1667 2576 buius
1694 2552 1746 2575 ra-

975 2595 1076 2629 nonis
1102 2598 1134 2627 et
1163 2592 1196 2626 in
1225 2603 1302 2626 can.
1334 2591 1436 2629 2271.
1464 2590 1566 2624 2272.

1020 2645 1039 2682 ξ
1067 2639 1099 2674 2.
1129 2640 1165 2674 ln
1193 2639 1248 2673 die
1276 2638 1469 2673 Natiuitatis
1507 2637 1655 2671 llomini.
1688 2635 1745 2668 l'a-

974 2687 1112 2722 senatis.
1155 2686 1382 2725 Pentecostcs,
1421 2684 1628 2719 sanctissimi
1669 2682 1747 2732 (Jor-

976 2735 1067 2780 poris
1094 2733 1220 2768 Christi
1249 2738 1279 2767 et
1310 2733 1429 2767 licatao
1449 2731 1575 2780 Marias¹
1599 2730 1747 2768 tii-ginis

976 2793 1009 2815 in
1046 2781 1178 2816 caelum
1216 2785 1414 2825 assumptae
1451 2780 1669 2812 interdu-tum
1704 2775 1745 2808 lo-

975 2829 1046 2863 cale
1072 2827 1308 2873 suspenditur.
1325 2832 1354 2861 et
1387 2825 1584 2870 prohibu—tur
1611 2827 1744 2873 tantum

974 2875 1111 2911 collatio
1125 2875 1286 2909 ordinum
1303 2879 1333 2908 ct
1350 2872 1526 2907 sollemnis
1544 2875 1744 2915 nuptiarum

977 2922 1182 2958 benedictio.
