1950 3313
181 155 246 190 186
641 153 726 186 L1B.
755 153 800 186 V.
831 172 843 178 -
870 153 979 187 PARS
1004 152 1056 186 ΙΙ.
1085 173 1097 178 -
1124 153 1181 187 De
1200 155 1338 197 poenis
1482 152 1574 189 Gan.
1601 153 1805 189 2304—2305

177 276 280 319 dicis
313 273 536 331 eoepressis,
571 276 675 330 quae
708 272 821 316 illam
847 272 1041 315 ferendae
1064 274 1291 315 sententiae
1314 272 1558 315 decernunt.
1583 271 1633 315 Et
1662 274 1700 315 in
1727 271 1804 316 hoc

177 358 306 389 canon
342 358 435 387 cum
472 346 560 386 iure
593 343 872 386 Decretalium
906 344 1108 398 congruit.
1529 356 1532 359 ⁴

300 415 390 458 137.
427 416 504 460 De
537 416 814 471 privatione
847 417 1088 471 perpetua
1118 414 1371 459 deferendi
1405 415 1623 459 habitum
1653 414 1804 459 eccle-

176 488 439 533 siasticum.
473 484 717 540 Adaugetur
762 487 799 527 in
834 483 998 527 casibus
1039 496 1168 539 poena
1213 484 1495 540 depositioniS,
1539 488 1582 526 ut
1615 483 1803 526 decernit

175 571 265 599 can.
299 557 438 599 3304.
472 558 497 609 g
531 558 565 598 1.
602 554 652 598 Si
683 554 860 598 clericas
894 554 1064 612 quilibet
1100 556 1138 597 in
1173 557 1302 598 sacris
1335 557 1446 597 iuxta
1477 553 1801 597 declarationem

173 627 211 681 §i
234 627 268 669 1i
302 632 582 683 can.⁵p1·aec.⁵
615 639 696 669 non
729 624 798 668 det
831 625 1137 668 emendationi-5
1169 624 1306 681 siyna,
1329 636 1434 681 quae
1463 637 1541 667 non
1566 623 1802 667 excluditur

173 698 224 742 ab
257 711 380 754 scopo
415 710 571 754 poenae
609 697 903 751 vindicativae,
935 701 974 739 et
1004 695 1271 753 praesertim,
1307 700 1403 738 tunc
1437 697 1544 738 enim
1582 699 1700 750 urget
1737 707 1799 737 se-

173 781 303 825 quens
338 770 657 825 praescriptum,
690 767 730 824 a)
764 767 801 809 si
833 766 1082 810 scandatum
1115 766 1219 809 dare
1248 771 1397 822 peryat
1431 768 1516 808 suis
1551 766 1690 821 pravis
1713 777 1797 807 mo·

174 839 301 893 ribus,
336 839 378 896 b)
414 838 677 897 monitusque
710 841 857 881 iterum
892 837 1149 894 depositione
1184 836 1434 893 perdurante
1472 849 1552 878 non
1575 835 1799 893 resipiscat

173 911 434 967 poenitendo,
473 909 732 953 Orclinariiis
765 911 830 952 cui
863 907 1108 951 subiiciatur
1128 913 1264 965 potest
1300 909 1338 949 vi
1362 907 1483 950 huius
1515 909 1684 950 canonis
1707 919 1797 948 eam

171 982 251 1024 ian]
285 981 521 1037 depositum
553 984 755 1037 perpetuo
785 978 960 1036 privare
991 980 1192 1021 sententia
1226 977 1319 1020 iure
1351 975 1570 1034 deserendi
1609 975 1797 1018 habitam

169 1045 512 1095 ecelesiastiei'im.

287 1119 444 1166 Omnes
477 1121 599 1164 huius
634 1123 878 1177 privationis
901 1121 1070 1164 eftectus
1093 1119 1250 1176 colligit
1282 1121 1307 1169 ξ
1328 1120 1370 1162 3.
1396 1117 1509 1160 Haeo
1528 1117 1714 1175 privatio
1738 1131 1797 1160 se-

168 1192 363 1250 enmfert,
397 1197 440 1235 ut
471 1197 629 1236 constat
664 1205 714 1235 ex
749 1204 839 1235 can.
876 1191 974 1242 1⁶23,
997 1190 1036 1248 a)
1068 1190 1349 1248 privationem
1370 1188 1692 1246 privileyiorum
1715 1187 1795 1230 ele-

167 1262 366 1305 rieatiicm
387 1262 537 1306 ibidem
563 1263 830 1317 declaratam,
855 1267 894 1304 et
918 1261 958 1316 b)
975 1261 1247 1304 cessationem
1267 1259 1527 1318 praescripti
1545 1272 1635 1301 can.
1654 1259 1795 1313 2303,

167 1336 191 1388 ἓ
223 1336 267 1389 2,
303 1338 490 1377 cessante
523 1347 688 1391 quoque
723 1336 879 1376 motivo
912 1332 1034 1376 illius.

288 1405 384 1448 138.
420 1407 642 1450 Maxima
686 1406 971 1450 clericorum
1013 1417 1177 1460 poena
1209 1403 1509 1448 vindicativa
1566 1405 1626 1443 est
1667 1411 1792 1457 quam

167 1475 346 1532 explicat
379 1490 471 1518 ean.
504 1477 643 1519 2305.
680 1475 874 1518 Eiusdem
920 1475 1091 1518 effectus
1134 1478 1350 1517 enumerat
1389 1475 1413 1526 ἓ
1447 1475 1482 1517 1.
1518 1470 1792 1528 Deyradatio,

169 1547 294 1590 veluti
330 1547 506 1591 deiectio
530 1546 798 1604 opprobriosa
823 1545 875 1589 ab
898 1545 1129 1589 honorabili
1153 1550 1258 1588 statu
1282 1544 1450 1587 militiae
1473 1542 1793 1596 ecclesiasticae,

166 1617 210 1660 in
243 1632 286 1660 se
317 1622 502 1661 eontinet
539 1621 575 1660 ri
613 1620 713 1661 iuris
745 1617 786 1674 a)
820 1615 1122 1675 depositionem
1161 1618 1278 1659 cuius
1311 1615 1482 1658 effectus
1526 1617 1794 1657 recensentur

166 1692 203 1732 in
236 1690 282 1748 ἕο
308 1690 346 1732 1⁰
381 1696 487 1732 can.³
521 1689 648 1741 ⁶2:303,
683 1688 726 1745 b)
747 1693 994 1747 perpetuam
1015 1687 1295 1745 privationem
1330 1685 1496 1728 liabitas
1519 1683 1793 1727 ecelesiastici

164 1774 259 1803 cum
294 1763 382 1803 eius
416 1760 597 1816 sequelis
630 1760 679 1803 ad
705 1772 892 1802 normam
916 1758 956 1814 {¹
981 1758 1019 1802 <2³
1053 1764 1159 1802 can.⁵
1183 1757 1308 1811 2304,
1343 1762 1382 1799 et
1407 1754 1688 1798 reductionem
1711 1753 1791 1796 ele-

162 1830 244 1873 rici
277 1833 315 1873 in
350 1833 480 1874 sacris
513 1830 569 1873 ad
600 1836 758 1873 statum
791 1829 1000 1873 laicalem.
1020 1817 1212 1872 Attamen
1251 1827 1541 1883 «obligatione
1564 1824 1790 1869 coelibatus

163 1905 368 1944 tenetur»
408 1901 458 1944 ad
494 1913 680 1944 normam
715 1906 822 1944 can.⁸
854 1900 950 1949 ⁶213,
984 1902 1009 1953 ἓ
1042 1899 1081 1942 ⁶2.

280 1971 353 2015 His
387 1972 660 2015 consideratis
692 1985 771 2014 non
807 1970 1043 2014 mirandum
1078 1969 1187 2027 quod
1223 1969 1409 2012 decernit
1441 1970 1465 2022 ἓ
1495 1969 1539 2010 2.
1575 1965 1686 2009 Haec
1718 1966 1787 2009 de-

163 2044 377 2098 positionis
410 2056 545 2100 poena
579 2042 689 2100 ferri
713 2055 785 2098 per
807 2044 1053 2085 sententiam
1076 2039 1333 2084 solummodo
1356 2043 1505 2096 potest,
1526 2039 1579 2081 ita
1605 2042 1646 2080 ut
1668 2050 1788 2079 secus

162 2112 273 2156 nulla
308 2118 428 2166 esset,
467 2117 508 2165 a)
540 2118 715 2170 propter
746 2112 944 2155 delictum
977 2111 1021 2154 in
1053 2111 1147 2154 iare
1180 2123 1435 2168 expressum,
1470 2110 1535 2152 cui
1568 2120 1717 2163 nempe
1747 2109 1785 2149 in

161 2181 324 2227 Codicis
361 2184 477 2226 Parte
513 2186 630 2226 tertia
665 2183 773 2226 Libri
809 2182 931 2226 huius
973 2181 1134 2225 adnexa
1169 2182 1293 2224 fuerit
1329 2182 1485 2223 sanctio
1520 2177 1601 2232 illa,
1635 2184 1708 2219 aut
1743 2176 1784 2233 b)

160 2252 408 2296 siclericus
454 2256 491 2296 in
535 2256 664 2297 sacris
706 2267 754 2296 ex
800 2257 1011 2305 contextu,
1056 2251 1088 2293 Ιο
1123 2251 1210 2293 iam
1251 2250 1465 2307 depositus
1502 2249 1551 2292 ad
1596 2260 1785 2291 normam

161 2336 251 2367 can.
287 2324 412 2375 2303,
448 2329 485 2367 et
521 2324 572 2367 ΙΙο
606 2323 750 2366 habitu
783 2322 973 2365 clericali
1001 2322 1197 2379 privatus
1230 2321 1279 2364 ad
1316 2333 1503 2363 normam
1537 2331 1626 2363 can.
1657 2317 1784 2373 2304,

160 2393 230 2436 ΙΙΙο
252 2408 381 2451 qrave
406 2393 544 2437 adhue
566 2393 813 2437 scandalum
836 2407 885 2436 ex
911 2391 1096 2450 quolibet
1119 2391 1269 2434 delicto
1293 2393 1530 2434 continuato
1558 2388 1620 2432 vel
1643 2390 1785 2445 pravis

159 2464 358 2520 moribus,
394 2477 487 2508 nam
523 2465 675 2508 dicitur
704 2478 782 2522 per
814 2477 971 2506 annam
1001 2462 1205 2520 praebere
1234 2466 1399 2519 perflat.

276 2535 398 2579 Cone.
433 2535 543 2578 Trid.
583 2537 768 2578 «statuit
810 2539 849 2578 et
882 2534 1091 2577 decrevit:
1118 2533 1129 2555 ²
1167 2532 1369 2589 Episcopo
1413 2545 1486 2588 per
1525 2545 1582 2585 se,
1625 2543 1697 2573 seu
1735 2529 1781 2572 il-

157 2605 235 2649 lius
271 2609 471 2650 vicarium
508 2609 545 2649 in
590 2606 874 2662 spiritualibus
907 2604 1159 2661 generalem,
1194 2603 1321 2660 (nunc
1355 2616 1404 2645 ex
1439 2602 1590 2646 Codice
1627 2601 1782 2644 officia-

156 2676 255 2734 lem)
289 2682 433 2720 contra
466 2676 665 2720 clericum
701 2678 739 2719 in
773 2678 903 2720 sacris
934 2677 1057 2718 etiam
1094 2673 1405 2730 presbyteratus
1438 2671 1653 2716 ordinibus
1685 2684 1781 2715 con-

155 2749 357 2803 stitutum,
392 2750 515 2791 etiam
550 2747 599 2790 ad
635 2746 743 2790 illius
774 2746 1176 2799 condemnationem,
1212 2757 1388 2787 necnon
1417 2742 1623 2787 verbalem
1659 2742 1780 2798 depo·

252 2899 262 2920 ¹
296 2898 393 2934 Sess.
444 2898 557 2941 XIII,
587 2909 668 2943 cap.
696 2898 718 2932 4
745 2897 790 2932 de
816 2897 901 2932 Res.
