1950 3313
148 154 215 188 130
610 152 693 186 Lm.
721 152 765 185 V.
796 173 808 177 -
836 152 947 187 PARS
972 152 1021 186 II.
1048 172 1061 178 -
1087 152 1145 187 De
1167 155 1314 208 poenis*
1395 206 1398 209 Ι
1556 154 1649 190 Can.
1676 151 1771 190 2258

146 275 325 329 gentiam
364 273 495 327 primo
519 271 799 314 adnotandum
827 276 887 314 est
919 271 1027 329 quod
1062 271 1213 329 legitur
1247 275 1284 315 in
1309 284 1399 329 cap.
1426 272 1478 315 13
1518 288 1537 314 «
1556 273 1607 317 de
1630 273 1770 330 appel·

147 342 366 386 lationibus
389 357 409 382 ))
447 341 515 397 (ll,
552 341 653 397 “28ss
687 357 709 382 <‹
732 342 770 385 Si
809 355 907 385 vero
940 355 1135 386 excessus
1170 342 1359 399 publicus
1391 348 1450 386 est
1485 347 1682 400 notorius,
1706 357 1773 401 ap-

146 414 376 470 pellationis
418 411 587 456 obtentu
638 425 716 455 non
766 415 1083 469 praetermittas,
1128 415 1228 471 quin
1271 427 1341 457 eos
1389 417 1772 459 excommunicatos

143 485 382 537 denuncies,
428 485 620 540 ipsosque
665 484 792 526 facias
838 486 944 527 sicut
992 486 1375 528 excommunicatos
1416 485 1600 541 (notetur
1647 485 1770 542 bene)

143 557 303 598 cautius
335 555 482 596 evitari
503 569 541 601 ›),
566 554 674 610 quod
699 556 906 611 supponit,
940 568 1010 597 eos
1044 556 1123 598 iam
1160 557 1328 611 praevie
1352 555 1659 599 denunciationi
1684 558 1771 599 evi-

142 625 288 668 tandos
320 626 444 667 suisse
476 637 497 667 a
533 623 725 668 fidelibus
757 627 1231 668 excommunicationem
1266 626 1543 670 noscentibus.

262 694 461 737 Martinus
496 708 594 737 vero
628 693 658 736 V
693 699 821 738 const.
861 695 967 738 «Ad
1003 695 1242 739 evitanda»
1279 708 1385 739 anno
1422 697 1533 740 1418
1573 699 1609 739 in
1645 696 1770 741 Cone.

143 764 442 809 Constantiensi
477 768 618 808 statuit
664 765 922 809 conditiones
954 765 1030 809 sub
1063 765 1214 823 quibus
1247 770 1597 811 excommunicati
1646 767 1770 811 debe—

145 841 233 879 rent
280 849 368 879 esse
416 848 438 878 3
483 835 674 879 fidelibus
710 837 880 891 vitandi,
930 840 982 880 ita
1026 836 1331 880 distinctionem
1382 837 1597 892 inducens,
1645 850 1769 895 quam

144 911 346 950 memorat
379 912 418 950 et
450 907 669 950 confirmat
703 909 791 950 iure
823 909 976 962 scripto
1010 921 1100 951 ean.
1123 909 1262 951 2258.
1296 910 1321 962 ἓ
1345 911 1379 951 1.
1404 907 1770 952 Eoecommum'cati

142 977 221 1021 alii
253 983 351 1021 sunt
383 991 404 1021 a
439 977 631 1022 fidelibus
664 978 799 1036 quoad
835 978 972 1034 plures
1011 978 1120 1022 illius
1151 979 1403 1022 exclusionis
1443 984 1559 1023 actus
1591 979 1770 1032 vitandi,

141 1051 266 1093 ceteri
305 1063 403 1093 vero
437 1048 516 1092 aliz?
563 1051 913 1093 excommunicati
957 1050 1090 1107 quoad
1126 1050 1293 1093 eosdem
1336 1055 1453 1094 actus
1501 1053 1539 1094 in
1585 1050 1769 1094 tidelium

140 1123 391 1165 consortium
429 1120 612 1164 tolerati.

260 1191 375 1235 Hanc
408 1192 715 1235 distinctionem
741 1192 949 1235 elucidant
976 1191 1102 1235 verba
1137 1191 1422 1236 Instructionis
1446 1192 1484 1236 S.
1509 1191 1550 1236 C.
1577 1192 1627 1236 de
1652 1192 1770 1249 Prop.

141 1263 239 1306 Fide
272 1264 320 1306 ad
359 1261 443 1305 Vic.
479 1262 553 1319 Ap.
589 1262 813 1306 Sntchuen.
839 1264 875 1305 ¹:
916 1278 936 1303 «
964 1262 1095 1320 Atque
1129 1265 1166 1305 in
1201 1262 1306 1307 banc
1341 1276 1427 1307 rem
1461 1263 1560 1307 illud
1588 1266 1768 1307 maxime

140 1333 487 1378 considerandum
527 1333 705 1388 videtur,
738 1347 837 1376 num
870 1333 1019 1391 aliquis
1067 1347 1138 1390 per
1176 1336 1421 1377 sententiam
1467 1334 1615 1377 iudicis
1648 1335 1772 1378 fuerit

141 1406 526 1449 excommunicatus
558 1417 605 1447 ac
641 1404 803 1461 publice
837 1405 1116 1459 denuntiatus,
1151 1417 1200 1448 an
1238 1418 1336 1448 vero
1370 1418 1459 1448 ean]
1495 1417 1711 1448 censuram
1748 1418 1770 1449 a

142 1477 230 1519 iure
253 1477 520 1529 contraxerit,
554 1474 663 1518 haud
689 1475 857 1533 quidem
892 1475 1040 1519 iudicis
1062 1477 1263 1519 sententia
1287 1475 1554 1527 declaratam,
1579 1475 1648 1518 sed
1673 1489 1767 1519 cum

140 1549 314 1601 crimen,
349 1550 516 1602 propter
548 1546 658 1603 quod
694 1548 732 1588 in
771 1548 1247 1589 excommunicationem
1281 1546 1438 1600 incidit,
1473 1548 1525 1589 ita
1560 1548 1766 1589 notorium

140 1630 188 1661 ac
232 1618 493 1660 manifestum
527 1619 592 1670 sit,
626 1622 669 1660 ut
703 1616 813 1660 nulla
858 1619 984 1673 possit
1016 1619 1362 1674 tergiversatione
1394 1616 1533 1671 celari,
1566 1622 1636 1660 aut
1668 1619 1770 1660 iuris

139 1689 335 1745 suffragio
368 1689 573 1741 excusari,
608 1687 703 1731 hinc
747 1690 898 1744 passim
931 1688 1040 1744 apud
1087 1687 1267 1744 reliquos
1300 1687 1443 1731 fideles
1486 1701 1558 1744 pro
1604 1687 1768 1744 publico

142 1764 358 1816 peccatore
406 1758 619 1802 habeatur.
668 1758 845 1816 Uterque
890 1759 1070 1815 profecto
1113 1772 1134 1802 a
1178 1760 1446 1802 Sacramento
1491 1758 1769 1803 Poenitentiae

140 1830 281 1887 repelli
316 1829 460 1882 debet,
496 1835 707 1886 nequeunt
729 1832 838 1873 enim
863 1832 1213 1873 excommunicati
1246 1831 1468 1886 participes
1502 1830 1588 1873 tieri
1623 1830 1767 1873 Sacra-

140 1905 388 1944 mentorum.
424 1899 653 1944 Discrimen
689 1904 825 1944 tamen
871 1902 977 1944 inter
1019 1906 1242 1957 utrumque
1276 1900 1507 1955 intercedit,
1542 1900 1650 1958 quod
1696 1913 1768 1943 ex·

139 1973 470 2015 communicatus
503 1976 542 2014 et
573 1971 840 2014 denuntiatus
881 1973 1081 2014 sententia
1132 1971 1293 2025 iudicis,
1326 1984 1419 2014 cum
1453 1984 1474 2014 a
1509 1975 1767 2014 caeterorum

139 2041 323 2085 fidelium
359 2043 651 2085 communione
683 2045 913 2097 separetur,
933 2040 1131 2084 vitandus
1160 2044 1284 2084 etiam
1308 2046 1381 2097 est,
1407 2041 1583 2099 ideoque
1618 2054 1693 2085 nec
1728 2044 1765 2084 in

140 2112 358 2157 ecclesiam
392 2113 552 2156 admitti
588 2117 731 2168 potest,
766 2117 809 2155 ut
843 2114 1058 2156 incruento
1106 2112 1317 2156 Sacrificio
1351 2112 1533 2166 adsistat,
1579 2111 1766 2168 publicas

139 2196 284 2240 preces
332 2183 490 2237 fundat,
531 2185 790 2241 caeterisque
833 2182 1125 2226 communibus
1173 2182 1384 2239 religionis
1431 2183 1576 2226 officiis
1619 2182 1766 2233 adstet,

139 2258 312 2310 excepta
346 2254 562 2296 dumtaxat
598 2252 718 2296 Verbi
762 2253 835 2296 Dei
871 2253 1193 2309 praedicatione,
1223 2265 1347 2310 quam
1382 2254 1766 2296 excommunicatos

139 2324 284 2368 audire
317 2337 337 2367 a
374 2326 461 2367 iure
497 2326 742 2380 permissum
776 2328 850 2379 est,
884 2336 974 2380 cap.
1013 2324 1301 2380 «Responso»
1340 2323 1393 2366 43
1433 2323 1530 2366 «De
1563 2325 1765 2367 sententia

100 2397 101 2400 ’
139 2397 638 2438 excommunicationis».
673 2394 709 2438 Is
744 2408 842 2438 vero
875 2398 940 2439 cui
974 2396 1417 2438 excommunicationis
1449 2393 1559 2437 nulla
1604 2398 1663 2437 est
1707 2396 1766 2437 in-

139 2466 247 2509 dicta
280 2467 496 2519 sententia,
524 2465 586 2508 vel
622 2465 828 2509 ludicialis
860 2465 1100 2519 declaratio,
1123 2478 1199 2508 nec
1222 2477 1244 2508 a
1268 2464 1453 2508 tidelium
1487 2469 1606 2508 coetu
1642 2465 1770 2522 repel-

139 2535 248 2588 litur,
281 2548 415 2593 neque
448 2535 561 2578 aditu
595 2535 796 2579 ecelesiae
831 2534 1086 2592 prohibetur,
1109 2548 1184 2579 nec
1217 2547 1238 2578 3
1274 2534 1449 2591 publicis
1484 2534 1675 2591 precibus
1698 2548 1765 2578 ex-

138 2605 343 2660 cluditur,
378 2605 738 2649 Sacramentorum
776 2611 911 2649 tamen
949 2607 1273 2662 participatione,
1308 2607 1413 2648 sicut
1456 2607 1495 2647 in
1529 2607 1663 2661 seipso
1707 2607 1765 2647 in-

138 2689 268 2733 capax
303 2681 363 2720 est
409 2676 539 2734 (quod
574 2676 624 2720 de
657 2676 819 2720 occulto
852 2678 1213 2720 excommunicato
1247 2675 1357 2719 valet
1404 2674 1601 2733 quoque),
1645 2677 1700 2718 ita
1743 2688 1764 2718 a

140 2747 249 2791 fideli
286 2749 577 2804 mysteriorum
613 2746 683 2789 Dei
719 2747 1002 2804 dispensatore
1046 2749 1191 2790 merito
1224 2746 1443 2801 arcendus,
1477 2750 1644 2803 propter
1686 2747 1764 2789 cri-

258 2901 268 2921 1
296 2900 341 2933 29
368 2901 459 2944 Apr.
489 2899 591 2935 1784.
618 2898 866 2933 Collectanea
891 2899 927 2934 S.
956 2899 996 2934 C.
1027 2899 1072 2933 de
1098 2899 1141 2933 P.
1172 2899 1214 2933 F.
1243 2910 1281 2932 n.
1311 2898 1391 2933 569.
