1950 3313
128 139 172 173 62
789 135 917 169 LIBER
942 144 1092 169 PRIMUS

131 256 308 313 publico,
351 254 421 297 sed
467 256 590 297 etiam
635 253 994 310 comprehendunt
1036 266 1174 297 sacras
1209 259 1345 297 vestes
1377 266 1424 297 ac
1457 254 1647 298 utensilia
1682 267 1754 310 pro

129 327 272 370 eodem
319 324 569 379 exercendo,
614 337 718 381 quas
760 323 952 381 lituryiei
996 329 1162 380 propter
1204 338 1347 367 eorum
1388 323 1611 375 obiectum,
1645 324 1753 381 quod

127 409 244 440 sacra
279 396 444 451 liturgia
492 398 677 449 vocatur,
711 393 811 437 libri
852 407 1118 452 quocumque
1161 396 1327 438 nomine
1369 395 1671 450 discernantur,
1706 393 1756 437 ab

128 465 320 511 Ecclesia
352 465 490 508 latina
525 478 597 521 pro
630 466 719 508 eius
752 464 888 508 cultus
924 466 1122 508 varietate
1142 467 1308 517 rituum,
1331 467 1504 518 romani,
1524 466 1754 520 monastici,

129 538 502 591 dominicanorum,
537 540 628 583 etc„
661 534 806 578 saltem
841 549 916 578 usu
952 534 1155 591 longaevo
1196 535 1257 578 vel
1285 537 1460 591 positivo
1484 535 1602 578 Sedis
1625 534 1754 591 Apos-

128 608 276 651 tolicae
309 611 401 650 actu
433 605 616 663 probati,
650 604 880 648 serrandus
906 608 1126 662 praecipue
1149 605 1200 649 ab
1223 605 1432 649 Ecclesiae
1456 607 1668 656 ministris,
1691 605 1753 649 vel

129 678 219 722 aliis
239 679 438 734 personis,
455 676 726 734 praecipium
747 690 782 719 v.
804 690 863 732 gr.
884 689 956 732 per
974 674 1162 719 rubricas
1180 677 1386 732 praecepti
1395 688 1482 729 vas,
1501 689 1573 730 per
1591 675 1757 719 diversa

130 749 311 803 decreta,
346 752 385 790 et
418 749 732 790 constitutiones
767 747 1011 803 pontificias,
1044 748 1085 799 a)
1120 746 1163 789 in
1187 745 1465 789 celebratione
1488 751 1574 788 tum
1597 745 1757 789 sollem-

130 821 183 871 ni,
209 823 293 861 tum
321 819 480 874 privata
504 816 766 859 sacrosancti
791 816 948 859 Missae
970 816 1184 873 sacrificii,
1209 816 1316 874 quod
1343 820 1403 859 est
1426 817 1674 872 praecipuus
1693 828 1756 859 sa-

130 902 225 933 crae
250 889 441 944 liturgiae
473 893 602 935 actus,
628 887 670 944 b)
695 887 739 929 in
762 887 1136 930 advzim'stratioue
1153 886 1411 943 singulorum
1430 891 1586 943 septem
1607 887 1759 929 Sacra-

133 965 378 1011 mentorum,
413 971 518 1016 quae
552 960 780 1001 consistunt
814 960 851 1000 in
887 957 1132 1014 actionibus,
1165 957 1347 1015 aliisque
1369 957 1505 1000 saeris
1523 959 1611 1000 sive
1635 956 1759 1000 rebus

131 1029 504 1075 sacramentalibus
546 1031 635 1072 sive
685 1029 963 1072 functionibus
1007 1028 1277 1086 perayendiS.
1326 1054 1378 1059 —
1429 1028 1759 1071 Praemonstrata

131 1114 290 1151 norma,
325 1100 553 1143 secundum
590 1112 712 1157 quam
748 1100 933 1156 digestus
971 1104 1029 1142 est
1063 1098 1200 1143 Codex
1226 1098 1302 1142 sub
1325 1098 1402 1142 hoc
1428 1103 1632 1155 respectu,
1666 1111 1759 1141 con-

132 1172 259 1216 cludit
295 1176 479 1215 statuens
512 1184 672 1215 canon:
711 1169 853 1224 Quare
885 1184 1024 1213 onmes
1047 1168 1273 1227 li'lurqieae
1306 1182 1385 1227 qua
1424 1169 1540 1224 tales,
1565 1168 1760 1212 videlicet

134 1245 298 1299 proprie
331 1243 382 1286 de
415 1254 531 1286 sacra
567 1241 731 1298 liturgia
766 1242 1031 1298 disponentes
1054 1240 1163 1297 leqes
1185 1243 1383 1297 vigentes,
1409 1240 1759 1298 quandocumque

132 1316 211 1357 sint
245 1314 394 1367 editae,
428 1315 517 1356 sive
552 1315 589 1355 in
624 1312 775 1356 Codice
800 1315 1046 1366 inserantur,
1070 1314 1158 1355 sive
1184 1321 1375 1355 maneant
1397 1315 1512 1354 extra
1537 1324 1648 1363 eum,
1673 1323 1759 1366 pre-

134 1384 283 1428 mendo
316 1383 392 1427 sub
425 1383 586 1426 silentio
620 1383 953 1437 consuetudines,
988 1383 1066 1425 irim
1101 1396 1220 1424 suam
1254 1384 1447 1425 intactam
1471 1381 1667 1429 retinent,
1701 1382 1759 1423 uti

134 1455 277 1512 regula
300 1454 517 1511 generalis,
553 1454 809 1511 proindeque
843 1458 964 1496 erunt
996 1457 1225 1510 opportune
1260 1455 1297 1495 in
1341 1451 1646 1495 Commentario
1682 1463 1761 1493 me-

136 1526 358 1569 morandae
392 1539 484 1569 cuin
523 1526 785 1581 parsimonia,
811 1524 1047 1567 adnotando
1071 1524 1366 1580 applicationes
1384 1524 1593 1579 sequentis
1616 1534 1762 1577 excep-

133 1599 276 1639 tionis:
313 1596 395 1639 nisi
427 1609 573 1638 earum
596 1595 743 1653 aliqua
766 1595 810 1638 in
838 1593 987 1638 Codice
1010 1608 1082 1650 per
1105 1594 1283 1651 aliquem
1309 1606 1508 1637 canonem
1535 1591 1599 1635 vel
1624 1593 1664 1634 vi
1688 1591 1760 1635 ali-

135 1680 311 1725 quorum
347 1680 541 1724 erpresse
575 1666 830 1723 eorriyutur,
855 1669 1072 1719 statuente,
1096 1667 1185 1708 sive
1208 1664 1402 1721 explicite
1426 1665 1677 1707 contrarium
1705 1661 1760 1705 illi

133 1738 278 1781 saltem
307 1737 546 1794 partialiter,
580 1739 671 1780 sive
704 1736 930 1794 quidquam
966 1749 1059 1780 cum
1085 1735 1174 1792 lege
1199 1735 1389 1792 liturgica
1414 1732 1760 1790 incompossibile.

252 1806 429 1861 Quinam
465 1810 544 1851 sint
579 1807 670 1851 libri
706 1807 885 1863 liturgici
920 1807 1131 1850 Ecclesiae
1168 1818 1374 1860 romanae,
1417 1804 1763 1862 singulorumque

136 1881 197 1921 vis
244 1879 415 1922 iuridica
460 1883 688 1935 exposcunt
730 1877 900 1921 brevem
946 1880 1233 1921 tractationem
1277 1879 1314 1919 in
1354 1875 1598 1933 Appendice
1641 1874 1763 1918 huius

135 1948 241 1992 Libri
280 1949 307 1993 l.

254 2020 320 2062 32-
362 2021 531 2065 Codex
576 2034 682 2065 cum
732 2021 972 2065 relatione
1014 2021 1078 2064 ad
1122 2019 1347 2075 publicas
1397 2019 1763 2063 conventiones.

138 2090 217 2134 Leo
245 2089 330 2132 Xlll
354 2092 390 2131 in
411 2089 573 2146 encycl.
612 2105 632 2130 ((
656 2088 893 2132 lmmortale
924 2087 996 2131 Dei
1022 2104 1041 2129 ))
1079 2088 1225 2131 docet:
1268 2106 1282 2126 «
1310 2087 1450 2145 ltaque
1485 2089 1589 2130 inter
1612 2090 1763 2129 utram-

136 2175 216 2217 que
249 2165 490 2217 potestatetn
526 2160 869 2217 (ecclesiasticam
905 2164 943 2202 et
977 2158 1163 2215 civilem)
1197 2158 1401 2216 quaedam
1437 2157 1666 2200 intercedat
1698 2169 1764 2199 ne·

136 2245 251 2276 cesse
285 2235 343 2274 est
379 2231 565 2274 ordinata
600 2230 852 2287 colligatio...
887 2228 1031 2282 Qualis
1062 2234 1199 2272 autem
1234 2234 1273 2272 et
1310 2233 1462 2286 quanta
1487 2240 1533 2271 ea
1557 2229 1621 2281 sit,
1645 2226 1763 2270 aliter

137 2303 309 2346 iudicari
347 2315 424 2344 non
461 2306 603 2358 potest,
639 2304 714 2344 nisi
752 2301 1010 2358 respiciendo
1043 2300 1091 2343 ad
1128 2302 1342 2357 utriusque
1374 2303 1579 2354 naturam,
1614 2297 1764 2341 haben-

138 2373 273 2430 daque
309 2374 464 2415 ratione
497 2372 767 2416 excellentiae
800 2377 839 2415 et
872 2371 1094 2415 nobilitatis
1137 2383 1356 2413 causarum
1380 2385 1419 2413 )).
1454 2369 1570 2414 Unde
1614 2381 1663 2411 ex
1704 2381 1764 2412 ra-

136 2446 245 2487 tione
280 2448 389 2487 recta
423 2448 612 2487 constare
646 2447 778 2498 potest
802 2442 868 2485 illa
906 2441 1127 2497 colligatio.
1167 2440 1397 2484 «Incidunt
1420 2439 1764 2498 autemquando-

135 2528 213 2572 que
249 2519 447 2571 tempora,
481 2527 574 2557 cum
610 2513 714 2556 alius
747 2525 910 2570 quoque
947 2511 1194 2555 concordiae
1229 2511 1375 2554 modus
1409 2511 1457 2554 ad
1495 2509 1761 2568 tranquillam

136 2585 367 2628 libertatem
395 2584 514 2639 valet,
536 2586 730 2627 nimirum
764 2585 795 2626 si
831 2585 899 2639 qui
925 2584 1130 2639 principes
1151 2595 1285 2624 rerum
1306 2581 1570 2638 publicarum
1596 2585 1635 2623 et
1660 2580 1761 2623 Pon-

136 2657 232 2698 tifex
270 2668 463 2698 romanus
487 2655 537 2698 de
562 2668 604 2697 re
627 2654 764 2711 aliqua
787 2658 975 2710 separata
997 2654 1034 2694 in
1060 2654 1167 2695 idem
1195 2652 1389 2708 placitum
1415 2652 1700 2695 consenserint
1724 2665 1762 2691 ³).

136 2725 241 2769 Hinc
279 2728 359 2768 vim
401 2727 578 2768 nominis
625 2725 901 2768 «concordati
941 2736 1011 2766 seu
1046 2724 1331 2766 conventionis
1354 2738 1374 2763 ))
1412 2722 1653 2765 admodum
1677 2722 1765 2777 qui-

137 2797 229 2840 dem
266 2801 477 2852 pactorum
514 2794 893 2839 internationalium
929 2796 966 2836 in
1001 2793 1207 2836 civilibus.
1245 2797 1324 2836 Has
1357 2794 1655 2836 conventiones
1693 2790 1763 2834 ob-

140 2879 309 2909 servare
333 2869 441 2923 cogit
477 2868 713 2923 interposita
748 2865 891 2908 saltem
927 2865 1040 2907 tides.
1076 2864 1338 2920 Quapropter
1368 2876 1461 2907 cum
1497 2866 1663 2919 propter
1694 2873 1763 2904 eas
