1950 3313
670 172 753 206 Tm
780 172 821 208 V.
851 193 864 199 -
892 174 947 208 De
971 175 1189 218 privileyz'z's
1687 175 1749 210 171

125 289 267 333 baberi
311 291 539 332 sententiae
580 289 809 345 bominum,
850 291 1006 334 iudicio
1043 293 1309 348 praevalente
1344 293 1586 351 Superioris·
1620 294 1753 338 decla-

127 363 253 404 rantis
286 361 464 416 idipsum
501 373 573 416 pro
607 362 693 403 soro
726 367 913 415 externo,
938 363 1213 406 initimtentzcr
1235 364 1286 407 ab
1310 369 1417 408 statu
1442 378 1523 422 quo
1549 365 1613 408 illa
1638 371 1753 409 erant

124 436 312 487 tempore
345 432 623 473 concessionis
658 432 880 488 privilegii,
906 439 947 475 ut
982 432 1022 489 a)
1059 432 1132 475 lior
1166 434 1334 476 uomicam
1360 435 1555 481 eraserit,
1585 435 1646 479 vel
1674 439 1753 492 pri-

129 501 344 557 vilegiario
379 505 545 557 propter
580 514 663 557 reg.
700 503 745 544 til
789 502 891 545 luris
926 505 963 545 in
991 507 1056 546 ⁴5⁰:
1087 504 1249 558 «Quod
1285 504 1336 548 ob
1369 507 1544 561 gratiam
1580 506 1754 550 alicuius

126 571 381 624 conceditur,
418 584 495 613 uon
531 577 589 614 est
635 575 672 614 in
716 576 804 616 eius
842 574 1105 629 dispendium
1142 576 1463 632 retorquendum
1494 595 1531 629 ι»,
1567 577 1629 620 vel
1664 577 1755 621 aliis

125 648 168 685 ut
214 642 453 686 decernitur
497 644 534 685 iu
575 655 663 699 cap.
701 646 723 686 9
764 660 783 685 <‹
808 645 858 687 de
896 645 1071 687 decimis
1114 648 1305 702 primitiis
1348 652 1386 689 et
1428 646 1749 691 oblationibus»

125 712 210 767 (ΙΙΙ,
247 712 342 768 3Ο);
383 727 402 751 ((
428 725 520 755 nam
556 714 722 770 quando
756 713 938 757 Romana
973 714 1156 758 Ecclesia
1190 716 1323 758 ordini
1363 722 1497 759 vestro
1538 718 1753 774 privilegia

127 782 177 825 de
210 783 385 826 decimis
417 783 602 834 dederat,
639 786 691 827 ita
726 789 842 828 erant
877 798 993 828 rarae
1028 786 1230 829 Abbatiae
1272 790 1395 830 vestri
1440 788 1610 843 ordinis,
1645 789 1753 846 quod

129 853 280 896 exinde
301 853 399 896 nulli
422 859 581 910 poterat
604 855 654 897 (le
679 857 767 898 iure
790 856 1032 899 scandalum
1067 856 1268 899 suboriri:
1303 858 1374 901 sed
1401 872 1509 901 nuuc
1535 861 1571 901 in
1598 864 1755 902 tantum

124 929 420 981 augmentatae
453 931 560 979 sunt,
593 938 640 968 ac
676 926 1003 982 possessionibus
1035 927 1200 975 ditatae,
1237 929 1345 985 quod
1383 929 1497 971 multi
1526 931 1600 972 viri
1626 930 1758 973 eccle-

125 997 294 1048 siastici,
330 996 380 1039 de
418 995 534 1039 vobis
567 997 674 1053 apud
712 1010 784 1040 nos
816 998 1028 1054 querelam
1063 1011 1186 1054 saepe
1220 1006 1516 1055 proponunt».
1556 1000 1672 1043 Alius
1705 1002 1758 1043 et'·

126 1067 260 1109 fectus
294 1068 593 1109 immutationis
625 1067 915 1111 adiunctorum
951 1080 1126 1111 causans
1149 1072 1420 1112 cessationem
1443 1071 1650 1127 privilegii
1675 1077 1757 1114 est:

129 1136 168 1190 b)
201 1142 273 1179 αα(
298 1137 388 1179 eins
413 1151 511 1179 usus
536 1137 714 1180 illicitus
746 1138 833 1194 fiat,
867 1144 905 1181 et
941 1144 1049 1195 patet
1084 1142 1199 1182 ratio.
1223 1166 1275 1170 —
1304 1141 1570 1198 Prosequitur
1603 1153 1757 1184 canon:

127 1207 224 1250 item
262 1208 384 1252 idest:
425 1223 444 1248 «
468 1214 602 1251 cessat
634 1221 799 1266 quoque
826 1209 1130 1265 privilegium»
1159 1224 1324 1267 semper
1349 1214 1434 1268 ipso
1459 1217 1616 1255 tautum
1652 1214 1759 1256 facto

125 1278 327 1322 alterutro
360 1281 572 1336 sequenti:
607 1278 648 1336 a)
673 1279 816 1337 elapso
842 1285 1025 1337 tempore
1050 1280 1088 1335 b)
1111 1280 1174 1323 vel
1200 1281 1364 1339 espleto
1395 1296 1565 1325 mamere
1589 1297 1757 1325 cusnani

124 1363 205 1406 pro
238 1348 400 1406 quibus,
434 1349 496 1393 his
532 1350 594 1393 vel
630 1350 711 1403 illo,
745 1350 1018 1408 privileyimn
1062 1366 1314 1401 eoncessum,
1349 1358 1554 1410 quatenus
1594 1370 1613 1394 «
1639 1354 1760 1397 tacul—

131 1424 234 1463 tates
283 1419 515 1463 liabituales
548 1419 823 1478 (huiusmodi)
858 1427 1133 1466 accensentur
1180 1423 1411 1480 privilegiis
1456 1429 1618 1480 praeter
1651 1427 1713 1467 ius
1736 1441 1756 1465 ))

128 1490 238 1548 (can.
274 1492 341 1544 66,
374 1491 403 1549 3³
439 1491 487 1544 1),
522 1505 629 1548 quae
664 1506 807 1535 norma
841 1506 920 1536 non
957 1495 1191 1537 intirmatur
1225 1508 1299 1538 nec
1334 1499 1499 1551 proprie
1538 1496 1763 1552 derogatur

127 1561 181 1605 ob
213 1561 441 1605 clausulam
476 1563 683 1607 additam:
718 1563 836 1620 firmo
868 1565 1133 1622 praescripto
1171 1580 1261 1608 ean.
1298 1568 1407 1621 207,
1439 1567 1468 1625 ξ
1498 1569 1529 1609 ’3
1561 1568 1609 1611 ad
1644 1581 1763 1611 casus

128 1632 384 1675 concedente
427 1634 619 1676 ellectum
675 1634 883 1690 privilegii
930 1637 1043 1691 prius
1086 1635 1255 1691 obtenti7
1305 1637 1375 1680 sed
1428 1642 1524 1680 tunc
1569 1651 1647 1680 non
1705 1639 1762 1679 vi-

130 1705 279 1759 gentis.

253 1774 349 1819 146.
389 1777 764 1832 Privilegiorum
789 1779 1015 1833 privatio.
1054 1777 1092 1819 ln
1130 1777 1316 1833 pluribus
1345 1777 1630 1822 Deci-etalibus
1664 1781 1765 1822 ratio

130 1845 347 1888 auferendi
384 1845 600 1902 privilegia
628 1846 689 1889 vel
716 1847 907 1902 privandi
932 1847 1111 1902 aliquem
1137 1862 1157 1890 a
1182 1847 1385 1891 beneficio
1411 1862 1554 1892 eorum
1580 1849 1765 1901 affertur,

131 1928 238 1972 quae
274 1920 315 1959 ut
348 1919 598 1973 principium
634 1920 734 1960 iuris
766 1917 943 1961 edicitur
977 1921 1015 1960 in
1050 1933 1140 1961 ecm.
1172 1921 1246 1962 78.
1285 1918 1367 1972 Qui
1408 1919 1611 1975 atuatitur,
1637 1921 1763 1963 idest:

133 1988 171 2028 in
208 2000 283 2030 usu
317 1987 525 2044 privilegii
549 1987 601 2031 ab
626 1990 850 2032 intentione
874 1989 1140 2032 concedentis
1167 1990 1323 2033 recedit
1347 1996 1489 2033 contra
1515 1993 1764 2048 aequitatem

133 2059 390 2107 canonicam,
423 2063 632 2115 potestate
653 2058 733 2100 sibi
765 2059 839 2101 soli
877 2059 940 2102 vel
974 2073 1069 2102 cum
1103 2059 1194 2102 aliis
1227 2074 1275 2104 ez*
1298 2060 1528 2117 prz'rz'leqi'o
1561 2060 1765 2117 personali

129 2127 354 2185 permissa,
388 2131 477 2171 sive
510 2130 560 2171 sit
597 2127 871 2186 «potestas»
905 2130 955 2173 ad
996 2135 1112 2174 actus
1155 2131 1289 2174 solum
1334 2132 1558 2188 ponendos,
1594 2134 1682 2175 sive
1716 2132 1764 2175 ad

134 2201 319 2255 regimen
354 2198 530 2242 aliorum
568 2199 630 2243 vel
665 2200 1065 2244 administrationem
1111 2201 1389 2257 spiritualium
1435 2215 1630 2245 rerumve
1665 2207 1766 2245 tem-

133 2269 351 2325 poralium,
381 2269 610 2327 privilegio
642 2270 733 2328 ipso
777 2270 964 2325 abutens,
1009 2285 1088 2328 qua
1123 2272 1346 2328 singularis
1381 2286 1569 2329 persona,
1601 2272 1768 2329 privari

134 2353 207 2395 per
240 2342 475 2396 Superioiis
507 2346 645 2385 actum
680 2345 953 2398 competentis
985 2348 1182 2394 meretur,
1215 2343 1286 2387 sed
1332 2357 1410 2386 nou
1460 2346 1647 2400 privatur
1683 2346 1767 2399 ipso

137 2411 243 2453 facto
275 2411 472 2456 abutendi
509 2413 741 2469 privilegio.
777 2412 1006 2470 Eapropter
1039 2414 1207 2457 additur
1241 2415 1291 2457 de
1328 2414 1572 2471 privilegiis,
1591 2427 1766 2471 quorum

137 2479 292 2524 abusus
325 2488 460 2538 posset
491 2497 513 2527 a
546 2483 767 2540 Superiore
801 2489 1062 2540 competente
1097 2487 1332 2541 incognitus
1366 2487 1594 2541 praeteriri,
1624 2490 1662 2526 et
1690 2486 1766 2526 (lr-

136 2549 338 2595 dz'narius
371 2553 421 2597 ad
458 2567 642 2598 normam
664 2568 768 2616 =can.
806 2556 901 2608 198,
934 2556 962 2614 ς’
997 2559 1013 2598 1
1055 2557 1249 2598 Scmetam
1291 2555 1432 2599 Sedem
1471 2559 1583 2599 iuxta
1618 2569 1706 2600 can.
1744 2556 1766 2597 'i

141 2636 308 2665 ricomere
330 2637 380 2666 ne
402 2624 586 2678 omittat,
617 2626 666 2668 ad
702 2628 921 2669 certiorem
968 2629 1097 2682 ipsam
1145 2627 1399 2669 reddendam
1447 2626 1513 2669 ille
1551 2629 1768 2678 excitatur,

135 2691 175 2734 si
213 2693 322 2749 quis,
363 2695 587 2750 singularis
631 2709 804 2752 persona
843 2696 904 2739 vel
946 2699 1234 2747 communitas,
1269 2696 1493 2753 privileyio
1535 2696 1584 2738 ab
1627 2696 1767 2738 eadem

138 2764 289 2806 Sancta
323 2764 428 2808 Sede
461 2779 650 2808 concesso
681 2766 873 2822 qram'ter
906 2766 1120 2816 abutatur,
1155 2772 1294 2822 utpote
1327 2769 1389 2809 x-ia
1428 2781 1500 2822 pro
1533 2766 1769 2809 adhibendo

139 2833 326 2877 remedio
362 2837 493 2891 magis
526 2842 716 2892 prompta
749 2842 789 2879 et
823 2838 984 2880 ellicax.

260 2903 349 2948 Huc
384 2908 606 2949 memorari
641 2905 753 2949 lubet
798 2907 907 2963 quod
953 2906 1059 2951 Emi.
1109 2907 1246 2950 Patres
1293 2909 1330 2950 S.
1368 2906 1535 2963 Congr.³
1567 2908 1617 2949 de
1654 2907 1768 2963 l'rop.
