1950 3313
136 103 181 137 56
797 101 926 135 LIBER
951 111 1101 137 PRIMUS

609 274 796 326 Codex
835 274 979 326 iuris
1017 275 1292 327 canonici.

254 415 322 457 47.
356 414 470 457 Sicut
504 415 540 455 in
577 416 666 456 iure
702 413 884 456 Romano
918 412 1056 457 Codex
1091 413 1324 470 appellatur
1356 413 1544 457 collectio
1588 415 1762 458 decisio-

135 498 231 528 num
267 498 336 527 seu
372 484 716 527 Constitutionum
753 483 1030 540 Imperatoris.
1066 488 1104 526 et
1143 486 1181 526 in
1228 484 1428 527 hodierno
1472 498 1545 527 usu
1586 486 1761 530 iuridico

134 555 306 600 Codices
339 557 606 597 nominantur
639 554 903 598 collectiones
939 554 1091 611 legum,
1122 567 1227 611 quae
1270 567 1290 598 a
1335 567 1528 609 suprema
1564 561 1763 612 potestate

133 629 376 669 societatum
410 625 597 668 civilium
635 639 706 681 pro
741 625 802 668 his
833 629 929 668 sunt
961 624 1104 668 saltem
1147 626 1438 677 confirmatae,
1486 628 1537 670 ita
1573 626 1649 669 hoc
1686 625 1762 668 Vo-

135 698 289 749 lumen‚
323 697 440 739 cuius
473 698 819 738 commentarium
856 697 893 737 in
929 697 1095 738 nomine
1136 694 1298 738 Domini
1330 697 1562 752 incipimus,
1598 698 1763 753 proprie

135 769 289 812 dictum
326 768 401 810 fuit
439 766 587 813 (edes,
625 771 764 823 utpote
801 766 984 810 breviter
1017 766 1220 823 colligens
1253 779 1300 809 ac
1335 766 1469 823 logico
1502 768 1646 811 ordine
1676 767 1767 811 illas

135 840 258 895 leges.
294 851 399 895 quae
433 850 453 881 a
487 850 681 893 suprema
717 841 915 893 potestate
949 842 1042 880 sunt
1082 837 1225 880 saltem
1262 838 1532 882 confirmatae
1568 852 1639 894 pro
1674 841 1762 882 nni-

138 923 255 954 versa
291 909 497 961 Ecclesia,
535 909 789 965 proindeque
823 908 871 952 ad
907 908 1080 952 aliorum
1116 908 1314 952 Codicum
1350 909 1655 952 distinctionem
1691 909 1763 952 ad—

134 982 263 1024 ditum
299 985 358 1023 est
392 979 500 1022 iuris
534 979 739 1029 canonici,
774 979 880 1035 quod
920 978 1110 1032 verbum,
1144 984 1187 1022 ut
1219 992 1342 1035 supra
1377 979 1531 1023 dictum
1567 986 1640 1031 est,
1676 993 1765 1036 pro-

136 1055 222 1109 prie
255 1064 302 1095 ac
337 1054 374 1094 in
410 1064 484 1094 usu
521 1055 759 1094 reservatur
794 1052 870 1093 iuri
905 1052 1059 1106 scripto
1095 1050 1305 1093 Ecclesiae
1338 1050 1599 1094 universalis.

254 1123 323 1165 48.
358 1123 552 1168 Codicis
595 1123 786 1166 divisio.
823 1146 876 1151 —-
926 1118 1289 1172 Quemadmodum
1340 1123 1378 1163 in
1429 1120 1545 1164 Dec.O
1579 1120 1763 1165 Gratiani

136 1196 293 1250 priores
326 1192 400 1235 XX
439 1192 727 1235 Distinctiones
765 1191 973 1248 generalia
1018 1193 1118 1234 iuris
1162 1193 1402 1247 praesertim
1449 1194 1612 1248 positivi
1659 1195 1765 1248 prin-

134 1267 240 1321 cipia
280 1265 462 1316 tradunt,
509 1276 556 1306 ac
604 1268 768 1306 ceterae
810 1262 1074 1305 collectiones
1117 1262 1380 1305 authenticae
1424 1265 1582 1318 priores
1625 1263 1767 1306 titulos

134 1336 267 1379 eidem
304 1337 501 1378 materiae
534 1336 809 1390 assignarunt,
846 1335 897 1376 ita
933 1332 1070 1376 Codex
1097 1338 1235 1376 noster
1273 1334 1388 1385 tecit3
1423 1333 1492 1376 sed
1539 1333 1659 1377 laude
1703 1333 1763 1376 di-

135 1409 253 1467 gnior
287 1408 324 1448 in
359 1408 537 1462 primum
575 1405 723 1448 librum
760 1404 1104 1447 introduc-tortum
1140 1404 1310 1460 digessit
1343 1416 1403 1450 ea.
1429 1416 1534 1462 quae
1553 1404 1763 1460 generalia

134 1482 227 1521 sunt
260 1489 465 1520 canonum
502 1478 700 1532 principia
736 1480 938 1531 quatenus
976 1475 1119 1517 eadem
1157 1488 1228 1530 per
1263 1478 1503 1531 potestatem
1539 1473 1763 1517 humanam

134 1547 380 1605 legislatoris
412 1547 755 1596 determinantur,
791 1557 882 1588 nam
919 1545 1127 1601 generalia
1168 1547 1268 1588 iuris
1310 1546 1510 1601 principia
1556 1550 1598 1587 ut
1640 1557 1660 1587 a
1701 1556 1763 1587 ra·

135 1622 243 1662 tione
279 1618 341 1662 vel
377 1631 425 1661 ex
463 1617 715 1661 revelatione
750 1621 941 1673 percepta
976 1621 1071 1659 sunt
1105 1618 1272 1672 praevia
1307 1614 1448 1659 Codici
1474 1617 1606 1672 potius
1639 1627 1763 1672 quam

134 1691 317 1734 eiusdem
355 1694 503 1746 partes,
539 1691 613 1731 nisi
648 1688 977 1737 considerentur,
1016 1692 1134 1743 prout
1172 1687 1220 1729 ad
1266 1686 1616 1743 complementum
1642 1691 1681 1730 et
1705 1688 1762 1729 in-

133 1766 292 1817 tegram
318 1761 611 1817 perfectionem
637 1759 745 1802 illius
773 1761 1002 1803 conterunt.
1030 1757 1133 1802 Hinc
1162 1756 1283 1800 Liber
1302 1757 1467 1815 primes
1502 1757 1764 1801 inscribitur:

133 1832 329 1885 Normae,
362 1844 438 1874 ceu
463 1830 514 1874 ab
538 1830 721 1874 humano
757 1830 990 1886 legislatore
1025 1831 1179 1886 positae
1214 1828 1396 1884 regulae,
1417 1827 1638 1885 yenerales
1677 1833 1764 1871 tum

134 1907 323 1959 respectu
358 1902 532 1945 aliorum
567 1914 787 1951 canonum,
812 1902 881 1958 qui
915 1900 965 1943 de
999 1899 1172 1956 singulis
1196 1901 1391 1942 institutis
1416 1898 1601 1942 iuridicis
1623 1904 1766 1955 agunt,

133 1987 226 2018 cum
262 1975 300 2015 in
335 1973 480 2015 ordine
513 1973 562 2015 ad
600 1974 731 2028 ipsum
767 1970 961 2015 Codicem
1004 1973 1104 2014 iuris
1148 1973 1336 2014 canonici
1380 1982 1460 2028 qua
1499 1969 1635 2012 talem.
1682 1969 1768 2013 Has

134 2043 374 2087 distributas
407 2044 668 2086 inveniemus
711 2045 748 2085 in
793 2047 949 2098 septem
995 2054 1174 2085 canones
1218 2041 1544 2097 praeliminares,
1590 2040 1678 2083 illas
1724 2043 1765 2083 in

133 2115 432 2172 subsequentes
465 2114 603 2158 titulos
637 2113 760 2157 huius
794 2112 918 2157 Libri.

252 2186 395 2241 Quoad
431 2190 591 2229 ceteros
624 2184 762 2239 libros,
800 2185 875 2227 fuit
912 2183 1110 2227 derelicta
1156 2181 1429 2226 traditionalis
1472 2181 1765 2225 collectionum

135 2258 283 2300 divisio
317 2261 357 2299 et
389 2256 524 2299 ordini
561 2256 693 2312 logico
727 2268 774 2298 ac
809 2255 985 2298 iuridico
1020 2255 1091 2297 fuit
1126 2256 1163 2296 in
1199 2253 1275 2297 bac
1314 2258 1430 2310 parte
1462 2252 1659 2301 delatum,
1694 2254 1764 2309 qui

134 2340 214 2370 non
250 2329 415 2383 ignotus
448 2327 523 2370 fuit
557 2327 789 2383 antiquitati
824 2324 1022 2369 classicae
1056 2329 1096 2368 et
1139 2326 1240 2368 iuris
1281 2325 1469 2367 canonici
1505 2321 1765 2377 Doctoribus,

134 2397 268 2455 quoad
295 2409 490 2454 personas
514 2402 553 2440 et
577 2409 663 2448 res3
691 2398 765 2439 fuit
790 2409 889 2439 vero
914 2395 1142 2452 perpolitus
1164 2394 1298 2452 quoad
1323 2396 1506 2438 actiones
1530 2396 1567 2436 in
1592 2393 1765 2450 amplio—

136 2481 221 2511 rem
247 2467 396 2512 librum
421 2467 471 2511 de
496 2466 771 2524 processibuS,
795 2471 834 2510 et
856 2466 1087 2522 completus
1121 2464 1225 2509 libro
1258 2465 1309 2508 de
1341 2464 1504 2508 delictis
1535 2469 1574 2507 et
1609 2466 1766 2520 poenis.

135 2564 187 2569 —
226 2538 349 2581 Porro
382 2538 432 2581 ad
469 2537 719 2594 peculiarem
755 2536 966 2580 Ecclesiae
999 2541 1188 2593 naturam
1223 2527 1333 2593 quod
1367 2536 1525 2589 attinet,
1560 2539 1601 2577 ut
1632 2534 1764 2590 logica

134 2611 185 2652 sit
217 2622 423 2653 canonum
459 2609 577 2664 plena
612 2607 861 2661 distributio,
898 2606 1014 2663 plura
1039 2607 1277 2650 successive
1299 2605 1565 2649 considerare
1589 2609 1763 2660 oportet.

136 2679 271 2723 Primo
306 2680 430 2723 finem
463 2678 514 2722 ad
548 2691 672 2736 quem
708 2678 924 2721 ordinatur
960 2681 1138 2733 potestas
1170 2688 1192 2719 a
1229 2675 1315 2719 lesu
1350 2675 1524 2718 Domino
1558 2674 1662 2717 Divo
1698 2674 1764 2717 Pe-

133 2754 197 2794 tro
231 2751 339 2805 data,
373 2751 443 2807 qui
476 2753 537 2792 est
569 2751 756 2805 corporis
797 2746 946 2792 Christi
997 2747 1245 2801 aedificatio,
1293 2747 1457 2790 dicente
1505 2745 1700 2802 Apostolo
1725 2744 1762 2789 ¹:

253 2863 265 2884 1
293 2860 353 2895 Ad
380 2859 477 2905 Eph.
503 2859 571 2903 lv,
603 2861 657 2904 11,
687 2859 740 2894 22.
