1950 3313
1565 140 1658 176 Can.
1685 140 1779 176 2375

151 142 221 175 292
522 139 607 172 LIB.
630 138 674 173 V.
694 159 706 163 -
725 138 838 172 PARS
855 138 928 172 ΠΙ.
950 158 962 164 -
987 139 1037 174 De
1049 141 1188 184 poenis
1207 142 1249 174 in
1267 140 1405 174 delicta
1446 167 1454 175 ,

151 249 389 301 trimonium
424 256 520 300 ausi
550 255 727 314 fuerim,
761 257 871 300 unde
909 256 1160 314 «quaelibet
1191 257 1521 314 imputabililatis
1545 260 1777 301 imminutio

148 330 237 371 sive
271 341 319 370 ex
346 332 460 384 parte
484 326 717 370 intellectus
741 326 933 384 (excepta
968 329 1199 383 ignorantia
1232 327 1440 384 affectata)
1474 330 1564 371 sive
1587 341 1635 371 cx
1663 334 1777 385 parte

152 398 373 441 voluntatis
405 400 594 441 eximit»
633 397 740 455 (can.
770 398 896 453 2229,
921 400 945 452 ἓ
970 397 1012 455 ⁶2)
1048 398 1284 442 huiusmodi
1318 398 1630 442 contrahentem
1655 392 1677 442 a
1702 399 1776 442 du-

148 468 242 524 plici
278 480 422 524 poena,
457 481 562 526 quae
594 468 687 512 talis
709 473 792 512 est:
826 468 918 526 ipso
951 468 1066 526 facto
1100 471 1349 512 matrimonii
1374 471 1574 513 contracti
1599 469 1774 512 abacti·

146 538 218 581 bus
250 538 290 596 a)
327 539 528 596 leqitz'mis
560 538 858 582 ecelesiasticis
892 539 1078 597 (quinam
1105 544 1243 583 autem
1269 540 1343 584 boc
1381 556 1404 581 «
1426 542 1592 583 nomine
1623 541 1774 597 signiti-

146 614 293 652 cantur
315 625 337 651 ³>
375 610 499 654 edicit
534 623 623 654 can.
650 611 761 653 <2256
788 610 845 653 n.⁰
866 610 927 668 ⁹2⁰)
965 609 1006 667 b)
1031 616 1070 653 et
1095 610 1494 665 Sacramentalibm,
1519 623 1625 668 quae
1648 613 1773 655 actio-

147 680 267 724 nibus
300 686 501 735 constent,
535 681 696 724 exclusi
728 687 914 735 manem,
938 695 1015 725 non
1051 681 1102 726 ab
1137 695 1212 725 usu
1246 695 1405 735 eorum,
1429 694 1535 739 quae
1569 695 1634 725 res
1665 688 1773 737 sunt,
1802 704 1804 707 ·

149 764 184 793 v.
220 764 282 807 gr.
316 764 449 809 aquae
484 752 727 796 benedictae
778 752 841 796 vel
891 752 1066 796 aliarum
1113 751 1426 796 benedictarum
1463 766 1616 807 rerum,
1651 758 1774 810 atque

145 822 246 866 haec
284 824 507 879 «privatio
539 823 957 867 sacramentalium»
998 823 1150 880 illaque
1188 825 1407 866 «remotio
1440 822 1491 866 ab
1523 822 1684 867 actibus
1718 823 1772 867 le-

140 894 300 948 gitimis
332 892 625 936 ecclesiasticis
657 893 948 937 exercendis»
986 893 1095 950 (can.
1122 893 1249 947 2291,
1275 892 1333 947 6⁰,
1358 892 1436 950 80),
1470 897 1611 949 utpote
1638 909 1661 934 «
1683 906 1776 949 poe-

144 976 220 1007 nae
255 964 537 1008 vindicativae
558 979 599 1020 )›‚
634 964 923 1022 delinquentes
956 969 1093 1008 tenent
1133 967 1170 1006 vi
1195 966 1376 1019 canonis,
1411 963 1540 1007 donec·
1572 964 1621 1007 ab
1649 963 1772 1007 Ordi-

138 1034 268 1078 Υηαγῖο
315 1048 457 1078 eorum
509 1037 674 1092 proprio
723 1035 772 1079 ad
824 1048 1012 1078 normam
1047 1048 1137 1079 can.
1174 1035 1227 1078 94
1262 1034 1633 1092 dispensationem,
1667 1047 1774 1092 quae

135 1111 257 1149 actus
289 1111 350 1149 est
384 1106 691 1161 iurisdictionis,
727 1105 1001 1150 obtinuerint.

763 1302 996 1340 TITULUS
1028 1303 1123 1340 XVI
1131 1303 1158 1340 Ι.

198 1406 264 1449 De
295 1405 479 1448 delictis
510 1406 674 1448 contra
708 1403 1016 1455 obligationes
1048 1404 1264 1457 proprias
1296 1403 1448 1444 status
1479 1401 1713 1445 clericalis

790 1475 867 1516 vel
902 1472 1127 1526 religiosi.

991 1612 1217 1659 spendantur‚
1245 1616 1277 1648 et
1304 1611 1331 1646 si
1351 1611 1395 1647 ad
1411 1611 1499 1647 vitae
1517 1622 1627 1656 genus
1645 1622 1667 1646 a
1680 1615 1770 1646 statu

990 1659 1141 1696 clericali
1183 1659 1340 1694 alienum
1377 1658 1511 1694 notorie
1548 1658 1765 1698 transierint,

991 1718 1063 1748 nec,
1080 1718 1201 1742 rursus
1216 1706 1352 1746 moniti,
1367 1706 1590 1752 resipuerint,
1608 1711 1684 1752 post
1702 1711 1771 1741 tres

990 1765 1129 1790 menses
1155 1754 1198 1789 ab
1226 1754 1291 1789 hac
1317 1753 1442 1789 ultima
1460 1753 1653 1789 monitione
1670 1753 1770 1799 depo-

992 1806 1136 1837 uantur.

1038 1848 1121 1884 cm.
1161 1846 1266 1882 2380.
1314 1868 1330 1873 -
1367 1846 1490 1883 Clerici
1531 1847 1582 1882 vel
1618 1846 1769 1893 religiosi

990 1901 1223 1931 mercaturam
1251 1895 1300 1930 vel
1338 1894 1609 1940 negotiationem
1649 1905 1709 1940 per
1735 1905 1770 1930 se

989 1948 1049 1979 aut
1070 1954 1128 1990 per
1145 1942 1233 1978 alios
1249 1947 1448 1978 exercentes
1466 1946 1587 1977 contra
1606 1942 1771 1994 praescri-

185 1615 267 1652 CAN.
295 1613 398 1650 2376.
425 1635 446 1641 -
472 1613 674 1650 Sacerdotes
704 1614 761 1660 qui
803 1624 916 1659 neque

134 1664 179 1700 ab
207 1662 396 1700 Ordinario
417 1662 610 1708 dispensati
630 1672 743 1707 neque
763 1660 916 1706 legitimo

136 1711 388 1757 impedimento
425 1709 554 1745 detenti
595 1719 739 1744 examen
781 1709 823 1744 de
848 1719 917 1753 quo

137 1759 174 1793 in
200 1769 277 1794 can.
307 1756 371 1792 130
400 1758 510 1793 facere
548 1756 743 1799 renuerint,
779 1755 823 1791 ab
851 1754 915 1791 Or-

135 1806 272 1841 dinario
310 1804 474 1850 congruis
514 1804 633 1850 poenis
658 1803 702 1838 ad
743 1803 828 1838 illud
862 1813 916 1837 co-

160 1858 276 1889 antur.

136 1865 158 1899 g
183 1899 269 1936 CAN.
298 1898 402 1934 2377.
422 1920 439 1924 -
460 1897 662 1934 Sacerdotes
679 1902 801 1933 contra
819 1907 916 1943 prae—

135 1947 307 1994 scriptum
325 1957 400 1982 can.
421 1946 498 1988 131,
521 1950 540 1988 ξ
563 1946 574 1980 l
597 1950 830 1985 contumaces
851 1942 915 1979 Or-

134 1995 294 2030 dinarius
323 2005 381 2040 pro
407 2004 469 2029 suo
497 1993 656 2039 prudenti
684 1992 829 2027 arbitrio
856 2003 915 2037 pu-

136 2042 236 2086 niat;
265 2041 355 2087 quod
383 2041 409 2075 si
438 2040 568 2076 fuerint
594 2039 744 2085 religiosi
781 2039 915 2074 confes-

135 2089 217 2124 sarii
245 2099 365 2124 curam
392 2089 591 2123 animarum
632 2098 703 2122 non
740 2091 913 2132 gerentes,

134 2147 193 2172 eos
218 2136 261 2171 ab
299 2135 484 2171 audiendis
523 2134 755 2170 saecularium
782 2134 914 2169 contes-

134 2183 294 2218 sionibus
321 2182 524 2228 suspendat.

183 2228 268 2265 CAN.
297 2229 401 2265 2378.
434 2249 450 2256 -
479 2228 601 2264 Clerici
627 2228 773 2263 maiores
799 2227 914 2273 quiin

135 2288 232 2312 sacro
259 2277 454 2312 ministerio
485 2276 573 2311 ritus
607 2281 639 2311 et
677 2274 915 2310 caeremonias

133 2324 177 2359 ab
206 2323 357 2360 Ecclesia
384 2323 614 2370 praescriptas
639 2322 790 2367 graviter
809 2321 915 2366 negli-

133 2376 218 2416 gant
244 2376 277 2407 et
305 2371 428 2406 moniti
452 2381 525 2406 sese
552 2381 622 2405 non
639 2369 916 2409 emendaverint,

54 2433 65 2444 ν
134 2419 398 2464 suspendantur
436 2429 496 2464 pro
521 2417 658 2453 diversa
696 2421 813 2452 reatus
838 2426 913 2461 gra-

134 2466 257 2501 vitate.

180 2511 265 2548 CAN.
288 2511 392 2547 2379.
413 2531 428 2538 -
447 2510 586 2552 Clerici,
606 2515 728 2546 contra
747 2509 914 2556 praescri-

135 2564 232 2606 ptum
260 2571 338 2595 can.
363 2558 442 2601 136,
462 2558 621 2594 habitum
640 2557 914 2593 ecclesiasticum

133 2611 166 2642 et
192 2611 374 2642 tonsuram
401 2606 596 2641 clericalem
626 2616 693 2640 non
724 2608 914 2650 gestantes,

133 2653 285 2699 graviter
312 2658 547 2696 moneantur;
577 2656 752 2688 transacto
781 2651 914 2686 inutili-

133 2706 185 2736 ter
213 2712 333 2737 mense
357 2712 378 2736 a
405 2700 611 2740 monitione,
640 2699 731 2745 quod
766 2698 809 2733 ad
848 2698 914 2733 cle-

133 2748 224 2783 ricos
244 2748 395 2793 minores
413 2748 551 2788 attinet,
573 2751 727 2782 servetur
748 2745 913 2791 praescri-

137 2799 234 2841 ptum
261 2795 417 2831 eiusdem
444 2806 521 2830 can.
553 2792 629 2834 136,
658 2797 677 2836 ξ
712 2793 756 2833 ὃς
799 2791 912 2827 clerici

134 2846 254 2877 autem
282 2842 439 2884 maiores,
466 2842 561 2877 salvo
587 2840 800 2887 praescripto
832 2850 910 2874 can.

138 2887 217 2931 188,
244 2900 280 2923 n.
310 2888 344 2930 7,
372 2889 416 2924 ab
451 2888 634 2924 ordinibus
674 2887 820 2933 receptis
859 2897 915 2921 su-

991 1995 1089 2036 ptum
1115 2001 1194 2026 can.
1226 1988 1304 2029 14⁴2,
1347 1989 1511 2034 congruis
1550 1999 1669 2035 poenis
1712 2000 1770 2035 pro

989 2037 1158 2083 gravitate
1196 2036 1319 2083 culpae
1356 2036 1399 2072 ab
1442 2034 1632 2072 Ordinatio
1673 2046 1766 2071 coer-

989 2090 1146 2122 ceantur.
1740 2093 1743 2096 ⁴

1037 2132 1121 2168 CAN.
1150 2128 1253 2166 2381.
1295 2151 1310 2156 -
1344 2129 1412 2174 Qui
1451 2129 1614 2171 officium,
1641 2129 1768 2166 benefi-

988 2179 1095 2221 cium,
1135 2178 1343 2223 dignitatem
1380 2176 1514 2213 obtinet
1551 2187 1630 2212 cum
1665 2187 1769 2213 onere

989 2226 1211 2269 residentiae,
1240 2225 1266 2259 si
1296 2224 1475 2270 illegitime
1500 2223 1618 2259 absit:

1086 2273 1133 2308 l.0
1162 2272 1207 2307 Eo
1233 2272 1308 2318 ipso
1328 2272 1482 2317 privatur
1499 2271 1664 2306 omnibus
1697 2271 1766 2306 fru-

988 2320 1101 2356 ctibus
1129 2320 1180 2355 sui
1208 2319 1367 2355 beneficii
1396 2318 1448 2354 vel
1475 2318 1575 2353 officii
1604 2329 1664 2364 pro
1691 2323 1766 2353 rata

989 2367 1192 2413 illegitimae
1208 2366 1396 2407 absentiae,
1416 2376 1543 2411 eosque
1557 2365 1693 2401 tradere
1711 2366 1768 2401 de-

988 2414 1045 2450 bet
1072 2412 1274 2456 Ordinario,
1303 2413 1362 2459 qui
1388 2412 1555 2448 ecclesiae
1581 2412 1633 2447 vel
1663 2412 1768 2448 alicui

989 2461 1045 2508 pio
1073 2461 1145 2497 loco
1172 2460 1223 2495 vel
1253 2460 1464 2506 pauperibus
1489 2459 1701 2499 distribuat;

1082 2508 1138 2543 2⁰
1160 2506 1296 2551 Officio,
1316 2507 1499 2548 beneficio,
1519 2506 1690 2551 dignitate
1705 2506 1768 2552 pri-

989 2560 1098 2591 vetur.
1129 2555 1172 2591 ad
1200 2565 1360 2590 normam
1388 2565 1466 2590 can.
1500 2552 1715 2589 2168-2175.

1036 2601 1121 2638 CAN.
1151 2600 1257 2637 2382.
1288 2621 1304 2628 -
1334 2600 1369 2637 Si
1410 2601 1580 2648 parochus
1617 2601 1768 2645 graviter

988 2650 1179 2695 neglexerit
1206 2648 1513 2685 Sacramentorum
1547 2648 1768 2683 administra—

989 2697 1133 2738 tionem,
1159 2696 1379 2731 infirmorum
1405 2695 1657 2736 assistentiam,
1686 2706 1767 2740 pue-

987 2755 1104 2779 rorum
1133 2743 1320 2790 populique
1346 2742 1616 2786 institutionem,
1633 2741 1767 2777 concio-

989 2802 1068 2826 nem
1096 2790 1218 2826 diebus
1244 2789 1432 2825 dominicis
1451 2790 1641 2835 ceterisque
1661 2789 1766 2830 festis,

987 2838 1182 2874 custodiam
1200 2837 1365 2873 ecclesiae
1383 2836 1599 2883 paroecialis,
1620 2836 1767 2871 sanctis-

989 2885 1097 2921 simae
1125 2884 1376 2925 Eucharistiae,
1405 2894 1582 2919 sacrorum
1596 2883 1762 2924 oleorum,
