1950 3313
661 167 745 201 ΤιΤ.
773 167 819 200 V.
848 187 860 192 -
887 166 943 201 De
968 167 1184 210 privilegiis
1669 165 1736 200 163

107 288 270 344 finitam
305 293 468 344 tempus
509 300 546 327 v.
582 301 644 342 gr.
679 287 728 329 ad
766 288 1002 335 triennium,
1035 286 1084 328 ad
1123 288 1468 343 quinquennium,
1502 286 1550 328 ad
1586 286 1736 329 decen-

108 361 236 411 nium,
259 358 299 415 c)
323 363 397 401 aut
420 358 469 400 ad
495 363 653 399 eertum
677 371 891 399 timueram
917 370 1086 398 eas-emm
1116 371 1151 397 v.
1176 371 1236 412 gr.
1257 357 1521 412 dispensandi
1546 370 1567 399 a
1591 370 1735 400 sacrae

107 430 379 473 ordinationis
414 428 530 471 titulo
565 442 637 483 pro
671 429 841 470 delinito
875 427 1200 470 ordinandorum
1243 441 1431 479 numero,
1464 433 1737 470 accensentur

109 500 235 544 idest:
269 501 463 557 quamvis
491 512 587 542 vera
613 498 831 555 privilegia
857 512 933 541 non
958 501 1052 549 sint,
1078 501 1165 541 iure
1192 498 1470 555 aequipollent
1492 498 1734 555 pririleqiis

106 576 278 627 praeter
312 570 389 625 ius,
415 569 646 626 iisdemque
679 572 785 612 sicut
820 569 920 612 llaec
955 568 1183 612 canonibus
1219 574 1430 625 reguntur.
1459 569 1615 625 lteapse
1639 583 1731 612 cum

110 644 157 685 iis
190 653 409 684 commune
446 639 595 683 babent
633 640 741 685 illae.
769 645 808 683 nt
833 643 913 683 sint
936 641 1111 687 favores,
1137 654 1214 696 qua
1243 645 1483 695 potestatem
1514 641 1734 696 adaugent,

109 717 147 756 el
171 711 338 769 quidem
369 716 531 766 praeter
556 713 617 753 ius
639 711 931 767 Superioribus
954 710 1198 765 aequalibus
1221 710 1464 753 attributum
1500 725 1547 754 ex
1573 712 1738 756 (lodice.

227 781 379 824 Earum
416 781 657 825 facultatum
699 781 963 825 stabilitatem
1009 787 1047 824 et
1089 784 1509 824 commanicationem
1551 778 1765 825 decernit*

110 855 311 908 incipiens
345 865 364 895 a
400 853 554 909 duplici
591 855 835 909 exceptione
870 855 894 905 ,ξ
929 853 965 894 2.
1002 851 1097 896 Α”ίςί
1133 852 1172 894 in
1208 866 1350 894 miram
1381 853 1643 895 concessione
1665 867 1736 897 seu

111 926 223 967 iuxta
247 926 375 980 ipsius
400 926 585 980 rescripti
612 924 908 967 documentive
933 928 1116 966 tenorem
1142 926 1185 977 a)
1212 923 1341 965 elez‘la
1365 923 1498 980 sueri!
1525 923 1736 966 indm-iria

107 1008 315 1052 personae
374 994 426 1038 ob
479 995 664 1037 eiusdem
710 1007 929 1050 expressas
967 994 1186 1050 qualitates
1225 994 1447 1049 singularis
1481 995 1736 1050 prudentiae.

110 1068 320 1119 scientiae,
355 1071 446 1112 etc..
484 1065 524 1121 b)
559 1071 633 1107 (tul
666 1064 787 1107 alim!
819 1065 1032 1107 diversum
1072 1064 1133 1107 vel
1173 1067 1426 1107 contrarium
1471 1064 1736 1121 subsequenti

113 1139 366 1193 praescripto
402 1150 598 1193 eoepresse
632 1150 703 1192 per
736 1136 917 1193 aliquam
952 1136 1189 1178 documenti
1225 1135 1454 1178 clausulam
1479 1142 1646 1178 camum
1670 1137 1740 1188 sit,

111 1207 340 1266 faeedtates
373 1206 610 1250 lmbiluales
643 1220 767 1262 supra
814 1209 850 1248 in
895 1210 919 1255 ξ
962 1207 1003 1248 1³
1036 1206 1280 1259 declaratas,
1316 1205 1522 1263 Episcopo
1559 1221 1629 1263 per
1664 1208 1739 1251 lioc
1773 1237 1775 1241 -

114 1278 289 1322 verbum
323 1279 554 1334 designato,
586 1291 678 1321 cum
715 1278 926 1320 additione
961 1278 1163 1320 dioecesis
1198 1290 1321 1334 quam
1354 1280 1455 1333 regit
1489 1291 1535 1321 ac
1572 1280 1738 1322 l'orsitan

113 1352 290 1393 nominis
323 1362 370 1392 ac
403 1349 588 1392 eiusdem
624 1351 895 1404 cognominis.
930 1349 978 1391 ad
1016 1362 1202 1391 normam
1242 1348 1336 1391 Dec.
1361 1349 1397 1392 S.
1425 1349 1466 1392 (j.
1492 1352 1529 1392 S.
1555 1347 1740 1404 Ollicii1,

113 1420 263 1463 aliisve
296 1433 367 1476 per
400 1433 549 1462 nomen
587 1420 795 1475 peculiare
828 1420 878 1462 (le
911 1419 1058 1477 quibus
1094 1419 1133 1461 in
1171 1434 1260 1462 ean.
1304 1421 1408 1472 798,
1439 1420 1467 1478 ἓ
1506 1423 1536 1470 Ι,
1572 1434 1740 1477 nempe:

112 1493 182 1548 qui
222 1492 303 1533 «in
340 1493 427 1533 iure
462 1493 627 1534 nomine
660 1488 872 1534 Ordinarii
909 1490 1238 1546 intelliguntur...
1265 1493 1386 1533 etiam
1424 1504 1496 1547 pro
1529 1493 1613 1534 suis
1646 1491 1741 1536 sub-

113 1562 209 1605 ditis
241 1560 484 1616 Superiores
518 1563 695 1604 maiores
728 1563 766 1603 in
803 1561 1072 1617 religionibus
1106 1560 1370 1605 clericalibus
1403 1564 1608 1617 exemptis
1632 1578 1669 1607 )),
1704 1568 1742 1606 et

116 1644 194 1673 non
229 1631 360 1674 solum
401 1646 419 1671 <s
445 1632 688 1687 Superiores
721 1632 936 1688 generales
969 1629 1175 1675 Ordinum
1212 1631 1499 1687 religiosorum
1528 1648 1546 1671 n
1587 1635 1642 1675 uti
1677 1634 1744 1676 de-

115 1706 305 1745 creverat
328 1702 368 1746 S.
391 1701 433 1746 C.
458 1702 496 1746 S.
521 1699 659 1746 Officii
685 1702 712 1755 ²,
747 1701 796 1744 ab
820 1702 1062 1759 .*lposlolica
1088 1701 1192 1745 Sede
1221 1703 1269 1745 ad
1291 1702 1529 1758 generalem
1555 1717 1741 1747 normam

115 1785 204 1816 can.
230 1773 253 1815 7
280 1772 485 1816 intellecta
510 1786 742 1826 eoncessae,
776 1773 816 1829 a)
850 1787 929 1815 ivon
965 1779 1215 1815 evanescunt
1240 1779 1450 1830 tamquam
1478 1776 1511 1816 si
1536 1775 1742 1818 desineret

116 1845 297 1899 ipsarum
332 1842 582 1896 subiectum,
619 1843 802 1886 resoluto
838 1843 930 1886 iure
966 1843 1206 1899 (bernarii,
1240 1844 1367 1888 idest:
1389 1844 1520 1887 soluta
1547 1845 1744 1888 relatione

116 1917 222 1958 inter
246 1919 486 1971 potestatem
514 1914 810 1958 iurisdictionis
833 1919 871 1957 et
896 1928 1112 1971 personam
1139 1914 1350 1957 Ordinarii
1382 1914 1434 1958 ob
1457 1918 1545 1958 eius
1571 1921 1742 1959 mortem

120 1985 181 2029 vel
217 1998 237 2028 a
275 1998 444 2029 munere
476 1986 667 2029 officiove
711 1988 998 2038 cessationem,
1034 1986 1100 2028 συί
1144 1985 1342 2042 singulari
1388 2000 1607 2029 concessae
1648 1993 1746 2030 sunt

117 2056 332 2100 facultates
356 2056 604 2112 praedictae,
632 2059 669 2099 in
689 2059 834 2113 seipsis
855 2061 1197 2113 perseveraturae
1216 2056 1268 2100 ob
1288 2057 1469 2100 nondum
1492 2062 1742 2101 transactum

116 2140 260 2171 earum
296 2132 458 2184 tempus
491 2141 566 2171 nec
601 2127 766 2183 expleto
800 2141 974 2170 numero
1008 2140 1178 2171 casuum
1215 2141 1288 2184 pro
1322 2128 1474 2185 quibus
1507 2129 1626 2172 (latae
1661 2130 1744 2172 t'ue·

118 2203 227 2253 runt,
259 2198 428 2241 etiamsi
461 2198 550 2255 ipse
582 2212 653 2240 eas
684 2198 836 2255 quibus
878 2198 1054 2241 donatus
1099 2200 1173 2241 t'uit
1212 2198 1384 2256 exsequi
1416 2199 1552 2256 quoad
1587 2199 1747 2257 aliquos

118 2282 237 2313 casus
269 2269 464 2328 eoeperit,
492 2268 565 2312 secl
599 2275 833 2322 transeunt,
869 2269 990 2312 modo
1024 2274 1226 2328 quo-tunc
1253 2272 1520 2313 inveniantur
1547 2272 1746 2326 vigenteS,

119 2339 174 2382 ad
211 2339 467 2383 Orclimwios
504 2354 540 2381 v.
575 2354 635 2396 gr.
670 2340 719 2383 ad
756 2339 966 2384 Vicarium
1001 2340 1288 2396 capitularem.
1319 2340 1477 2384 aliosve
1509 2341 1746 2398 designatos

121 2411 158 2452 in
193 2411 280 2453 cit.⁰
313 2416 422 2454 can.e
453 2423 501 2454 ac
531 2411 576 2468 {⁰
611 2410 683 2468 qui
712 2410 805 2468 ipsi,
841 2413 959 2454 cuius
994 2412 1069 2453 suit
1093 2411 1317 2454 resolutum
1355 2413 1430 2462 ius,
1466 2414 1506 2454 in
1544 2412 1748 2468 reyimine

120 2479 344 2523 succedunt
376 2484 499 2525 etiam
537 2483 736 2528 mediate:
774 2482 871 2525 item
906 2482 945 2535 b)
983 2482 1280 2526 «facultates...
1317 2496 1536 2525 concessae
1559 2487 1599 2525 ut
1624 2496 1745 2539 supra

119 2549 326 2609 Episcopo
358 2558 594 2609 compellent
629 2567 790 2610 quoque
837 2552 998 2595 sicario
1033 2555 1122 2596 eius
1152 2553 1358 2609 qeneroli,
1393 2566 1463 2596 seu
1504 2566 1747 2596 communes

123 2623 226 2665 liunt
250 2624 470 2679 utrique».
494 2621 535 2666 In
561 2623 637 2667 bac
658 2624 704 2682 ξ)
729 2626 1012 2667 extensionem
1031 2623 1080 2667 ad
1105 2623 1194 2667 illas
1215 2623 1430 2667 facultates
1452 2627 1635 2667 servavit
1662 2638 1745 2680 reg.

122 2695 223 2736 iuris
255 2693 308 2735 46
344 2696 382 2736 in
418 2695 486 2736 6⁰:
527 2714 541 2732 «
572 2693 606 2737 ls
638 2697 708 2751 qui
743 2696 781 2737 in
817 2697 878 2737 ius
910 2695 1097 2738 succedit
1130 2694 1313 2748 alterius,
1349 2708 1396 2737 eo
1432 2697 1531 2741 iure.
1557 2708 1637 2751 quo
1662 2695 1741 2750 ille,

125 2766 182 2807 uti
215 2763 382 2807 debebit
405 2779 444 2806 )).

241 2871 251 2892 ¹
278 2870 300 2904 3
327 2869 434 2913 Sept.
466 2870 569 2904 1900.
599 2869 763 2905 Collect.
795 2870 830 2904 S.
859 2870 899 2905 C.
926 2870 972 2904 de
998 2870 1040 2904 P.
1068 2870 1109 2903 F.
1140 2882 1176 2904 n.
1203 2871 1308 2904 2094.
1339 2892 1381 2895 —-
1408 2872 1421 2893 2
1448 2872 1494 2904 20
1520 2871 1610 2906 Dec.
1641 2872 1744 2906 1899.

125 2918 287 2953 Collect.
319 2917 355 2951 S.
383 2917 424 2952 C.
454 2916 500 2951 de
527 2917 568 2950 P.
600 2917 640 2950 F.
670 2929 708 2951 n.
737 2918 843 2952 2074.
