1950 3313
96 187 189 223 Can.
217 187 311 222 2344

473 187 556 221 T1T.
581 188 692 222 X111.
719 211 729 216 -
755 191 811 225 De
834 193 987 227 delictis
1007 198 1141 227 contra
1171 205 1228 228 res
1254 197 1379 230 eccles.
1657 198 1726 232 ‘239

94 305 185 350 aliis
220 306 317 361 111,
351 310 389 349 01
422 306 490 357 94,
525 332 578 337 -
610 307 790 364 publicis
828 310 868 366 a)
901 310 1233 368 ephemeridibus
1278 327 1456 370 nempe:
1503 316 1723 372 periodicis

97 375 446 433 publicationibus
481 389 706 433 paucorum
743 380 948 429 soliorum,
985 382 1026 438 1))
1061 383 1338 435 concionibus,
1372 398 1477 441 quae
1526 392 1722 430 vocentur

93 448 386 501 conferentiae,
418 446 703 501 allocutiones,
738 455 814 493 etc.
850 451 889 507 c)
923 451 1077 495 libellis
1112 455 1331 509 periodicis
1368 459 1428 498 vel
1464 470 1598 509 secus,
1636 457 1722 499 sire

93 518 251 562 directe
282 519 331 562 ad
367 518 444 562 hoc
487 518 688 562 ordinatis
725 520 811 563 sice
849 522 1051 566 indirecte
1091 525 1210 567 niodo
1255 525 1418 580 palliato
1462 526 1719 585 aliarumque

93 592 381 647 quaestionum
417 592 648 638 occasione,
687 617 737 621 —-
773 591 818 648 α)
852 593 1026 635 iniuriis
1059 595 1192 651 ‹pioad
1235 595 1446 650 bonorem,
1482 597 1628 640 bonam
1664 601 1719 640 l'a-

94 673 217 712 mam,
254 666 295 704 ut
329 660 552 717 plurimum
598 661 854 706 calumniose
892 664 1093 721 affecerit,
1129 665 1172 721 β)
1205 673 1277 708 aa!
1311 667 1560 716 si'mullates,
1596 669 1718 712 male.-

95 731 331 786 volentiam,
365 734 619 775 aversiones.
657 732 718 775 vel
749 732 847 776 odia
887 738 1051 791 proprie
1085 736 1126 793 a)
1159 742 1303 779 eontra
1346 738 1580 780 eormndem
1625 745 1718 781 uela

90 800 300 859 quaelibet
333 803 421 845 sive
455 803 575 855 sacta,
609 801 650 859 b)
684 802 853 846 decreta
887 805 1025 861 plures
1074 807 1239 849 forsitan
1277 810 1549 863 respicientia,
1584 810 1622 864 c)
1656 810 1719 852 de-

89 872 268 916 cisiones
300 873 640 916 extraiudiciales
672 886 743 917 seu
778 875 1067 931 dispositioncs
1101 879 1233 920 forsan
1269 880 1376 920 circa
1413 881 1595 934 privatas
1630 894 1718 936 per-

88 956 224 994 sonas,
248 944 290 999 d)
324 943 558 986 sententias
593 944 808 988 iudiciales
841 947 1115 996 eoeeitarerist
1139 950 1463 1005 —quicumque
1498 951 1620 1004 igitur
1654 950 1720 993 lio-

89 1028 179 1057 rum
214 1014 545 1072 delinquentium
581 1015 630 1058 ab
668 1015 902 1060 Orclinario
935 1021 1184 1074 competenti
1219 1018 1259 1074 a)
1293 1033 1373 1061 ‘non
1408 1019 1538 1061 solum
1574 1020 1628 1063 ιιι]
1663 1021 1718 1063 in-

87 1085 289 1128 stantiam
322 1085 477 1143 partis,
510 1098 616 1143 quae
652 1088 813 1130 iniuriis
847 1087 1033 1131 lacessita
1071 1090 1143 1132 fuit
1182 1089 1243 1132 vel
1279 1094 1421 1132 contra
1455 1104 1576 1147 quani
1612 1095 1719 1134 exci-

90 1158 263 1200 tationes
311 1158 426 1201 suere
472 1160 709 1211 suscitatae,
745 1158 786 1215 b)
820 1158 893 1201 sed
935 1159 1062 1202 etiam
1107 1174 1157 1202 θα]
1200 1160 1346 1217 officio,
1384 1161 1563 1205 scilicet:
1608 1163 1715 1205 nulla

87 1232 302 1283 expectata
351 1228 521 1286 querela
573 1231 769 1272 interesse
817 1229 1019 1285 habentis,
1069 1231 1285 1287 adimitur,
1325 1231 1364 1287 a)
1402 1246 1479 1289 per
1521 1247 1718 1275 censuras

86 1311 259 1355 quoque,
293 1301 326 1342 si
361 1299 411 1342 de
445 1301 628 1355 graviori
667 1313 709 1343 re
743 1305 904 1356 agatur,
932 1301 993 1344 vel
1032 1315 1199 1345 necesse
1235 1303 1356 1345 suerit
1392 1316 1463 1358 pro
1495 1316 1618 1358 scopo
1651 1303 1716 1345 ol)-

86 1368 254 1413 tinendo
287 1370 343 1412 ad
374 1368 713 1427 satisfactionem
744 1371 1049 1428 praestandam
1082 1374 1117 1415 ei
1157 1375 1225 1429 qui
1272 1372 1406 1415 laesus
1447 1378 1519 1425 est,
1556 1375 1716 1416 restitu-

85 1441 194 1483 tione
226 1439 396 1484 honoris
428 1445 497 1483 aut
532 1441 667 1484 famae
702 1441 900 1497 possibili,
927 1441 968 1499 b)
994 1441 1145 1485 aliisve
1177 1443 1374 1499 eonqrnis
1405 1443 1550 1500 poenis
1586 1444 1715 1485 vindi-

83 1511 231 1554 cativis
262 1508 326 1553 vel
356 1511 631 1568 poenitentiis
664 1512 714 1555 ad
750 1524 937 1555 normam
972 1511 1047 1555 Tit.
1072 1511 1123 1555 ΙΧ
1148 1518 1187 1556 01
1225 1512 1258 1555 X
1277 1526 1367 1569 cap.
1388 1513 1433 1566 11,
1454 1512 1539 1556 Lib.
1569 1511 1596 1554 V
1621 1527 1713 1556 cum

83 1579 160 1624 hoc
193 1580 348 1637 duplici
385 1587 573 1638 respectu
595 1596 673 1639 pro
704 1582 921 1639 yravitate
953 1583 1102 1640 culpae
1134 1589 1172 1626 et
1205 1583 1400 1626 scandali
1430 1584 1715 1641 reparatione,

80 1651 300 1708 puniatur.
339 1653 469 1696 l’oena
505 1655 647 1710 utique
682 1654 1001 1697 indeterminata
1025 1654 1095 1697 sed
1123 1657 1401 1711 praeceptivis
1436 1654 1572 1698 verbis
1605 1668 1714 1697 coni-

84 1724 250 1767 minata.
284 1722 401 1779 (Can.
437 1723 565 1778 2217,
598 1725 623 1777 ἓ
660 1724 694 1777 1,
730 1724 773 1766 10
807 1729 845 1768 01
880 1737 970 1769 can.
1007 1725 1136 1779 2223,
1167 1726 1195 1783 g
1229 1725 1306 1782 3⁰).

127 1851 212 1886 um.
230 1849 335 1886 2345.
359 1872 375 1877 -
399 1851 612 1897 Usurpantes
633 1852 684 1887 vel
702 1852 859 1888 detinen-

80 1902 130 1933 tes
156 1909 218 1944 per
243 1909 278 1934 se
306 1899 356 1934 vel
387 1910 445 1945 per
470 1901 556 1934 alios
584 1900 674 1935 bona
699 1905 759 1935 aut
786 1900 861 1935 iura

79 1945 120 1980 ad
139 1944 324 1981 Ecclesiam
343 1945 534 1982 Romanam
553 1947 772 1993 pertinentia.
785 1947 863 1982 sub-

79 1992 215 2028 iaceant
239 1994 592 2029 excommunicationi
614 1994 703 2029 latae
724 2000 859 2030 senten-

78 2040 145 2075 tiae
171 2041 312 2087 speciali
342 2042 442 2076 modo
468 2040 546 2077 Sedi
569 2042 787 2088 Apostolicae
812 2053 858 2078 re-

77 2092 251 2129 servatam
278 2093 312 2124 et
329 2088 356 2122 si
377 2088 492 2124 clerici
521 2089 661 2132 tuerint⁷
685 2094 860 2135 praeterea

77 2134 322 2177 dignitatibus,
352 2136 543 2177 beneficiis,
571 2136 705 2177 officiis,
727 2137 859 2183 pensio-

78 2182 183 2217 nibus
211 2183 391 2229 priventur
416 2188 520 2230 atque
547 2183 720 2219 inhabiles
738 2184 780 2219 ad
808 2195 859 2220 ea-

77 2229 156 2270 dem
183 2230 416 2266 declarentur.

125 2275 210 2312 CAN.
239 2277 343 2313 2346.
368 2299 385 2304 -
413 2277 448 2313 Si
476 2280 554 2324 quis
581 2278 670 2313 bona
697 2278 858 2314 ecclesia-

74 2323 161 2359 stica
198 2325 384 2361 cuiuslibet
420 2325 569 2371 generis,
606 2325 678 2361 sive
716 2325 859 2361 mobilia

75 2371 149 2407 sive
173 2372 466 2413 immobilia‚sive
491 2373 684 2419 corporalia
709 2373 780 2408 sive
809 2373 860 2408 in-

75 2419 278 2471 corporalia,
297 2431 358 2466 per
382 2431 418 2455 se
445 2421 495 2456 vel
525 2431 583 2466 per
607 2420 695 2456 alios
722 2420 758 2455 in
787 2432 859 2466 pro-

77 2476 168 2511 prios
195 2478 278 2502 usus
303 2472 504 2503 convertere
521 2472 554 2503 et
573 2478 741 2514 usurpare
761 2478 857 2513 prae-

74 2513 263 2560 sumpserit
300 2519 360 2550 aut
396 2515 566 2561 impedire
598 2526 640 2550 ne
665 2515 856 2550 eorundem

77 2559 210 2596 fructus
236 2572 295 2596 seu
323 2562 454 2597 reditus
471 2562 515 2598 ab
535 2562 588 2603 iis,
606 2562 648 2597 ad
669 2573 756 2608 quos
784 2562 857 2598 iure

75 2608 264 2653 pertinent,
294 2609 544 2654 percipiantur,
576 2609 856 2645 excommunica-

73 2655 159 2690 tioni
187 2655 311 2691 tandiu
349 2656 540 2699 subiaceat,
568 2657 725 2703 quandiu
766 2657 856 2692 bona

74 2701 150 2748 ipsa
175 2702 310 2747 integre
335 2704 536 2745 restituerit,
552 2704 767 2750 praedictum
796 2704 856 2739 im-

75 2749 315 2795 pedimentum
330 2751 526 2792 removerit,
539 2761 580 2786 ac
593 2751 720 2787 deinde
733 2762 754 2786 a
769 2749 856 2787 Sede

73 2797 270 2843 Apostolica
301 2797 555 2834 absolutionem
593 2799 850 2845 impetraverit;

73 2844 164 2889 quod
189 2845 218 2879 si
244 2845 398 2881 eiusdem
421 2845 586 2882 ecclesiae
603 2857 664 2881 seu
682 2845 852 2881 bonorum

72 2896 241 2937 patronus
269 2892 384 2934 fuerit,
412 2893 516 2928 etiam
545 2893 618 2929 iure
650 2897 854 2939 patronatus

71 2948 112 2973 eo
129 2938 205 2985 ipso
227 2940 381 2986 privatus
405 2941 568 2982 exsistam
594 2940 740 2976 clericus
759 2951 851 2981 vero,

934 1854 997 1888 hoc
1024 1853 1187 1889 delictum
1216 1854 1437 1889 committens
1457 1853 1508 1889 vel
1533 1854 1566 1888 in
1594 1854 1712 1889 eodem

934 1901 1173 1941 consentiens,
1201 1901 1352 1946 privetur
1380 1905 1553 1947 praeterea
1585 1900 1712 1936 benefi—

933 1948 995 1982 ciis
1022 1948 1301 1994 ‹piit›ustibet,ad
1321 1948 1389 1983 alia
1415 1948 1587 1994 quaelibet
1616 1948 1711 1983 inba-

934 1995 1012 2030 bilis
1029 1996 1197 2031 elliciatur
1214 2001 1246 2031 et
1263 2007 1284 2030 a
1303 2007 1443 2030 suorum
1472 1995 1634 2030 ordinum
1655 2006 1710 2030 ex-

932 2043 1120 2083 secutione,
1145 2043 1249 2078 etiam
1280 2047 1353 2089 post
1380 2043 1549 2087 integram
1577 2042 1712 2077 satista-

932 2090 1083 2126 ctionem
1109 2094 1143 2126 et
1167 2089 1436 2130 absolutionem,
1457 2090 1508 2125 sui
1530 2089 1708 2125 Ordinarii

931 2137 1076 2173 arbitrio
1101 2138 1347 2182 suspendatur.

981 2184 1064 2220 CAN.
1094 2182 1198 2219 2347.
1230 2206 1246 2210 -
1278 2184 1391 2219 l³=rma
1423 2183 1583 2219 nullitate
1614 2188 1712 2218 actus

931 2236 964 2268 et
990 2232 1334 2277 obligatione,etiam
1365 2242 1422 2278 per
1448 2242 1631 2266 censuram
1660 2242 1711 2265 ur-

931 2280 1056 2324 genda,
1086 2280 1288 2315 restituendi
1331 2279 1421 2314 bona
1451 2278 1630 2322 illegitime
1656 2289 1710 2312 ac-

931 2327 1060 2373 quisita
1078 2338 1116 2362 ac
1136 2326 1320 2373 reparandi
1340 2327 1469 2361 damna
1490 2327 1572 2360 torte
1600 2325 1706 2361 illata.

931 2374 989 2420 qui
1027 2374 1117 2409 bona
1153 2374 1386 2410 ecclesiastica
1423 2373 1576 2408 alienare
1616 2383 1711 2417 prae-

931 2421 1118 2467 sumpserit
1143 2422 1255 2457 autin
1279 2421 1318 2455 iis
1344 2420 1541 2456 alienandis
1568 2430 1709 2454 consen-

930 2480 1007 2504 sum
1037 2469 1198 2515 praebere
1236 2473 1355 2503 contra
1391 2467 1599 2513 praescripta
1626 2478 1703 2501 can.

931 2514 1012 2558 534,
1040 2519 1059 2559 ᾗ·
1090 2516 1119 2558 1,
1148 2521 1180 2552 et
1206 2526 1283 2551 can.
1316 2514 1422 2550 1532:

1027 2563 1062 2597 10
1091 2561 1124 2598 Si
1152 2568 1275 2608 agatur
1300 2563 1342 2597 de
1369 2573 1403 2597 re
1429 2561 1527 2596 cuius
1559 2561 1705 2605 pretium

931 2621 998 2645 non
1019 2610 1151 2645 excedit
1171 2610 1265 2645 mille
1285 2609 1426 2648 libellas
1447 2608 1609 2650 congruis
1630 2618 1703 2652 poc-

929 2658 984 2692 nis
998 2669 1018 2693 a
1034 2658 1186 2702 legitimo
1201 2657 1383 2703 superiore
1401 2654 1631 2690 ecclesiastico
1652 2666 1707 2699 pn-

932 2705 1070 2745 niatur;
1635 2747 1640 2752 ,

1023 2751 1061 2786 '2⁰
1088 2750 1122 2785 Si
1150 2755 1273 2796 agatur
1298 2751 1340 2785 de
1366 2760 1401 2784 re
1427 2749 1524 2784 cuius
1556 2752 1704 2793 pretium

927 2798 971 2832 sit
989 2809 1095 2844 supra
1115 2798 1221 2839 mille,
1244 2798 1303 2833 sed
1325 2797 1414 2831 intra
1435 2796 1574 2846 triginta
1597 2794 1705 2829 millia

927 2845 1137 2881 libellarum.
1170 2845 1320 2890 privetur
1348 2849 1512 2889 patronus
1549 2852 1620 2875 1010
1648 2853 1705 2886 pa-

926 2897 1103 2933 tronatus;
1130 2892 1404 2930 administrator,
1424 2899 1566 2923 munere
1592 2888 1702 2922 admi-

927 2939 1144 2982 nistratoris;
1174 2938 1337 2984 Superior
1357 2937 1405 2972 vel
1425 2946 1632 2971 oeconomus
1651 2946 1702 2970 10-
