1950 3313
194 162 261 196 164
699 158 784 191 ΜΒ.
812 157 844 191 Ι.
876 176 887 184 -
912 158 1082 192 Normae
1103 159 1299 202 yeizerates

306 278 579 332 Facultatum,
615 289 722 334 quae
756 278 795 318 in
831 276 874 328 ξύ
905 276 952 318 1³
983 280 1078 319 sunt
1111 276 1362 332 declaratae,
1395 277 1709 333 amplitudinem
1743 280 1814 321 im-

188 349 368 406 plicitam
394 351 452 391 sic
477 347 712 405 (16661111ῑὲ
736 346 774 390 3.
808 345 1009 389 Concessa
1042 345 1229 403 facultas
1261 346 1485 404 seeumsert
1517 347 1569 391 ob
1601 348 1809 392 efficacem

186 419 452 463 concedentis
478 418 731 461 voluntatem
766 417 832 460 hic
867 416 1120 460 declaratam
1145 416 1257 460 alias
1292 431 1452 475 qaoque
1478 423 1710 476 potestates
1731 432 1812 462 non

186 502 402 545 expressas
426 489 508 532 ullo
532 489 668 543 modo,
698 488 768 531 sed
804 501 910 544 qaae
941 487 998 530 ad
1031 486 1152 530 illias
1186 501 1409 532 concessae
1438 491 1552 532 iuxta
1575 489 1813 532 documenti

185 566 369 603 tenorem
406 573 521 602 asam
562 559 744 602 validum
788 570 835 601 ac
878 558 1034 601 licitum
1077 563 1175 600 sant
1212 559 1479 601 necessariae
1515 558 1567 603 ob
1608 559 1813 603 facultatis

185 636 387 678 naturam,
427 644 505 673 non
542 635 707 686 propter
739 629 940 686 speciales
973 641 1092 672 casus
1125 631 1457 673 circumstantias
1488 643 1582 674 cum
1608 630 1813 674 facultatis

186 702 331 745 effectu
368 715 446 744 non
480 713 706 751 connexas;
742 714 873 757 quare
905 700 946 742 in
981 699 1191 757 facultate
1227 699 1507 758 dispensandi
1549 713 1812 759 quacumque

185 772 420 815 includitur
451 772 575 814 etiam
613 776 657 814 ut
691 783 886 814 concessa
918 776 1109 828 potestas
1142 770 1383 814 absolvendi
1405 786 1428 814 a
1449 772 1597 829 poenis
1619 771 1813 815 ecclesia-

185 843 316 893 sticis,
344 856 491 899 nempe
526 844 711 885 censuris
746 844 983 895 reservatis,
1007 842 1044 884 si
1068 855 1174 899 qaae
1200 841 1359 885 obstent
1397 845 1586 899 cognitae
1609 847 1722 886 certo
1746 842 1811 886 vel

186 916 433 970 incognitae,
467 913 539 955 sed
562 912 617 956 ad
627 912 828 970 affectam
855 912 1080 955 danitairat
1106 915 1217 956 iuxta
1251 925 1375 969 supra
1408 915 1580 969 positam
1618 915 1813 970 interpre-

186 986 380 1027 tationem
416 982 753 1041 dispensationis
786 982 1114 1040 conseqaendae,
1148 995 1322 1026 censura
1357 983 1529 1040 proinde
1552 984 1684 1041 quoad
1711 983 1812 1027 alios

186 1055 356 1098 effectus
390 1059 670 1110 permanente.
704 1053 810 1098 Hinc
844 1067 918 1110 pro
943 1056 1059 1110 praxi
1087 1053 1196 1097 valet
1221 1056 1467 1110 rescriptum
1492 1054 1530 1097 S.
1556 1054 1710 1099 Poenit.
1734 1054 1808 1111 Ap.

185 1138 361 1182 sequens
387 1126 422 1167 1:
464 1125 650 1169 «Utrum
687 1138 783 1168 casu
818 1137 900 1182 quo
934 1124 1089 1168 nullam
1134 1125 1352 1181 praevidet
1389 1122 1638 1169 Ordinarius
1669 1138 1809 1168 censu-

187 1209 272 1239 ram
307 1196 358 1239 ab
392 1196 624 1239 oratoribus
657 1197 780 1239 tuisse
813 1201 1082 1250 contractam,
1109 1195 1231 1239 debet
1258 1195 1527 1239 nihilominus
1548 1193 1809 1251 Ordinarins,

185 1269 253 1324 qui
289 1267 639 1323 dispensationem
666 1266 1013 1310 matrimonialem
1042 1268 1078 1308 vi
1104 1265 1279 1310 alicuius
1302 1266 1448 1309 indulti
1473 1266 1676 1318 concedit,
1699 1265 1810 1309 clau-

185 1337 316 1381 sulam
350 1337 618 1381 absolutionis
650 1338 699 1381 ad
737 1337 942 1381 cautelam
977 1339 1256 1393 praemittere,
1288 1350 1413 1395 qnam
1447 1337 1571 1381 Sacra
1595 1336 1808 1380 Poeniten-

188 1411 303 1452 tiaria
337 1414 375 1452 et
409 1408 641 1465 Apostolica
678 1408 844 1452 Dataria
883 1410 1147 1464 praemittere
1180 1413 1502 1451 consueverunt.
1526 1431 1581 1438 —
1614 1407 1660 1451 R.
1684 1407 1807 1451 Abso-

187 1479 285 1522 lutio
333 1493 353 1522 a
402 1482 598 1525 censuris,
647 1482 686 1522 in
736 1492 832 1522 casu
878 1479 929 1522 de
970 1492 1052 1536 quo
1109 1481 1259 1535 agitur,
1311 1478 1572 1522 laudabiliter
1621 1481 1810 1534 praemit-

187 1551 345 1592 titur».
381 1550 428 1593 Et
460 1551 628 1607 quidem
663 1564 734 1607 pro
770 1551 857 1593 foro
892 1553 929 1592 in
965 1563 1045 1607 quo
1079 1550 1329 1606 dispensatio
1368 1549 1580 1605 elargitur.

308 1620 402 1663 135.
437 1622 816 1677 Privilegiorum
850 1622 1137 1667 doctrinalis
1163 1622 1504 1677 interpretatio
1529 1619 1714 1663 facienda
1748 1624 1808 1662 est

186 1690 235 1732 ad
271 1703 456 1734 normam
482 1706 571 1734 61111.
595 1694 670 1735 67.
698 1690 968 1748 Pririleqiam
995 1690 1208 1748 quodlibet
1231 1693 1306 1734 etsi
1330 1695 1494 1747 praeter
1518 1693 1579 1734 ius
1601 1704 1652 1733 ezr
1674 1689 1807 1747 ipsias

185 1760 419 1805 documenti
451 1765 727 1806 concessionis
762 1768 903 1805 tenore
934 1776 1005 1805 seu
1044 1761 1181 1805 verbis
1213 1774 1261 1805 ac
1287 1761 1483 1805 clausulis
1516 1764 1555 1804 in
1588 1760 1808 1817 complexu

185 1843 326 1874 earnm
361 1832 666 1875 aestimandam
702 1837 775 1883 est,
800 1846 847 1875 eo
870 1832 979 1890 quod
1020 1832 1127 1877 dans
1156 1831 1254 1875 illud
1287 1833 1345 1875 sic
1394 1832 1535 1888 pandit
1571 1844 1689 1874 suam
1713 1830 1808 1874 libe-

186 1901 405 1957 ralitatem,
439 1917 512 1945 nee
548 1904 719 1958 proinde
752 1906 839 1946 sine
874 1905 1000 1959 ipsius
1037 1903 1248 1946 voluntate
1282 1902 1379 1945 lieet
1407 1901 1529 1956 illuct,
1551 1915 1722 1958 nempe:
1747 1903 1810 1945 ius

187 1986 237 2015 ex
273 1973 490 2029 privilegio
524 1974 806 2017 doctrinaliter
844 1978 913 2017 aut
947 1976 985 2016 in
1025 1976 1140 2030 praxi
1191 1973 1231 2030 a)
1266 1973 1490 2016 extendere
1520 1973 1571 2016 ad
1606 1986 1683 2026 res,
1718 1985 1808 2029 per*

186 2056 318 2098 561135,
353 2056 484 2098 635115,
521 2044 669 2096 16611111,
705 2045 810 2088 ultra
856 2044 1006 2088 limites
1049 2044 1256 2101 privilegii
1299 2057 1529 2100 expressos,
1564 2043 1604 2099 b)
1637 2049 1710 2086 aa!
1742 2057 1806 2086 re-

185 2115 395 2171 strinqere
427 2115 640 2159 limitando
663 2118 974 2159 concessionem
998 2115 1049 2159 ab
1072 2116 1299 2172 elargiente
1332 2115 1705 2159 indeterminatam.
1733 2117 1807 2158 Hic

185 2197 316 2227 canon
360 2186 603 2240 desumptus
645 2192 813 2242 apparet
854 2200 903 2229 ex
945 2198 1035 2242 cap.
1070 2186 1093 2228 7
1135 2186 1229 2229 «de
1264 2185 1578 2242 privilegiis...»
1618 2183 1682 2242 (V,
1719 2184 1805 2241 33),

189 2255 255 2298 ubi
289 2257 346 2298 sic
382 2255 570 2299 rescribit
603 2256 721 2299 Alex.
756 2256 805 2299 111
847 2256 1090 2300 Ambianen.
1129 2255 1354 2312 Episcopo:
1395 2260 1568 2298 «totum
1592 2268 1641 2298 ex
1678 2257 1808 2311 inspe-

185 2328 321 2369 ctione
356 2326 669 2382 privilegiorum
704 2340 872 2370 suorum
907 2326 1067 2383 plenius
1099 2327 1319 2370 advertere
1353 2331 1486 2383 potes:
1516 2331 1555 2369 et
1577 2326 1804 2369 secundum

186 2397 293 2450 (111011
331 2399 552 2444 inveneris,
588 2400 640 2439 ita
675 2397 885 2441 observes.
919 2399 985 2442 Sic
1029 2400 1137 2441 enim
1181 2411 1250 2440 eos
1289 2397 1561 2454 (Templarios
1593 2401 1631 2440 et
1666 2396 1806 2452 Hospi-

185 2466 368 2523 talarios)
392 2466 581 2509 volumus
601 2467 913 2523 privilegiorum
932 2481 1101 2510 suorum
1125 2480 1295 2512 servare
1314 2473 1515 2522 tenorem„
1534 2467 1641 2525 quod
1662 2479 1803 2510 eorum

188 2542 315 2580 metas
360 2538 589 2593 transgredi
625 2541 793 2581 minime
829 2540 1111 2582 videantur».
1146 2539 1296 2583 Contra
1340 2551 1528 2582 normam
1572 2537 1807 2581 huiusmodi

186 2621 264 2650 non
299 2610 383 2664 agit
416 2612 534 2651 utens
568 2608 787 2663 privilegio
814 2609 877 2652 vel
905 2602 1188 2666 interpretans
1212 2610 1320 2653 idem
1356 2612 1469 2653 iuxta
1503 2615 1605 2665 reg.S
1628 2611 1729 2651 iuris
1750 2621 1808 2651 se·
1866 2614 1899 2664 ζ’

186 2683 359 2735 1111611165
383 2680 420 2720 111
447 2680 505 2722 60.
532 2704 583 2709 -
616 2694 635 2719 «
660 2679 726 2721 35.
751 2679 846 2722 Plus
869 2693 1034 2736 semper
1058 2682 1096 2722 in
1121 2694 1164 2723 se
1187 2683 1369 2723 continet
1392 2680 1501 2738 quod
1535 2683 1595 2723 est
1628 2681 1801 2722 minus»
1861 2667 1863 2671 ’

186 2749 413 2792 secundum
449 2763 499 2793 55.
536 2762 715 2793 canones
746 2755 785 2793 et
819 2752 856 2792 in
893 2750 1036 2793 eadem
1072 2754 1210 2807 specie
1234 2751 1421 2794 iuridica.
1445 2777 1503 2780 —
1531 2766 1549 2790 ‹<
1569 2750 1638 2793 42.
1661 2750 1808 2793 Acces-

304 2904 314 2923 1
342 2904 362 2934 2
389 2902 463 2936 Iul.
496 2902 597 2936 1891.
628 2902 789 2936 Collect.
821 2903 857 2937 S.
888 2903 1030 2948 Congr.
1058 2903 1103 2936 de
1131 2903 1172 2936 P.
1204 2903 1243 2938 F.
1271 2915 1310 2937 11.
1343 2904 1444 2938 1759.

1907 3015 1935 3076 ἐάᾳ-,-
1911 2919 1946 3005 0⁵55.
1918 2868 1935 2907 ›²2-
1912 2839 1926 2843 s
