1950 3313
185 130 230 164 48
708 128 710 131 “
861 129 1137 165 INTRODUCTIO

185 254 398 292 externum
424 262 506 305 quo
531 248 673 291 tideles
706 247 757 292 ab
792 248 1028 292 infidelibus
1050 254 1410 305 secernuntur‚,ac
1435 250 1580 294 melius
1613 255 1809 309 tanquam

182 322 390 363 succincta
427 321 613 362 recensio
646 319 695 362 ad
734 319 900 362 modum
948 320 1212 376 professionis
1245 320 1407 364 illarum
1445 323 1681 377 veritatum,
1714 334 1808 366 nam

187 406 203 431 a
226 390 275 433 ab
310 390 548 433 huiusmodi
590 392 889 433 sententiarum
929 390 1026 434 fidei
1071 390 1312 435 collectione
1345 405 1494 435 nomen
1528 392 1706 449 symboli
1749 397 1809 436 est

180 466 440 517 acceptum»
480 463 535 504 ait
569 460 614 503 D.
649 460 841 504 Thomas.
868 462 879 483 1

298 534 526 578 Formula
550 533 709 578 Diana
734 537 899 588 propter
923 537 1134 576 auctorem
1155 545 1177 576 3
1198 532 1443 577 Doctoribus
1465 539 1648 590 vocatur,
1669 547 1807 592 quam,

179 618 250 660 pro
287 616 399 646 more
423 603 755 646 authenticarum
780 602 1072 647 collectionum
1097 603 1149 648 ab
1178 606 1292 647 initio
1316 608 1555 661 ponentium
1581 605 1673 648 Titm
1712 605 1807 649 «De

178 675 325 718 Sancta
349 674 547 718 Trinitate
570 679 608 717 et
634 674 714 717 tide
738 674 940 718 catholica
960 690 998 727 )›,
1025 678 1298 732 opportunius
1327 678 1629 732 praemiserunt
1648 677 1808 720 Summi

181 746 398 789 Pontifices
430 744 569 789 Codici
610 745 712 788 luris
746 748 949 800 canonici,
982 748 1041 790 sic
1075 748 1295 790 innuentes
1329 746 1438 790 illius
1475 749 1555 790 vim
1590 747 1712 791 altius
1746 762 1809 792 re-

180 817 399 873 petendam
445 829 569 873 quam
604 830 653 859 ex
687 816 866 860 humana
903 821 1115 872 potestate,
1150 822 1273 875 atque
1308 817 1418 860 illam
1460 820 1672 874 praeviam
1718 832 1806 863 esse

181 889 367 943 potestati
412 887 669 943 legislativae
713 889 750 929 in
797 886 980 931 Ecclesia
1015 888 1287 931 exercendae.
1322 887 1482 931 Etenim
1529 888 1594 931 illa
1630 889 1806 933 formula

179 960 357 1002 continet
395 958 696 1002 immutabilem
733 961 860 1014 ipsius
891 960 1100 1002 societatis
1131 958 1437 1002 ecclesiasticae
1470 961 1802 1003 constitutionem

180 1032 216 1072 in
252 1035 427 1085 utraque
472 1028 732 1072 hierarchiae
783 1031 941 1071 ratione
983 1042 1031 1072 ac
1076 1030 1113 1071 in
1158 1028 1331 1072 Romani
1368 1028 1575 1072 Pontiticis
1610 1031 1805 1085 primatu,

179 1100 311 1143 media
349 1102 475 1156 ipsius
511 1102 689 1156 propria,
715 1113 886 1156 nempe:
906 1104 1163 1143 sacramenta
1189 1113 1284 1143 cum
1309 1099 1587 1156 indulgentiis,
1614 1100 1805 1143 divinum

176 1171 346 1214 cultum.
373 1170 584 1214 infallibile
620 1173 919 1227 ntagisterium,
943 1176 1067 1228 atque
1112 1172 1235 1213 linem
1280 1170 1637 1227 supernaturalem
1678 1172 1805 1227 ipsius

175 1241 406 1293 Ecclesiae,
441 1255 548 1299 quae
571 1241 691 1284 simul
717 1254 812 1284 cum
837 1243 1070 1284 testimonio
1095 1242 1313 1285 Sacrarum
1340 1242 1646 1297 Scripturarum
1673 1254 1720 1284 ac
1743 1241 1803 1285 (Ιί-

178 1315 367 1355 vinarum
405 1312 685 1367 traditionum,
720 1311 925 1368 complete
958 1314 1150 1369 quamvis
1194 1312 1444 1368 generaliter
1478 1311 1640 1368 plenam
1676 1314 1803 1368 ipsius

177 1385 275 1426 iuris
309 1383 439 1425 ‹lix-ini
474 1385 758 1426 oeconomiam
795 1384 1031 1438 praesefert.

294 1454 359 1498 43.
386 1456 544 1500 Editio
578 1456 722 1500 huius
754 1455 1009 1499 formulae.
1036 1480 1082 1484 —
1111 1453 1291 1509 Singulis
1315 1453 1565 1496 authenticis
1593 1453 1800 1496 collectio-

176 1525 295 1573 nibus
339 1525 538 1568 formulae
593 1526 856 1581 professionis
914 1525 1008 1568 fidei
1057 1524 1257 1581 speciales
1302 1526 1580 1580 praeinsertae
1624 1528 1718 1567 sunt
1761 1526 1799 1566 in

173 1595 366 1640 Conciliis
400 1596 544 1638 ultimo
577 1596 737 1642 editae:
777 1595 958 1639 scilicet:
994 1608 1082 1652 cap.
1128 1595 1397 1638 «Firmiter»
1439 1595 1456 1637 1
1501 1610 1519 1635 ((
1541 1594 1597 1638 De
1630 1596 1800 1639 Summa

174 1667 370 1710 Trinitate
403 1672 442 1710 et
476 1667 573 1710 Fide
606 1666 809 1715 catholica
829 1682 848 1707 ³>
879 1666 925 1724 (l,
954 1666 994 1723 1)
1019 1680 1066 1710 ex
1092 1665 1214 1710 Conc.
1240 1665 1431 1709 Generali
1467 1665 1543 1709 sub
1568 1665 1703 1710 innoc.
1731 1665 1795 1718 Ill,

174 1752 261 1795 cap.
303 1755 320 1779 α
343 1738 468 1781 Fideli
492 1756 509 1776 »
551 1739 567 1780 1
607 1738 696 1802 eod.
723 1740 781 1781 tit.
808 1740 845 1780 in
882 1740 925 1780 6⁰
960 1751 1008 1780 ex
1044 1736 1166 1781 Conc.
1205 1737 1388 1794 Lugdun.
1426 1737 1457 1779 ll
1491 1736 1568 1780 sub
1600 1735 1723 1793 Greg.
1749 1736 1797 1790 X,

173 1815 212 1853 et
244 1822 332 1865 031),
372 1826 390 1848 α
414 1809 524 1852 Fidei
550 1808 817 1852 catholicae»
863 1809 876 1851 1
917 1809 1009 1852 eod.
1045 1811 1102 1851 tit.
1130 1810 1167 1851 in
1198 1807 1325 1852 Clem.
1350 1821 1399 1851 ex
1424 1807 1547 1852 Conc.
1577 1806 1798 1851 Viennensi

170 1879 246 1923 sub
279 1879 489 1923 Clemente
526 1878 570 1921 V.
597 1879 750 1922 Eodem
787 1879 908 1921 modo
947 1894 967 1919 ((
989 1879 1187 1922 l'rotessio
1223 1879 1318 1921 tidei
1351 1878 1616 1921 catholicae»
1655 1876 1795 1922 Codici

170 1950 274 1993 luris
308 1952 502 1993 (janonici
539 1952 720 2006 praelixa
757 1951 830 1993 fuit
864 1950 972 1993 edita
1007 1963 1027 1993 a
1063 1950 1131 1992 Pio
1156 1948 1203 1992 lv
1248 1952 1438 1993 inconst.
1479 1948 1791 1992 «iniunctum»

172 2026 211 2064 et
240 2037 257 2061 ((
280 2021 320 2063 ln
346 2026 646 2064 sacrosancta»
672 2022 699 2075 2,
725 2023 793 2078 qui
825 2036 844 2060 α
863 2020 911 2063 ad
939 2020 1028 2071 boc,
1055 2025 1097 2063 ut
1123 2022 1241 2063 unius
1265 2020 1451 2063 eiusdem
1478 2019 1574 2062 fidei
1601 2020 1798 2075 professio

172 2093 432 2134 uniformiter
464 2091 514 2134 ab
549 2091 741 2134 omnibus
779 2091 1038 2145 exhibeatur,
1074 2093 1278 2148 unicaque
1307 2095 1345 2133 et
1379 2095 1489 2133 certa
1524 2089 1633 2132 illius
1666 2090 1796 2132 forma

171 2165 330 2205 cunctis
364 2164 604 2216 innotescat,
629 2167 666 2205 et
702 2161 856 2218 ubique
888 2164 1087 2218 gentium,
1114 2175 1188 2217 per
1211 2174 1291 2214 eos,
1317 2161 1366 2204 ad
1402 2174 1504 2218 quos
1537 2174 1585 2203 cx
1621 2160 1797 2203 decretis

171 2235 297 2289 ipsius
321 2232 490 2275 (loncilii
515 2238 673 2289 spectat
707 2234 833 2289 recipi
867 2238 907 2276 et
940 2232 1167 2283 observari,
1203 2234 1314 2275 iuxta
1350 2231 1454 2274 hanc
1488 2235 1526 2274 et
1560 2244 1638 2273 non
1673 2230 1795 2274 aliam

168 2305 355 2356 fornmm,
391 2305 689 2359 professionem
724 2303 979 2359 praedictam
1013 2302 1253 2346 solemniter
1277 2293 1389 2357 lieri,
1413 2302 1599 2344 districte
1634 2313 1797 2358 praece-

167 2377 223 2431 pit
242 2390 279 2418 ».
318 2376 420 2417 Huic
453 2374 686 2417 additiones
710 2376 991 2430 praescriptae
1014 2379 1107 2417 sunt
1131 2374 1219 2416 fieri
1258 2386 1330 2429 per
1352 2372 1448 2416 Dec.
1490 2372 1647 2427 «Quod
1673 2385 1693 2415 a
1719 2374 1796 2428 pri-

163 2447 277 2487 scis»
319 2444 355 2487 S.
391 2443 540 2500 Congr.
576 2443 699 2487 Conc.
721 2445 733 2466 ³
768 2457 787 2487 a
825 2444 893 2487 Pio
926 2443 994 2497 IX,
1034 2449 1117 2486 «ut
1151 2446 1188 2486 in
1224 2444 1319 2486 fidei
1354 2444 1606 2499 professione
1630 2443 1795 2498 dogma-

164 2517 253 2558 ticis
285 2528 450 2572 quoque
488 2513 669 2558 Vaticani
705 2514 874 2558 Concilii
908 2513 1233 2568 definitionibus,
1258 2518 1376 2570 prout
1411 2513 1550 2567 corde,
1576 2515 1628 2556 ita
1663 2518 1699 2555 et
1725 2526 1794 2556 ore

164 2585 331 2641 publica
364 2585 645 2642 solemnisque
680 2586 765 2627 lieri
802 2585 973 2629 deberet
1006 2585 1258 2628 adhaesio».

283 2656 349 2699 44.
384 2658 456 2701 An
490 2658 618 2701 aliae
642 2670 837 2713 quoque
861 2659 1063 2712 vigeant
1094 2657 1394 2712 obligatorio
1428 2669 1532 2708 usu,
1566 2658 1614 2700 et
1647 2668 1794 2711 quae-

165 2741 276 2772 nam
310 2729 421 2772 sint.
459 2753 509 2756 —
546 2726 677 2769 Huius
711 2728 978 2782 professionis
1012 2728 1312 2783 praescriptum
1350 2739 1428 2769 non
1464 2725 1530 2769 bic
1555 2727 1792 2781 imponitur,

288 2882 297 2901 1
327 2880 421 2913 11-11
447 2892 481 2924 q.
504 2879 519 2912 Ι
540 2892 572 2915 a.
596 2882 628 2923 ἓ),
652 2892 681 2913 c.
707 2901 746 2906 —
767 2880 839 2913 213
858 2880 956 2914 Nov.
981 2881 1070 2914 1564
1087 2900 1127 2905 —
1147 2882 1160 2901 ³
1178 2881 1223 2912 20
1244 2880 1327 2913 Ian.
1348 2878 1450 2922 1877,
1474 2880 1518 2914 A.
1537 2878 1574 2912 S.
1600 2877 1636 2911 S.
1659 2876 1708 2920 X,
1731 2877 1789 2910 71.
