1950 3313
91 170 182 207 Can.
210 170 413 206 2346-2347
488 171 572 204 ΤιΤ.
602 171 653 206 X.
682 193 694 197 -
724 173 777 207 De
804 177 981 210 remediis
1004 178 1234 220 poenalibus
1260 181 1325 212 ete.
1652 183 1717 214 lea

92 294 322 349 reprimunt
340 294 380 334 et
400 290 602 334 medelam
623 292 841 336 afferunt...
875 293 936 336 tv.
959 294 1113 341 Mediis.
1132 310 1237 353 quaie
1261 304 1539 353 praesen-rant,
1563 302 1716 355 praevi-

94 376 172 420 pue
195 365 467 406 accensentur
484 362 711 418 spiritualia
738 366 948 409 exercitia,
976 369 1218 409 monitiones
1241 373 1276 410 et
1299 375 1513 424 praerepta
1536 388 1572 413 ».
1617 370 1714 411 (Vm.

95 447 194 478 vero
212 434 339 476 2306
373 431 533 489 plenius
556 431 725 475 exhibet
751 434 898 487 media,
933 435 1096 480 diceus:
1134 436 1328 479 Remedia
1361 439 1557 495 poenalia
1576 442 1714 483 stricta

93 505 374 560 inscriptionis
391 504 695 558 significatione
716 510 812 546 sunl
837 508 1039 549 taxatixe:
1074 510 1109 548 ‘1¹1‘
1136 506 1326 561 Jhmitio,
1350 523 1454 565 quae
1476 510 1580 552 idem
1601 516 1714 552 sonat

93 587 142 618 ac
174 573 484 618 animadversio
527 572 650 616 alicui
699 575 802 616 sacta
837 574 887 617 de
921 577 1079 618 actione
1124 579 1249 631 ipsius
1281 590 1358 620 non
1396 579 1625 622 laudanda:
1662 605 1715 609 —

93 646 142 688 2⁰
181 643 413 702 Correptio,
448 656 554 701 quae
595 643 959 701 reprehensionem
1008 648 1197 702 importat
1243 649 1292 689 de
1335 651 1496 691 actione
1538 652 1713 705 correpti

93 716 191 760 huic
224 715 457 768 directaru3
503 740 562 746 —
592 715 641 757 3⁰
681 713 950 772 Praeceptum
998 718 1034 757 vi
1080 718 1371 761 iurisdictionis
1414 719 1715 762 ecclesiasticae

95 787 350 846 impositum,
368 787 434 830 cui
454 785 683 842 parendum
704 790 764 828 est
782 787 903 828 etiam
926 787 963 828 in
984 789 1231 830 conscientia
1249 805 1255 830 :
1274 790 1383 830 iuxta
1405 789 1500 831 illud
1520 788 1562 833 l).
1581 790 1712 832 l'auli:

97 853 318 901 «Obedite
352 856 598 912 praepositis
650 857 797 898 vestris
830 860 868 898 et
900 854 1110 899 subiacete
1144 858 1214 910 eis,
1251 859 1323 912 ipsi
1359 860 1464 900 enim
1502 859 1713 914 invigilant

94 940 167 984 pro
200 925 419 970 animabus
455 927 602 969 vestris
637 927 837 969 rationem
874 926 1113 970 reddituri»
1140 927 1175 979 ¹3
1212 953 1263 958 —
1300 931 1345 969 -10
1395 928 1714 984 lijqilnnlinsiu-

89 998 260 1055 gularis,
293 999 359 1041 cui
393 1009 416 1040 a
449 997 672 1053 Superiore
704 996 922 1040 subiicitur
956 997 1100 1049 tidelis,
1134 998 1204 1041 sed
1240 998 1315 1041 hoe
1352 999 1576 1042 remedium
1611 1002 1712 1042 sit-ut

90 1074 129 1112 et
163 1073 315 1124 cetera,
359 1070 554 1125 quamvis
591 1070 826 1110 communia
863 1081 951 1111 esse
987 1071 1136 1123 possint
1171 1082 1267 1125 erga
1302 1069 1475 1112 clericos
1507 1074 1543 1112 et
1579 1070 1714 1118 laicos,

92 1140 336 1196 praesertim
369 1139 504 1196 quoad
542 1138 632 1181 illos
663 1143 758 1182 sunt
794 1141 961 1194 practici
1000 1141 1207 1182 momenti.

213 1210 325 1254 Patet
359 1209 410 1253 ab
443 1209 618 1253 elencho
653 1210 776 1252 fuisse
808 1215 1012 1265 expuncta
1059 1212 1254 1253 exercitia
1293 1211 1535 1267 spiritualia,
1568 1211 1716 1269 quihus

91 1286 257 1338 aptatur
290 1283 590 1337 praescriptum
636 1293 727 1325 cau.
774 1280 901 1334 2313,
933 1279 961 1337 ξ
996 1281 1033 1322 2.
1072 1296 1093 1321 α
1116 1278 1364 1324 Ordinarius
1409 1296 1479 1337 pro
1512 1296 1582 1325 sua
1624 1296 1715 1338 pru-

90 1353 228 1396 dentia
263 1351 418 1395 addere
452 1356 585 1408 potest
618 1350 801 1408 (eadem)
837 1350 995 1407 poenali
1032 1351 1212 1393 remedio
1249 1354 1481 1394 momtionis
1512 1358 1548 1394 et
1583 1367 1716 1395 corre-

94 1425 244 1480 ptionis
267 1438 289 1464 »
326 1422 628 1466 tantummodo.

213 1494 309 1539 141.
345 1495 670 1546 Quandonam
704 1495 768 1540 sit
800 1495 1002 1539 monitio
1036 1494 1279 1545 facienda,
1298 1493 1439 1536 edocet
1466 1508 1553 1536 mm.
1579 1496 1714 1537 2307.

92 1565 150 1609 Ex
186 1565 304 1609 lnstr⁴
339 1568 407 1610 cit.
439 1564 470 1607 ll
510 1564 737 1608 «remedia
774 1566 1044 1621 praeventiva
1079 1564 1130 1606 ad
1165 1563 1241 1607 hoc
1284 1564 1520 1620 diriguntur
1565 1570 1602 1607 ut
1644 1567 1713 1606 im-

92 1636 259 1693 pediant
296 1638 519 1694 quominus
568 1634 722 1679 malum
757 1635 967 1687 adveniat,
1018 1640 1060 1678 ut
1093 1634 1274 1677 scandali
1325 1635 1494 1690 stimuli,
1539 1638 1716 1677 occasio-

92 1721 164 1751 nes
185 1707 458 1758 voluntariae,
478 1719 712 1764 causaeque
731 1707 780 1749 ad
797 1705 1124 1763 delinquendum
1142 1708 1355 1761 proximae
1376 1710 1665 1748 romoreautm·
1680 1723 1715 1748 n.

93 1778 222 1834 {gitur
254 1777 483 1821 secundum
521 1777 801 1820 remediorum
839 1776 1073 1832 poenalium
1115 1781 1302 1819 naturam
1338 1781 1397 1819 est
1421 1778 1715 1832 praescriptum

91 1851 274 1893 canonis.
307 1847 416 1892 Eum
451 1850 693 1904 praesertim
728 1847 940 1902 clericum,
975 1847 1044 1890 sed
1098 1846 1245 1890 laicum
1281 1860 1442 1904 quoque
1475 1860 1520 1889 ac
1557 1847 1715 1901 religio-

91 1933 198 1975 sum,
232 1922 269 1974 a)
301 1919 373 1977 qai
407 1924 601 1962 versatur
633 1923 725 1962 actu
765 1918 826 1962 vel
863 1923 1029 1975 propter
1064 1920 1319 1961 iterationem
1353 1918 1392 1959 ia
1423 1917 1618 1975 preri'ma
1653 1932 1714 1959 οι·-

90 1991 271 2047 easione,
306 1993 402 2047 quia
449 1995 490 2034 ut
529 1990 754 2047 plurimum
799 2003 849 2033 ex
894 1991 1300 2033 circuinstantiarum
1348 1994 1490 2031 natura
1533 1990 1717 2045 sequitur

90 2066 280 2114 eventus,
314 2061 514 2105 delictum
547 2063 714 2118 proprie
746 2061 905 2104 dictum
939 2060 987 2103 ad
1011 2073 1197 2104 normam
1223 2072 1311 2103 cau.
1350 2060 1473 2102 2195.
1509 2062 1532 2112 ,ξ
1571 2060 1581 2101 l
1613 2073 1714 2100 eosn-

93 2132 288 2176 mitlemli
312 2147 383 2190 per
406 2135 612 2176 actionem
649 2132 712 2176 vel
747 2134 1011 2175 omissionem
1049 2134 1160 2174 iuxta
1197 2131 1296 2187 legis
1332 2130 1511 2187 poenalis
1548 2132 1714 2172 vetitum

95 2204 158 2248 vel
193 2209 477 2262 praeceptum,
517 2203 579 2246 vel
614 2203 655 2261 b)
685 2203 729 2246 in
762 2196 895 2261 (μέθη,
930 2207 972 2246 ut
1005 2215 1144 2258 supra,
1169 2216 1220 2244 es
1254 2201 1525 2259 inquisitione
1544 2207 1715 2258 peraeta

92 2275 277 2332 generali
317 2275 378 2319 vel
413 2274 597 2332 speciali,
626 2273 772 2331 ssavis
807 2279 974 2330 propter
1010 2276 1188 2316 rationes
1221 2272 1403 2330 mas-pica)
1437 2272 1560 2329 (quae
1590 2274 1715 2313 inmiti

95 2347 341 2404 prudentem
378 2346 676 2402 intelligentiae
710 2345 1039 2401 inclinationem)
1073 2343 1187 2386 cadi!
1223 2347 1276 2386 uti
1311 2342 1539 2386 subiectum
1576 2341 1719 2383 ‹leli'eli

95 2422 210 2461 certo
243 2417 466 2473 conmissi,
509 2420 545 2460 in
580 2417 780 2460 alterutro
813 2429 909 2459 casu
945 2420 1063 2471 urget
1101 2417 1422 2471 praescriptum:
1463 2412 1718 2455 Ordiaarim-

93 2488 143 2532 ad
178 2500 368 2532 normam
403 2501 493 2532 can.
535 2488 627 2536 198,
659 2487 687 2543 ξ
721 2488 758 2537 1,
780 2500 857 2545 per
879 2501 923 2529 se
946 2485 1008 2528 rel
1036 2499 1114 2544 per
1136 2484 1426 2542 interpom'lam
1453 2484 1501 2526 ad
1528 2483 1601 2526 hor
1624 2497 1713 2539 per-

92 2572 239 2602 sonam
262 2564 428 2602 moneat
450 2573 571 2603 sensu
606 2559 655 2603 ad
691 2571 780 2602 can.
818 2563 984 2615 praec.¹²u
1018 2556 1236 2612 explicato.
1276 2554 1389 2611 Viget
1423 2568 1520 2610 ergo
1553 2554 1602 2595 de
1639 2567 1716 2594 mo-

93 2632 247 2674 nitione
282 2643 366 2686 reg.
402 2632 503 2673 iuris
537 2631 591 2674 68
626 2632 664 2672 in
700 2629 768 2673 60:
807 2628 987 2671 «Potest
1032 2629 1123 2684 quis
1158 2639 1228 2682 per
1261 2626 1399 2671 alium,
1435 2624 1541 2681 quod
1589 2628 1713 2679 potest

93 2701 229 2745 facere
264 2714 336 2758 per
368 2703 550 2758 seipsum
571 2717 610 2742 ».

212 2855 223 2876 1
253 2854 311 2888 Ad
338 2853 485 2889 Haebr.
514 2854 627 2897 XIII,
659 2854 712 2888 17.
