1950 3313
177 167 246 201 322
519 200 524 203 ,
547 165 632 199 Llss.
654 165 699 199 V.
721 184 734 190 ·
752 164 861 199 PARS
879 165 951 200 ΙΙΙ.
972 186 984 192 -
1003 166 1061 201 De
1073 138 1272 211 poenis'iu
1289 169 1430 203 delicta
1479 167 1572 206 Gan.
1598 169 1804 208 2413-2414

179 293 289 330 terea
322 286 457 344 quoad
485 298 680 342 praesens
717 284 950 328 Autislilae
980 284 1133 343 officio,
1166 301 1245 344 quo
1281 286 1534 346 fuuquutur,
1563 289 1800 347 priventur.

177 358 292 412 Quae
327 368 472 413 poena,
507 360 550 399 ut
583 360 706 412 patet,
757 355 892 399 locum
942 356 1078 411 babet,
1111 370 1231 401 secus
1263 370 1311 402 ac
1350 359 1616 415 praecedens,
1664 360 1796 404 solum

175 428 340 486 quando
374 427 567 470 Antistita
603 428 653 470 sit
676 426 936 485 delinquens.
962 453 1014 458 —-
1058 426 1227 472 Videtur
1267 442 1468 473 canonem
1512 431 1797 475 considerasse

174 512 297 542 sexus
330 497 587 542 debilitatem
623 499 660 541 in
696 497 763 541 illa
796 497 946 542 delicta
970 501 1294 556 propensiorem,
1317 500 1389 544 sed
1423 514 1503 544 non
1537 506 1632 545 sunt
1663 502 1801 546 exclu-

174 572 261 614 siva
298 569 534 623 mulierum,
568 570 664 613 binc
695 568 901 625 subditur,
935 571 1005 627 qui
1054 583 1103 614 ex
1147 571 1268 614 dictis
1301 571 1429 628 liquet
1459 571 1488 629 ξ
1519 574 1558 615 2.
1597 572 1715 627 Quae
1756 573 1800 616 in

173 640 393 699 superiore
422 638 698 698 puruqraplio
729 640 998 698 praescripta
1020 647 1131 693 suut,
1163 641 1292 685 etiam
1313 641 1498 686 virorum
1523 642 1798 701 reliyiouibus

175 717 213 755 et
251 711 562 756 «societatibus
584 713 672 755 sine
707 713 851 755 votis»
881 712 894 734 ¹
927 711 1207 770 applicentur.
1747 732 1749 734 ·

294 783 392 827 ⁶260.
426 785 661 830 Antistita
692 785 983 841 delinquens
1016 781 1188 831 contra
1219 787 1498 832 libertatem
1538 787 1801 833 confessio-

175 857 275 901 nis.-
299 880 352 885 —
387 854 504 898 Ratio
538 854 683 898 ultimo
716 854 824 898 dicta
850 854 1013 911 impulit
1036 854 1328 912 legislatorem,
1362 860 1406 899 ut
1428 857 1656 900 extendens
1679 871 1716 900 n.
1743 857 1792 900 11

174 924 286 970 Dec.i
319 924 356 968 S.
392 923 434 969 C.
459 924 510 968 de
535 923 738 981 religiosis
762 925 776 947 ²
801 926 1026 968 conticeret
1050 925 1239 969 ultimum
1264 925 1427 970 Codicis
1450 941 1541 969 cau.
1564 929 1696 970 2414.
1721 928 1800 971 Au-

176 995 328 1050 tistitu,
361 1001 405 1039 ut
439 995 662 1052 plurimum
700 995 854 1050 localis,
887 1008 934 1039 ac
977 998 1138 1039 etiamsi
1180 999 1310 1040 maior
1340 999 1405 1052 sit,
1444 1011 1551 1055 quae
1582 1001 1619 1053 a)
1654 1004 1800 1042 contra

171 1067 483 1125 praescriptum
516 1081 606 1109 caii.
631 1069 732 1117 521,
764 1066 850 1125 §.32
869 1069 978 1121 522,
995 1069 1091 1111 523
1112 1068 1161 1111 ad
1196 1069 1465 1112 confessionis
1488 1068 1719 1113 libertatem
1739 1074 1800 1113 tu·

173 1137 339 1181 tandam
373 1138 649 1191 conditorum,
683 1142 723 1181 et
755 1138 863 1195 quod
890 1138 1103 1195 multiplex
1131 1141 1432 1196 praescriptum
1465 1138 1520 1183 ibi
1544 1139 1799 1184 declaratum

173 1213 246 1259 est,
280 1222 324 1252 se
352 1208 546 1266 yesserit,
578 1213 618 1253 et
650 1208 727 1252 hoc
763 1208 935 1253 verbum
961 1209 1040 1253 late
1075 1214 1196 1266 patet,
1217 1224 1242 1252 a
1265 1209 1347 1253 loci
1373 1209 1605 1254 Ordiuario
1637 1224 1800 1254 mouea-

176 1285 255 1335 tur,
290 1282 451 1323 etiamsi
484 1284 674 1336 exempta
724 1281 827 1323 toret
860 1279 1121 1336 regularibus
1168 1280 1368 1336 subiecta,
1402 1295 1497 1325 cum
1531 1283 1570 1325 in
1604 1281 1681 1325 hac
1714 1295 1800 1326 ma-

175 1353 274 1395 teria
308 1351 610 1395 confessionum
646 1350 702 1393 illi
727 1364 805 1394 non
840 1350 903 1394 his
925 1350 1195 1406 subiiciatur3
1232 1351 1274 1409 b)
1314 1351 1352 1394 si
1384 1352 1537 1395 iterum
1559 1351 1798 1410 deliquerit,

173 1425 384 1479 supposita
418 1424 644 1465 monitione
678 1422 857 1478 praefata
892 1421 944 1465 ob
978 1424 1090 1479 prius
1121 1422 1334 1474 delictum,
1366 1422 1414 1466 ab
1447 1422 1588 1466 eodem
1620 1421 1797 1468 Ordina-

175 1495 234 1536 rio
268 1491 400 1551 officii
428 1492 670 1550 privatione
698 1492 921 1550 puniatur,
945 1495 1013 1550 qui
1037 1493 1159 1537 debet
1184 1496 1352 1551 insuper
1374 1494 1603 1551 adimplere
1626 1508 1798 1552 sequen-

174 1566 224 1607 tis
272 1563 482 1607 clausulae
530 1566 854 1620 praescriptum:
890 1565 927 1619 c)
961 1563 1076 1607 illico
1126 1569 1262 1607 tamen
1300 1564 1479 1608 certiore
1514 1563 1632 1623 faeta
1665 1565 1798 1609 Sacra

178 1633 511 1692 Couyreyaiioue
556 1633 606 1677 de
640 1633 879 1693 Reliyiosis.
915 1634 1112 1692 Loquitur
1145 1635 1210 1678 lex
1246 1637 1522 1692 praeceptivis
1559 1635 1708 1688 verbis,
1743 1641 1798 1679 at-

173 1719 253 1764 que
286 1703 534 1750 Ordinarius
568 1705 644 1750 loci
680 1705 906 1762 prudenter
938 1707 1229 1750 reminiscatur
1261 1719 1350 1750 can.
1386 1706 1513 1762 2223,
1545 1706 1573 1765 ἓ
1607 1707 1644 1750 3.

235 1836 237 1838 -
289 1812 300 1834 1
329 1811 532 1846 Commiss.
570 1811 685 1845 Pont.
727 1811 775 1845 ad
801 1823 852 1845 ss.
893 1823 1061 1845 canones
1101 1811 1216 1846 auth.'
1249 1811 1569 1856 interpretandos
1606 1812 1668 1846 2-3
1705 1812 1792 1846 Iun.

174 1859 276 1894 1918.
307 1859 382 1896 CO.
408 1858 458 1904 X,
487 1859 571 1903 347,
600 1870 638 1894 n.
664 1858 730 1893 VI.
760 1879 804 1884 ——
831 1859 845 1881 2
870 1858 891 1893 3
918 1858 1009 1893 Feb.
1041 1858 1140 1894 1913.
1169 1859 1245 1894 CO.
1276 1860 1320 1901 V,
1347 1859 1402 1893 62.

843 2201 889 2245 A.
926 2201 975 2245 M.
1010 2201 1052 2244 D.
1087 2200 1133 2246 G.

889 2307 1078 2351 FlNlS.

777 2414 879 2457 LAus
914 2413 996 2457 Duo
1028 2428 1188 2457 suumn.
