1950 3313
193 182 237 214 10
662 180 745 214 Lus.
776 180 819 214 V.
845 200 858 204 -
884 179 994 213 PARS
1019 179 1050 214 Ι.
1079 200 1091 205 -
1118 180 1174 214 De
1198 181 1348 216 delictis
1492 180 1585 216 Can.
1611 181 1812 217 2197-2198

189 300 341 344 debent
376 300 610 343 bominibus
658 305 725 342 aut
775 299 882 342 malo
930 302 1068 342 animo
1106 300 1276 350 affectis
1311 305 1380 344 aut
1413 303 1482 358 qui
1517 302 1810 357 praeiudicatis

188 370 462 427 opinionibus
501 370 563 413 sel
610 372 786 426 partium
830 370 977 413 studiis
1020 370 1251 424 ducuntur3
1292 371 1442 428 quibus
1475 372 1574 415 dum
1609 373 1711 416 tides
1744 372 1811 416 ha-

190 440 320 495 betur,
339 445 435 484 silis
454 446 711 496 compertum
737 445 810 494 est,
831 445 915 483 tum
941 443 1258 496 praeteritorum
1283 447 1531 498 tempor‚um
1556 447 1641 485 tum
1665 445 1811 486 aetatis

188 518 349 555 nostrae
383 513 652 566 experientia,
676 517 773 569 quot
800 511 931 554 modis
965 511 1151 555 homines
1184 526 1324 555 errare
1357 517 1397 556 et
1429 513 1526 566 13111,
1549 526 1597 557 ac
1622 516 1659 556 in
1685 518 1811 557 trans-

191 596 354 625 versum
389 584 452 637 agi
488 584 760 638 contingat».
1565 638 1567 640 K

308 653 372 696 10.
389 654 685 698 Delictorum
704 655 1022 710 persequutio
1042 666 1265 709 poenarum
1287 654 1511 697 inflictione
1530 659 1612 697 tam
1628 655 1810 698 iudiciali

184 736 307 780 quam
342 723 645 766 extraiudiciali
680 724 864 766 defertur
899 737 970 779 per
1003 723 1239 779 generalem
1275 737 1461 767 normam
1486 727 1525 767 in
1555 724 1677 768 buius
1702 725 1807 768 tituli

186 795 275 836 line.
302 792 401 837 Can.
425 795 561 836 2198.
585 820 642 824 ——
670 793 888 845 Delielzmn,
917 809 937 834 ((
963 797 1051 837 iure
1075 794 1395 838 ecclesiastico»
1419 795 1526 851 (can.
1550 795 1676 850 2195,
1701 798 1726 849 ἓ
1751 795 1808 853 1),

184 876 278 906 113111
301 864 514 908 subditur:
550 864 659 922 quod
692 865 812 907 unice
844 864 976 907 laedit
1001 878 1074 920 per
1095 868 1479 921 transgressionem,
1499 870 1538 909 et
1560 866 1809 910 adverbium

182 935 367 978 excludit
398 938 638 978 societatem
663 935 845 989 civilem,
870 949 917 978 eo
941 936 1049 993 quod
1075 938 1271 992 exprimit
1293 935 1510 979 Ecclesiae
1533 936 1677 993 leyem,
1702 953 1724 978 ((
1742 939 1808 981 cui

133 1004 137 1008 ’
181 1006 319 1049 addita
354 1008 405 1049 sit
437 1009 594 1050 sanctio
628 1009 826 1050 canonica
853 1023 871 1047 1)
911 1006 1006 1063 (loc.
1031 1005 1132 1063 cit),
1157 1012 1315 1049 nalum
1338 1021 1428 1062 sua,
1455 1012 1497 1050 ut
1522 1012 1631 1064 patet
1663 1021 1808 1051 secun—

181 1077 278 1119 dum
314 1076 451 1133 legum
487 1079 709 1129 notionem,
743 1089 848 1134 quae
882 1077 1128 1120 ordinantur
1160 1078 1210 1120 ad
1247 1077 1398 1121 bonum
1424 1092 1645 1121 commune
1677 1081 1808 1122 socie-

182 1150 275 1190 tatis
309 1161 381 1203 pro
415 1160 493 1204 qua
530 1147 622 1190 illae
657 1152 869 1203 rogantur,
892 1147 984 1191 sola
1016 1161 1109 1191 cun]
1145 1148 1384 1192 exclusione
1417 1148 1587 1192 alterius
1621 1149 1810 1205 publicae

180 1221 436 1262 auctoritatis
469 1217 755 1261 ecclesiastiea
787 1219 1018 1262 secundum
1052 1219 1241 1262 diversos
1264 1220 1419 1276 gradus
1443 1224 1482 1262 et
1505 1220 1639 1263 officia
1673 1220 1811 1263 distri-

181 1288 276 1332 buta
311 1289 546 1332 auctoritas
579 1290 628 1332 ad
665 1289 742 1332 hoc
775 1294 1015 1345 competens
1033 1279 1306 1348 persequitur
1329 1290 1578 1334 iudicialiter
1603 1291 1665 1333 vel
1691 1296 1809 1334 extra

179 1360 380 1407 iudicium
414 1361 643 1404 secundum
678 1373 858 1404 canones
892 1361 1130 1416 infligendo,
1165 1361 1416 1405 declarando
1459 1366 1583 1419 atque
1622 1361 1809 1418 urgendo

180 1431 270 1475 illas
302 1433 548 1485 sanctiones,
573 1436 612 1474 et
636 1430 736 1474 llaec
761 1433 893 1487 prima
918 1435 978 1474 est
1000 1434 1169 1474 canonis
1203 1445 1296 1488 pars
1328 1434 1387 1475 sic
1420 1432 1664 1488 complenda
1696 1436 1808 1475 iuxta

183 1507 362 1544 veterem
399 1501 659 1557 disciplinam
695 1502 959 1545 damnatione
1003 1505 1327 1558 propositionum
1354 1502 1367 1525 ¹
1401 1503 1633 1546 suffultam:
1668 1503 1807 1561 requi-

178 1572 258 1615 sito
293 1571 521 1623 interdum,
560 1572 622 1615 vel
662 1588 684 1613 «
707 1586 801 1615 cum
836 1572 1010 1616 ecclesia
1046 1586 1124 1616 non
1160 1572 1308 1617 babeat
1342 1573 1448 1616 ultra
1486 1574 1584 1631 quid
1621 1575 1743 1617 saciat
1767 1590 1804 1625 )),

180 1647 221 1685 ut
255 1645 309 1686 ait
342 1642 598 1686 Coelestinus
632 1642 736 1697 1112,
777 1643 840 1685 vel
878 1659 900 1684 ((
922 1646 953 1686 si
989 1657 1091 1699 opus
1126 1645 1245 1687 suerit
1270 1660 1289 1685 >›
1328 1645 1378 1687 ad
1413 1644 1490 1688 hoc
1537 1650 1578 1687 ut
1621 1644 1806 1687 fidelium

178 1713 407 1769 compulsio
448 1714 593 1756 efficax
641 1716 691 1756 sit
716 1714 745 1769 ³,
782 1714 845 1757 vel
894 1714 1119 1757 adversum
1167 1727 1317 1771 pravos
1359 1714 1548 1758 homines
1586 1714 1806 1772 quoslibet,

177 1786 246 1841 qui
286 1799 306 1824 ((
329 1784 540 1827 Ecclesiae
575 1785 824 1839 libertatem,
851 1787 1154 1828 immunitatem
1179 1791 1303 1843 atque
1328 1787 1654 1829 iurisdictionem
1682 1788 1807 1842 impe-

179 1855 308 1905 diunt,
342 1869 414 1898 seu
458 1868 564 1912 quae
615 1855 885 1899 ecclesiastici
932 1858 1032 1899 iuris
1064 1861 1171 1911 sunt,
1206 1856 1417 1899 laedunt»
1445 1857 1474 1910 4,
1508 1869 1556 1900 ac
1591 1861 1808 1913 propterea

178 1925 341 1980 dicitur,
378 1929 415 1968 in
450 1939 620 1981 canone,
650 1926 717 1970 ubi
744 1929 815 1982 pr'o
840 1926 1084 1969 diversitate
1119 1927 1302 1970 locorum
1338 1926 1483 1970 eadem
1517 1940 1640 1983 supra
1675 1927 1808 1971 decla-

178 2002 264 2040 rata
297 1997 532 2039 ‹teceloritas
569 2011 641 2053 pro
675 1997 842 2041 casibus
875 1997 1049 2053 singulis
1082 1998 1366 2040 necessarium
1400 1998 1587 2055 physice¹
1613 2003 1683 2041 aut
1722 2012 1805 2041 mo-

178 2067 330 2121 raliter,
366 2067 426 2109 vel
458 2068 604 2110 saltem
631 2073 911 2125 opportunum
936 2073 1126 2124 respectu
1151 2069 1201 2111 ad
1226 2068 1405 2125 aliquem
1432 2082 1481 2111 ex
1509 2068 1659 2124 triplici
1682 2082 1806 2124 scopo

175 2140 299 2181 citato
323 2137 590 2192 izulstzwerst,
610 2141 776 2181 attentis
801 2139 995 2195 equidem
1021 2138 1214 2182 omnibus
1240 2139 1446 2182 adiunctis
1477 2151 1525 2182 ac
1561 2141 1804 2194 praesertim

176 2222 247 2264 spe
281 2209 409 2251 felicis
442 2211 577 2251 exitus
600 2222 650 2252 ex
676 2209 911 2252 invocando
936 2208 1100 2252 auoez'lio
1123 2208 1287 2251 brachii
1313 2208 1561 2261 saecularis,
1583 2209 1709 2252 idest:
1737 2223 1805 2265 po-

176 2282 333 2322 testatis
367 2279 495 2323 laicae
527 2282 756 2333 coactivae,
780 2282 854 2335 ipsi
890 2279 1099 2323 Ecclesiae
1132 2279 1271 2323 debito
1306 2284 1473 2336 propter
1507 2282 1568 2323 ius
1600 2280 1805 2334 divinum,

175 2350 285 2406 quod
320 2363 409 2392 63111
445 2353 658 2393 constituit
691 2352 949 2406 superiorem
984 2350 1096 2393 civili
1140 2352 1327 2393 societati
1360 2363 1408 2393 ac
1439 2349 1699 2406 spiritualem
1733 2350 1803 2393 sed

294 2457 305 2477 1
332 2456 527 2490 Martinus
555 2456 587 2489 V
627 2457 684 2500 (in
724 2456 840 2490 Conc.
871 2455 1198 2501 Constantiensi)‚
1238 2459 1365 2490 cons‘o.
1413 2471 1426 2486 «
1449 2456 1560 2490 Inter
1589 2460 1751 2490 cunctas
1770 2472 1804 2499 ιο,

174 2503 220 2536 22
247 2503 357 2536 Febr.
390 2503 492 2544 1418,
521 2509 595 2537 art.
629 2504 684 2543 14,
714 2503 875 2537 loannis
902 2504 1022 2545 Hus2,
1049 2502 1189 2548 damn„
1210 2508 1282 2537 arb.
1301 2503 1347 2537 32
1366 2503 1410 2537 de
1430 2515 1505 2547 quo
1532 2503 1806 2548 interrogandi

175 2561 349 2583 errorum
378 2549 540 2584 Wicleff
562 2554 601 2584 et
629 2551 739 2584 Husz
771 2551 1015 2604 suspecti:«
1002 2554 1170 2584 «utrum
1209 2550 1353 2593 credat,
1394 2550 1496 2594 quod
1536 2550 1807 2585 inobedientia

173 2597 258 2631 sive
284 2598 532 2631 contumacia
557 2598 987 2632 excommunicatorum
1014 2602 1225 2638 crescente,
1242 2598 1409 2642 1113613131
1428 2598 1490 2631 vel
1509 2609 1643 2631 eorum
1669 2598 1806 2632 vicarii

176 2645 217 2677 in
244 2644 518 2687 spiritualibus
546 2645 720 2679 habeant)
747 2649 985 2689 potestatem
1017 2645 1264 2689 aggravandi
1289 2649 1329 2679 et:
1355 2645 1656 2689 reaggravandi,
1685 2646 1805 2679 inter-

175 2691 325 2724 dictum
351 2692 521 2736 ponendi
548 2697 587 2726 et
614 2692 819 2726 brachium
846 2692 1044 2726 saeculare
1071 2691 1303 2732 invocandi;
1333 2696 1373 2726 etz
1399 2692 1500 2736 quod
1520 2692 1601 2726 illis
1627 2692 1804 2726 censuris

174 2749 242 2783 per
268 2737 470 2772 inferiores
497 2740 550 2773 sit
577 2739 869 2773 obediendum»
883 2739 1152 2784 .Denzinger‚
1185 2751 1293 2773 num.
1315 2739 1395 2773 682.
1418 2738 1675 2773 Enchiridion
1696 2739 1803 2784 Sym-

181 2785 422 2876 bolorlelgbspt
456 2834 496 2865 11
531 2849 543 2862 «
565 2833 610 2867 de
637 2833 826 2868 iudiciis»
862 2834 928 2879 (ΙΙ,
968 2836 1000 2874 l)
1036 2833 1086 2867 X.
1129 2854 1171 2858 —
1209 2834 1223 2855 3
1250 2833 1341 2877 Gap„
1381 2834 1421 2867 18
1455 2833 1533 2867 «de
1571 2833 1796 2867 excessibus

177 2878 511 2970 {zsselssgssru‘ffi‚et
538 2880 787 2914 subditorum
807 2898 819 2911 »
855 2882 915 2924 (V,
944 2882 1002 2924 31)
1030 2881 1080 2914 X.
1109 2901 1154 2905 —
1179 2881 1192 2902 ⁴
1220 2879 1335 2914 Cone.
1364 2880 1466 2914 Trid.
1495 2892 1588 2915 sess.
1618 2880 1730 2914 XXV
1750 2879 1795 2913 de
