1950 3313
96 185 164 218 110
558 182 643 216 Lm.
669 182 715 216 V.
743 202 755 207 -
784 181 894 216 PARS
918 182 971 216 II.
999 202 1013 207 —
1039 182 1097 217 De
1116 185 1255 227 poenis
1400 182 1492 218 Cam
1519 182 1723 217 2251-2252

94 304 121 360 g
155 304 202 356 1;
236 301 309 345 sed
342 306 530 357 respectu
566 303 785 344 commatis
817 300 894 344 sub
928 306 1104 360 utraque
1140 302 1274 346 littera
1309 304 1351 360 a)
1385 308 1425 346 et
1457 302 1495 360 b)
1529 303 1724 346 admonet

93 387 246 418 canon:
281 373 365 415 nisi
408 372 616 415 concessio
660 372 939 416 absolutionis
971 372 1012 429 a)
1054 373 1255 431 probetur
1301 376 1559 425 testimoniis,
1602 374 1726 417 docu-

95 450 245 493 mento,
279 448 355 487 etc.
391 448 466 485 aut
500 442 712 500 b)saltent
745 443 932 501 teqt‘tirne
965 446 1078 487 iuxta
1112 459 1164 488 ss.
1198 449 1723 503 canonespraesumatur,

93 516 219 558 idest:
260 527 319 557 «a
343 515 565 570 Superiore
599 516 845 557 coniiciatnr
863 530 884 555 n
924 513 1033 572 (can.
1060 515 1186 564 1825.
1207 515 1235 573 ξ
1264 516 1303 569 1)
1325 530 1373 559 ex
1400 516 1723 559 circumstantiis

92 585 132 627 in
167 586 261 642 foro
295 589 468 627 eatterno
500 584 821 639 extraiudiciali,
855 599 1034 628 censura
1067 589 1261 644 quamvis
1299 600 1394 629 vere
1432 586 1617 629 absoluta
1650 598 1721 643 po-

93 661 168 697 test
204 670 228 698 a
263 655 560 713 Superioribus
593 655 681 713 fori
714 656 896 710 externi,
930 670 977 699 eo
1012 657 1121 714 quod
1160 659 1197 700 in
1233 657 1310 700 hoc
1344 657 1383 700 hi
1413 656 1565 700 debent
1597 669 1722 713 agere

89 726 318 770 secundum
354 739 414 782 ea,
450 739 557 784 quae
592 731 745 783 patent,
780 732 818 770 et
851 727 1000 784 quibus
1031 727 1111 771 hoc
1147 730 1185 771 in
1211 730 1376 784 negotio
1411 730 1587 784 propriis
1610 741 1721 778 reus,

90 799 283 854 quamvis
316 796 542 852 absolutus,
574 811 729 855 parere
760 797 877 840 debet
915 803 1045 854 «post
1077 801 1322 841 sententiam
1359 803 1495 842 tamen
1540 798 1723 841 declara-

89 870 250 923 toriam‚
290 868 351 911 vel
376 870 408 911 si
433 868 630 912 delictum
670 871 722 911 sit
761 871 1009 912 notorium»
1054 883 1127 913 seu
1165 870 1215 913 ad
1257 883 1444 913 normam
1480 883 1568 913 can.
1607 870 1719 913 “2232

88 941 112 992 ἓ
152 940 185 990 l,
220 952 312 982 nam
347 940 536 982 additur:
574 939 731 996 urqeri,
765 954 836 983 sen
878 942 1067 997 «exigi»
1113 954 1185 996 pro
1219 941 1307 983 foro
1331 942 1499 998 quidem
1533 945 1720 995 externo,

88 1023 167 1052 non
203 1010 377 1062 occulte,
410 1010 540 1053 a'onec
587 1010 794 1054 absolutio
828 1011 870 1053 t'n
920 1010 1059 1054 eodem
1093 1010 1189 1068 foro
1223 1010 1368 1054 habita
1398 1010 1532 1069 fuerit
1563 1010 1615 1055 ab
1658 1025 1720 1065 e0‚

88 1084 155 1138 qui
193 1095 265 1137 pro
311 1082 538 1125 «eodem»
571 1084 860 1125 auctoritatem
886 1081 1024 1133 habet,
1061 1085 1113 1125 ita
1151 1088 1191 1125 ut
1224 1087 1337 1126 certo
1362 1083 1412 1126 de
1446 1082 1514 1126 illa
1547 1087 1717 1126 constet.

206 1152 267 1195 Ad
303 1154 660 1196 confirmationem
695 1154 919 1196 afferemus
953 1167 1003 1196 ex
1040 1156 1129 1196 iure
1166 1156 1295 1197 veteri
1331 1155 1532 1211 quosdam
1569 1159 1719 1198 textus.

86 1223 124 1267 S.
163 1223 480 1267 l'oenitentiaria
514 1225 589 1280 Ap.
626 1227 902 1281 interrogata:
924 1224 936 1246 ¹
976 1224 1160 1269 «Utrum
1189 1224 1315 1268 verba
1350 1225 1393 1267 in
1418 1230 1594 1283 utroque
1624 1223 1719 1282 soro

87 1293 277 1337 absolvas
313 1297 365 1338 ita
403 1295 670 1352 intelligenda
705 1297 797 1349 sint,
835 1300 876 1338 ut
911 1298 1149 1353 requiratur
1181 1295 1333 1352 duplex
1369 1295 1573 1339 absolutio
1606 1309 1720 1352 sepa-

88 1367 206 1407 ratim
244 1367 532 1422 impertienda,
568 1379 645 1409 nna
670 1366 828 1410 scilicet
853 1369 890 1409 in
924 1367 1011 1409 foro
1036 1372 1224 1421 externo,
1247 1366 1325 1409 alia
1356 1369 1394 1409 in
1421 1368 1509 1409 foro
1534 1369 1716 1421 interno3

85 1448 135 1479 an
173 1438 243 1479 ista
284 1436 407 1480 verba
444 1439 496 1480 ita
523 1437 790 1493 intelligenda
825 1439 918 1492 sint,
955 1442 998 1480 ut
1022 1440 1259 1495 requiratur
1295 1451 1371 1480 una
1408 1442 1565 1481 tantum
1599 1437 1717 1482 abso-

86 1506 185 1549 lutio
221 1510 257 1549 in
295 1509 382 1550 foro
415 1513 587 1551 externo
621 1508 911 1564 impertienda,
947 1521 1053 1565 quae
1089 1508 1222 1551 valeat
1265 1511 1387 1551 etiam
1426 1522 1498 1565 pro
1542 1511 1716 1551 interno.

84 1577 130 1620 R.
166 1577 243 1622 Ad.
279 1578 317 1623 4.
337 1578 539 1634 Negative
573 1579 622 1622 ad
661 1581 834 1635 primam
863 1584 1044 1635 partem3
1071 1579 1333 1622 Affirmative
1355 1580 1405 1622 ad
1430 1580 1716 1624 secundam».

86 1673 138 1678 ——
176 1648 273 1691 ltem
312 1651 347 1691 in
384 1663 473 1706 cap.
510 1650 562 1692 39
602 1665 625 1691 c(
647 1650 697 1693 de
730 1652 933 1693 sententia
968 1653 1450 1693 excommunicationis»
1480 1649 1546 1708 (V,
1581 1650 1655 1708 39)
1681 1649 1714 1693 X

84 1721 140 1762 ait
174 1719 309 1763 lnnoc.
346 1719 420 1763 lll:
460 1720 762 1764 «Fiaternitati
799 1726 893 1764 tuae
943 1722 1259 1777 respondemus,
1291 1721 1402 1779 quod
1439 1723 1513 1764 nisi
1549 1735 1714 1765 excom-

86 1792 282 1833 municati
317 1804 336 1833 a
373 1796 426 1843 te,
460 1805 585 1847 super
618 1791 877 1835 absolutione
910 1805 983 1835 sua
1018 1792 1175 1835 litteras
1209 1797 1382 1846 nostras,
1421 1792 1481 1836 vel
1509 1792 1617 1836 illins
1648 1795 1714 1836 cni

86 1862 198 1904 vices
232 1866 392 1905 nostras
417 1864 454 1904 in
480 1862 555 1905 hac
581 1867 695 1919 parte
728 1865 1015 1906 commisimus
1049 1865 1365 1919 reportaverint,
1391 1868 1461 1906 aut
1489 1863 1567 1906 alio
1594 1864 1714 1906 inodo

83 1931 266 1988 legitime
300 1933 350 1975 de
374 1933 539 1976 illorum
565 1933 825 1977 absolutione
848 1933 920 1977 tibi
945 1936 1194 1978 constiterit:
1232 1939 1271 1977 tn
1299 1936 1407 1990 ipsos
1440 1948 1513 1990 pro
1546 1948 1712 1978 excom-

84 2004 303 2045 mnnicatis
338 2008 379 2046 nt
412 2006 526 2059 prius
558 2003 725 2058 habeas,
759 2010 798 2047 et
831 2005 956 2047 saclas
988 2007 1194 2047 evitari».

201 2073 268 2115 76.
306 2075 377 2119 De
410 2077 724 2121 absolutione
757 2077 804 2120 in
839 2077 1057 2132 periculo
1090 2077 1263 2121 mortis
1296 2089 1315 2117 a
1351 2077 1538 2118 censuris
1582 2089 1710 2118 reser-

85 2144 188 2185 vatis
222 2144 296 2186 suit
318 2144 575 2188 declaratum
603 2148 640 2188 in
660 2144 968 2189 Commentario
992 2145 1146 2188 Toxlus
1170 2148 1471 2201 praescriptum
1496 2158 1586 2189 can.
1612 2146 1710 2199 882,

82 2212 150 2256 nbi
185 2216 383 2270 scriptum
415 2221 488 2269 est,
524 2216 632 2273 quod
679 2220 776 2259 tunc
813 2229 996 2258 «omnes
1039 2216 1291 2267 sacerdotes,
1337 2216 1431 2259 licet
1463 2216 1513 2259 ad
1557 2218 1712 2259 contes-

80 2285 217 2326 siones
251 2297 328 2327 non
353 2285 585 2342 approbati,
613 2284 748 2329 valide
781 2291 820 2329 et
844 2286 954 2329 licite
978 2286 1201 2329 absolvunt
1223 2286 1429 2344 quoslibet
1453 2289 1711 2343 poenitentes

81 2365 101 2396 a
136 2353 394 2411 quibusvis...
431 2358 631 2411 censuris,
655 2359 925 2414 quantumvis
949 2359 1175 2400 reservatis
1208 2362 1248 2399 et
1280 2359 1506 2400 notoriis».
1532 2357 1588 2400 lbi
1613 2357 1709 2401 sub·

80 2424 256 2468 debatur
290 2426 476 2469 clausula
531 2427 684 2470 «salvo
710 2429 964 2483 praescripto
987 2441 1105 2472 can...
1132 2428 1244 2470 2252
1264 2443 1304 2480 n,
1328 2441 1435 2485 qnae
1460 2430 1591 2471 innuit
1613 2441 1708 2471 con-

80 2498 298 2539 nexionem
316 2499 504 2540 intereos
522 2511 713 2553 canones,
729 2497 930 2555 illumque
950 2501 1440 2554 praesupponitstatuens
1459 2513 1548 2541 ean.
1567 2501 1706 2543 2252.

83 2564 165 2618 Qui
198 2566 241 2608 in
271 2567 461 2624 periculo
495 2568 642 2611 mortis
681 2568 913 2622 constituti,
948 2582 971 2610 a
995 2568 1224 2623 sacerdote,
1252 2568 1493 2625 presbytero
1531 2569 1592 2612 vel
1619 2569 1708 2626 Epi-

76 2650 216 2692 scopo,
249 2638 319 2680 sed
356 2638 397 2694 a)
430 2638 630 2695 specialis
661 2637 886 2696 facultatis
911 2641 948 2681 in
983 2651 1079 2682 casu
1107 2644 1318 2682 reservato
1354 2642 1610 2683 necessariae
1643 2653 1708 2682 er-

73 2712 206 2763 perte,
242 2706 284 2763 h)
317 2714 564 2765 receperunt
603 2709 774 2752 «valide
807 2714 845 2752 et
880 2709 1028 2752 licite»
1070 2711 1109 2751 vi
1142 2722 1231 2752 can.
1268 2710 1350 2752 88⁶2
1404 2709 1706 2753 absolutionem

78 2778 127 2820 de
162 2779 266 2821 sacto
300 2779 437 2822 datam
474 2779 522 2821 ab
556 2778 702 2836 aliqua
736 2793 913 2822 censura
946 2779 1090 2822 saltem
1129 2782 1207 2822 «in
1242 2785 1438 2824 corisueta
1464 2781 1594 2823 forma
1614 2779 1706 2836 (pro

198 2934 207 2952 ¹
235 2931 279 2965 27
309 2932 397 2975 Apr.
430 2931 530 2964 1886.
561 2931 812 2965 Collecbanea
840 2931 877 2965 S.
908 2931 950 2965 C.
983 2930 1028 2964 de
1056 2931 1098 2964 P.
1129 2931 1169 2965 F.
1196 2943 1235 2966 n.
1270 2932 1372 2966 1655.
