1950 3313
149 147 192 179 12
819 145 1095 180 INTRODUCTIO

263 264 300 306 7.
337 265 456 309 luris
490 265 748 309 subiectivi
781 265 975 309 divisio.
1008 289 1058 294 -—
1100 263 1271 307 Videtur
1293 264 1402 321 quod
1428 266 1528 307 iuris
1551 264 1772 308 subiectivi

143 336 292 378 divisio
328 336 364 376 in
401 336 462 376 ins
495 335 758 390 proprietatis
791 338 830 377 et
864 336 926 377 ius
949 334 1247 378 iurisdictionis
1271 348 1349 378 non
1384 337 1432 378 sit
1469 334 1587 379 bona.
1613 335 1638 378 1.
1664 336 1772 390 Ουῐῑι7

143 408 204 448 ins
239 409 409 447 naturae
442 404 736 459 subiectivnm,
768 406 800 447 si
837 406 1001 461 proprie
1035 405 1209 453 dicatur,
1245 405 1369 449 debet
1402 405 1556 449 habere
1591 420 1662 462 pro
1686 420 1774 449 cor-

144 475 316 518 relativo
339 474 523 518 debitum
562 477 753 518 iustitiae.
778 475 856 518 Sed
894 475 1165 518 iurisdictioni
1202 476 1421 532 respondet
1456 475 1639 520 debitum
1675 476 1769 520 obe-

141 546 333 599 dientiae,
367 558 474 602 quae
510 548 640 588 virtus
673 550 733 589 est
766 558 786 588 3
822 547 974 588 iustitia
1008 546 1173 589 diversa
1209 551 1247 589 et
1281 546 1402 590 huius
1436 546 1619 590 debitum
1655 552 1714 590 est
1748 560 1772 590 3

142 618 319 659 institiae
353 615 491 659 debito
528 615 647 659 valde
681 616 910 659 diversum.

260 686 302 729 ΙΙ.
340 686 577 730 Praeterea:
614 689 675 730 ius
710 689 973 743 proprietatis
1008 687 1112 730 bona
1148 690 1313 744 respicit
1344 692 1514 731 externa
1539 700 1643 744 quae
1680 701 1769 744 pos-

138 758 324 801 sidentur
357 762 397 800 et
431 757 660 801 iurisdictio
694 762 753 801 est
784 762 962 813 potestas
997 758 1160 814 publica
1202 763 1419 814 praecepta
1458 758 1652 802 condens.
1688 759 1770 802 Sed

137 827 215 870 alia
249 827 479 871 subiectiva
523 830 610 871 iura
653 829 831 871 inveniri
876 834 1058 884 possunt,
1096 843 1131 869 v.
1167 843 1228 885 gr.
1263 829 1312 872 ad
1362 831 1503 882 vitam,
1537 829 1586 871 ad
1630 831 1774 872 matri-

138 901 322 941 monium
356 899 702 953 contrahendum,
736 904 812 942 etc.
844 912 950 957 quae
984 913 1059 943 nec
1095 900 1198 943 bona
1234 905 1403 943 externa
1438 913 1512 943 nec
1547 905 1769 956 praecepta

137 968 215 1011 dici
253 973 434 1024 possunt.
465 969 573 1025 Ergo
597 969 748 1012 divisio
774 972 810 1012 in
838 972 899 1012 ins
924 973 1186 1026 proprietatis
1219 974 1258 1014 et
1293 972 1355 1013 ius
1390 970 1685 1014 iurisdictionis
1708 974 1768 1013 est

137 1039 402 1095 incompleta.

256 1110 320 1153 ΙΙΙ.
347 1110 585 1155 Praeterea:
618 1113 679 1154 ius
703 1112 1000 1155 iurisdictionis
1023 1117 1083 1155 est
1109 1117 1287 1167 potestas
1312 1111 1489 1168 publica.
1514 1112 1591 1155 Sed
1618 1112 1768 1155 dantur

136 1182 259 1223 etiam
297 1183 385 1224 iura
425 1180 657 1225 subiectiva
704 1184 937 1237 praeceptis
978 1182 1206 1225 condendis
1247 1184 1421 1238 privata,
1459 1195 1496 1224 v,
1531 1195 1591 1238 gr.
1628 1183 1771 1237 patris,

137 1251 314 1306 domini3
344 1264 450 1309 quae
483 1252 559 1296 snb
595 1255 683 1296 iure
719 1255 983 1309 proprietatis
1017 1266 1094 1295 non
1122 1252 1547 1309 comprehenduntur.
1575 1252 1682 1308 Ergo
1707 1255 1772 1296 ius

135 1321 415 1365 subiectivum
452 1336 530 1365 non
565 1328 626 1366 est
658 1325 734 1366 rite
768 1324 1049 1366 distributum.
1087 1329 1127 1366 nt
1161 1336 1298 1380 supra.

253 1393 331 1435 Sed
374 1397 516 1435 contra
561 1398 637 1447 est,
670 1395 777 1451 quod
820 1393 949 1450 (teste
993 1393 1365 1450 Schmalzgrneber
1406 1393 1572 1437 Dissert.
1609 1407 1768 1450 proem.

134 1465 159 1516 ξ
193 1462 219 1505 Ι.
256 1476 293 1507 n.
330 1462 411 1519 120)
451 1466 769 1507 «communiter
817 1463 899 1506 DD.
937 1466 998 1507 ius
1043 1467 1093 1506 ita
1143 1469 1359 1521 acceptum
1394 1465 1540 1508 dicunt
1574 1477 1663 1507 esse
1696 1464 1769 1507 du·

135 1533 242 1588 plex,
281 1532 474 1576 videlicet
510 1535 572 1576 ius
607 1536 870 1590 proprietatis
904 1539 943 1577 et
977 1536 1038 1577 ins
1072 1534 1421 1577 iurisdictionis.»

252 1603 498 1660 Respondeo
522 1604 746 1647 dicendum
773 1606 880 1662 quod
909 1607 970 1648 ins
993 1605 1287 1658 subieciivum,
1312 1608 1416 1649 sicut
1451 1619 1575 1662 snpra
1610 1607 1768 1650 dictum

135 1681 209 1726 est,
244 1677 408 1731 proprie
441 1675 594 1718 dicitur
636 1676 745 1731 quod
792 1678 957 1731 respicit
1002 1678 1180 1719 iustitiae
1220 1675 1419 1719 debitum.
1453 1676 1768 1720 Rationabiliter
1949 1722 1950 1725 ,

136 1758 234 1787 vero
277 1747 363 1788 iura
407 1745 638 1789 subiectiva
689 1751 891 1790 vocantur
939 1748 1061 1789 ctiam
1113 1760 1403 1804 quaecumque
1447 1749 1681 1790 reseruntur
1713 1748 1763 1791 ad
1948 1759 1950 1801 ξ

134 1815 319 1859 debitum
355 1821 489 1859 ortum
515 1823 564 1859 ex
609 1816 700 1860 aliis
726 1817 949 1861 virtutibus
974 1819 985 1840 ¹
1033 1830 1178 1875 «qnae
1213 1819 1251 1860 in
1286 1816 1424 1875 aliquo
1458 1832 1552 1861 cnm
1588 1820 1765 1862 iustitiae

134 1888 286 1929 virtute
319 1889 588 1942 conveniunt,
621 1891 815 1945 quamvis
855 1891 892 1931 in
932 1888 1070 1946 aliquo
1110 1889 1305 1931 deiiciant
1338 1901 1358 1932 3
1394 1890 1572 1945 perfecta
1608 1891 1768 1933 ratione·

132 1959 271 2013 ipsius.
307 1958 411 2012 Quia
450 1972 546 2001 vero
581 1960 732 2001 institia
774 1959 822 2002 ad
865 1959 1040 2002 alterum
1077 1965 1150 2013 est,
1184 1973 1327 2003 onmes
1367 1962 1541 2003 virtutes
1574 1973 1679 2017 qnae
1713 1960 1764 2004 ad

130 2027 305 2071 alterum
340 2033 446 2083 sunt,
473 2035 641 2085 possunt
678 2031 833 2073 ratione
867 2032 1185 2073 convenientiae
1221 2032 1401 2073 iustitiae
1433 2033 1609 2074 annecti.
1647 2031 1766 2074 Ratio

133 2112 230 2142 vero
265 2102 428 2155 propria
474 2102 653 2143 iustitiae
696 2103 880 2144 consistit
916 2103 953 2144 in
991 2101 1067 2145 hoc
1099 2101 1207 2158 quod
1252 2101 1370 2144 alteri
1416 2102 1615 2145 reddatur
1652 2102 1761 2160 quod

127 2169 166 2211 ei
198 2169 369 2212 debetur
402 2170 629 2213 secundum
662 2171 978 2229 aequalilatem.
1013 2171 1241 2227 Dupliciter
1264 2185 1365 2229 ergo
1392 2172 1528 2229 aliqua
1557 2174 1688 2216 virtus
1711 2173 1762 2216 ad

130 2239 305 2283 atterum
341 2243 522 2284 existens
554 2254 576 2284 3
612 2243 769 2285 ratione
804 2244 983 2286 institiae
1016 2243 1175 2286 deiicit:
1213 2256 1293 2285 uno
1327 2242 1495 2300 quidem
1532 2243 1668 2297 modo,
1703 2245 1761 2286 in-

127 2316 326 2367 quantum
361 2311 501 2355 delicit
534 2324 555 2355 a
591 2316 747 2355 ratione
791 2312 1008 2370 aequalis,·
1051 2313 1131 2356 alio
1174 2313 1294 2356 modo
1337 2315 1581 2370 inquantum
1622 2314 1763 2357 deticit

127 2393 148 2424 3
183 2383 338 2424 ratione
381 2380 520 2424 debiti.
556 2383 656 2425 Sunt
690 2385 800 2425 enim
834 2383 1039 2440 quaedam
1089 2385 1263 2426 virtutes
1305 2396 1412 2441 quae
1450 2384 1635 2427 debitum
1670 2386 1757 2441 qni-

129 2451 222 2494 dem
258 2451 374 2495 alteri
411 2453 601 2505 reddunt,
636 2453 706 2495 sed
743 2466 820 2495 non
859 2458 1025 2508 possunt
1068 2454 1242 2496 reddere
1276 2453 1449 2511 aequate
1474 2470 1511 2498 ».
1549 2454 1655 2497 Inter
1690 2454 1764 2497 has

127 2522 436 2565 enumerandae
460 2528 554 2565 sunt
579 2525 708 2579 pietas
732 2536 829 2579 erga
865 2528 1072 2579 parentes,
1096 2523 1364 2581 observantia
1396 2537 1494 2581 erga
1518 2527 1764 2568 constitutos

130 2594 167 2634 in
209 2593 409 2649 dignitate
447 2598 517 2636 aut
559 2596 710 2636 virtute
757 2595 978 2649 praeditos,
1014 2599 1053 2637 et
1097 2594 1330 2638 obedientia
1376 2608 1472 2651 erga
1513 2597 1760 2651 superiores.

133 2679 151 2704 ((
174 2663 205 2706 Α
242 2666 399 2706 ratione
436 2677 533 2707 vero
567 2664 697 2707 debite?
731 2665 924 2707 iustiliae
951 2664 1138 2722 desertus
1173 2670 1301 2720 potest
1336 2666 1506 2715 attendi,
1530 2666 1759 2709 secundnm

126 2734 234 2790 quod
272 2738 331 2777 est
364 2734 514 2789 duplex
551 2734 752 2789 debitum,
786 2735 943 2779 scilicet
988 2735 1143 2779 morale
1183 2741 1221 2779 et
1267 2736 1410 2792 legale.
1446 2736 1562 2780 Unde
1595 2741 1634 2780 et
1670 2736 1758 2779 Phi-

221 2887 231 2908 1
258 2888 297 2919 :2³
326 2888 383 2919 ριν
411 2899 445 2930 q.
472 2886 632 2920 LXXX.
662 2899 696 2921 a.
726 2899 792 2921 un.
823 2899 854 2921 c.
