1950 3313
720 144 759 168 IN
787 144 865 170 Hoc
893 136 1223 173 Comms‘mmrn
1740 145 1787 179 23

149 247 379 307 'Theologia
424 251 629 297 distincta.
683 253 765 295 lmo
808 260 845 298 et
891 259 1059 301 int'erius
1095 261 1236 314 posita,
1272 275 1319 303 co
1368 277 1383 301 <‹
1413 264 1536 320 quod,
1580 278 1672 308 cuin
1711 267 1782 309 ista

156 322 329 364 scientia
363 321 663 379 (sheologiae),
697 331 897 381 quantum
932 328 981 371 ad
1002 328 1154 386 aliquid
1176 333 1223 372 sit
1248 332 1503 387 speculativa
1528 340 1565 377 et
1585 341 1782 392 «plantum

158 390 207 433 ad
253 392 408 449 aliquid
452 394 503 435 sit
544 396 736 449 practica,
782 410 926 439 omnes
964 398 1065 441 alias
1104 402 1355 445 transcendit
1400 408 1480 446 tam
1505 405 1785 461 speculativas

158 472 281 517 quam
304 465 508 518 practicas
532 479 552 503 ))
582 463 609 507 ¹.

278 533 338 575 Ad
376 536 554 589 primum
590 548 689 592 ergo
722 537 962 592 dicendum,
1004 542 1110 597 quod
1157 546 1315 586 etiamsi
1359 544 1460 588 luris
1493 550 1678 590 canonici
1715 548 1785 589 do-

156 605 289 647 ctrina
325 603 424 647 locis
455 606 492 648 S.
529 605 779 664 Theologiae
816 613 991 666 propriis
1026 618 1175 667 utatur,
1212 616 1252 656 tit
1289 620 1424 659 tamen
1453 618 1571 659 niodo
1596 618 1784 672 direrso3

150 675 252 730 -quia
289 674 367 716 illis
399 676 436 718 S.
473 675 695 734 Theologia
732 681 932 731 innititur,
967 687 1172 739 quatenus
1208 687 1244 727 in
1279 688 1337 728 eis
1370 687 1570 731 divinitus
1605 688 1784 732 reu-tata

158 747 435 800 continentur,
470 752 507 790 et
543 747 636 792 hinc
682 751 910 806 procedens
948 768 967 793 «
992 767 1036 797 ea
1071 768 1175 811 quae
1211 758 1247 798 in
1274 756 1450 799 dixersis
1474 761 1655 802 scientiis
1700 760 1784 816 phi-

158 815 379 872 losophicis
413 822 655 869 tractantur,
691 827 819 878 potest
853 836 968 866 sacra
994 825 1180 869 doctrina
1208 840 1283 869 una
1310 830 1490 871 existens
1523 831 1785 874 considerare

156 885 233 929 sul)
269 900 345 931 una
383 891 556 944 ratione,
590 893 831 948 inquantum
876 894 1033 938 scilicet
1077 902 1169 939 sunt
1203 897 1405 941 divinitus
1440 900 1707 944 rex-clahilia:
1745 906 1784 944 ut

155 958 214 1001 sic
247 970 363 1002 sacra
399 960 585 1004 doctrina
624 964 673 1005 sit
722 963 831 1007 velut
877 966 1079 1022 quaedam
1118 969 1332 1024 impressio
1365 969 1533 1013 divinae
1575 973 1785 1025 scientiae,

156 1041 263 1084 quae
297 1035 356 1072 est
390 1044 468 1074 una
503 1037 540 1074 et
574 1033 748 1090 simplex
783 1038 967 1079 omnium
994 1053 1013 1077 ))
1043 1038 1070 1078 ².
1107 1037 1207 1081 luris
1240 1042 1428 1083 canonici
1468 1054 1564 1083 vero
1598 1042 1783 1085 doctrina

158 1101 286 1143 utitur
318 1101 356 1145 S.
391 1102 620 1159 Scriptura,
653 1104 903 1154 Traditione,
938 1107 1003 1150 55.
1033 1108 1196 1151 l'atrum
1230 1113 1444 1153 sententiis
1469 1112 1518 1154 ad
1545 1112 1784 1167 dignoscen-

155 1170 229 1213 das
267 1174 474 1229 veritates,
507 1187 614 1232 quae
647 1176 767 1220 simul
804 1191 896 1220 cum
932 1182 1188 1235 experientia
1224 1187 1443 1224 nituerunt
1477 1184 1546 1226 SS.
1570 1183 1785 1227 l'ontitices

155 1253 203 1284 ac
236 1234 447 1299 generalia
481 1244 678 1300 Concilia‚
711 1248 760 1291 ad
795 1249 1035 1292 statuendos
1058 1264 1111 1293 ss.
1135 1264 1313 1295 canones
1337 1252 1488 1309 quihus
1513 1255 1786 1297 informentur

156 1325 293 1357 mores
328 1315 465 1371 populi
499 1316 727 1370 christiani,
761 1324 966 1376 quatenus
999 1320 1200 1365 divinitus
1234 1323 1414 1365 nondum
1453 1325 1616 1367 fuerunt
1651 1325 1786 1368 deter-

157 1386 313 1428 minati.
352 1412 405 1417 —
429 1386 487 1430 Ex
524 1388 602 1432 alia
640 1403 738 1433 vero
773 1395 887 1447 parte
920 1392 1097 1435 affinitas
1132 1406 1278 1449 magna
1316 1396 1512 1438 intereas
1534 1398 1690 1438 exsistit
1717 1396 1785 1439 do-

146 1458 324 1510 ctrinas,
358 1463 524 1515 propter
555 1459 788 1504 subiectum
823 1463 1209 1518 supernaturalibus
1242 1465 1402 1517 mediis,
1426 1465 1668 1523 actibusque
1688 1466 1785 1509 diri-

147 1527 336 1582 gendum
373 1531 411 1571 in
446 1534 657 1574 aeternam
694 1531 991 1576 beatitudinem
1027 1534 1351 1590 adipiscendam,
1388 1549 1494 1593 quae
1514 1537 1690 1580 allinitas
1714 1539 1787 1580 l'uit

153 1609 290 1649 causa,
330 1604 369 1642 ut
405 1602 505 1643 iuris
537 1605 725 1645 canonici
759 1603 947 1647 doctrina
982 1604 1213 1662 theologiae
1249 1609 1435 1650 rectricis
1475 1611 1639 1651 nomine
1664 1608 1785 1652 deco-

156 1673 296 1714 retur:
331 1675 368 1714 et
405 1674 510 1715 inter
542 1675 736 1716 scientias
771 1675 968 1718 iuridicas
1002 1678 1179 1732 primum
1218 1677 1351 1720 locam
1390 1682 1538 1728 teneat,
1575 1681 1787 1734 practicis-

146 1752 234 1797 vque
267 1744 451 1786 scientiis
485 1742 780 1800 philosophicis
812 1749 1134 1802 superemineat,
1169 1748 1277 1804 quod
1314 1746 1433 1791 Card.
1479 1747 1682 1792 Ostiensis
1716 1764 1786 1793 ex-

156 1814 302 1867 pressit
337 1817 571 1869 argumenti
610 1815 763 1859 verbis.

279 1883 343 1927 16.
380 1886 452 1930 An
487 1888 550 1932 sit
581 1888 824 1944 obligatio
872 1890 1092 1935 discendi
1142 1892 1219 1936 lus
1261 1892 1565 1936 canonicum.
1602 1916 1652 1921 ——
1695 1890 1781 1934 Non

157 1954 322 1998 videtur
346 1956 538 2000 omnihus
561 1970 649 2000 esse
674 1960 905 2002 necessaria
931 1961 1030 2002 iuris
1049 1963 1235 2003 canonici
1261 1961 1462 2005 doctriua.
1491 1962 1527 2004 1.
1548 1960 1657 2005 Deus
1676 1964 1782 2004 enim

152 2037 226 2081 per
259 2038 376 2068 suam
413 2026 544 2083 legem
579 2028 832 2071 sufficienter
857 2031 1039 2085 providit
1062 2030 1111 2073 ad
1146 2030 1336 2074 salutem.
1361 2032 1438 2074 Sed
1464 2034 1568 2075 sacri
1605 2044 1784 2075 canones

144 2095 318 2140 divinae
354 2097 433 2154 legi
466 2099 819 2155 superadduntur.

274 2167 310 2210 2.
350 2168 580 2213 Praeterea.
612 2167 826 2223 Quatenus
857 2171 1044 2215 doctrina
1080 2177 1215 2215 nostra
1251 2175 1441 2229 regimini
1479 2174 1669 2229 providet
1705 2176 1788 2217 ani-

155 2251 332 2293 marum,
368 2244 557 2296 poterunt
593 2241 735 2285 tideles
768 2242 818 2285 ad
853 2245 1087 2286 canonistas
1112 2245 1278 2297 remitti,
1302 2248 1339 2287 et
1363 2243 1555 2287 similiter
1584 2244 1787 2301 parochos

145 2314 191 2352 -et
218 2309 405 2354 l'astores
437 2324 457 2354 a
491 2326 542 2355 ss
579 2324 784 2356 canonum
820 2315 961 2370 peritis
979 2314 1148 2357 consilia
1169 2314 1433 2371 expostulare
1460 2328 1531 2371 pro
1551 2319 1783 2371 temporum

153 2382 477 2435 opportunitate.

274 2449 312 2494 3.
350 2450 578 2496 Praeterea.
613 2454 727 2497 Sacri
762 2468 941 2498 canones
983 2468 1103 2499 casus
1146 2455 1417 2512 particulares
1445 2457 1682 2511 respiciunt.
1717 2460 1784 2497 aut

146 2519 333 2564 decretis
366 2526 404 2565 et
437 2521 808 2569 Constitutionibus
850 2525 1170 2583 quamplurimis
1213 2531 1399 2569 constant
1442 2526 1492 2569 ad
1529 2538 1633 2582 quae
1667 2525 1783 2568 addi-

145 2590 303 2634 scenda
339 2596 378 2634 et
411 2592 460 2636 ad
496 2595 725 2638 eruendam
759 2609 807 2639 ex
845 2595 908 2639 his
940 2595 1201 2652 disciplinam
1235 2596 1488 2653 sequendam
1525 2608 1626 2651 opus
1650 2600 1707 2637 est
1730 2595 1783 2637 la-

149 2660 252 2705 bore
289 2674 452 2719 magno.
479 2663 607 2708 lmmo
644 2668 828 2710 variante
847 2680 944 2710 casu
966 2667 1131 2710 diversa
1152 2669 1227 2710 erit
1251 2667 1412 2721 solutio,
1439 2671 1477 2710 et
1502 2668 1781 2709 necessarium

272 2819 279 2839 ἕ
310 2817 380 2852 Ibi.
407 2830 439 2852 a.
471 2819 504 2852 5.
535 2830 635 2864 corp.
661 2840 703 2845 -—
731 2821 744 2842 '²
771 2821 815 2854 D.
844 2820 914 2854 Th.
945 2833 979 2865 q.
1012 2822 1041 2854 1.
1069 2832 1101 2854 a.
1128 2820 1149 2854 3
1176 2820 1221 2854 ad
1250 2820 1309 2854 2¹¹¹.
