1950 3313
645 132 729 166 Trr.
759 132 788 166 Ι.
818 153 830 158 -
857 134 912 168 De
938 135 1085 178 legibus
1110 136 1237 170 eccles.
1715 139 1756 172 91

136 266 156 292 ((
183 264 295 294 mere
328 251 664 294 ecclesiasticis»
703 252 754 294 ob
787 266 832 296 ea
875 267 981 311 (1333
1024 260 1268 311 sequuntur,
1312 261 1518 306 leuentur,
1565 262 1681 313 prout
1719 259 1755 299 in

130 323 218 365 cit.0
254 322 298 380 ἑο
333 323 405 365 t'uit
439 322 636 371 edictum,
671 323 740 365 sed
777 323 853 367 lioc
889 327 925 367 in
963 325 1050 367 loco
1095 328 1266 368 iteratur
1311 327 1463 369 utiliter
1508 328 1758 371 admonitio:

130 392 175 449 a)
209 393 378 435 etiamsi
412 392 490 435 leae
526 393 830 449 «generales»
871 397 981 439 iuxta
1017 410 1159 439 earum
1196 397 1566 453 promulgationem
1602 413 1676 441 sao
1718 399 1757 441 in

132 463 351 506 territorio
384 463 583 507 domicilii
619 469 655 506 et
690 468 804 521 quasi
840 466 1037 509 domicilii
1075 481 1152 508 non
1180 467 1429 523 1·1'yeani,ol)
1452 472 1755 524 exemptionem

131 539 217 577 tum
254 536 291 577 in
328 535 418 590 lege
454 536 625 590 positam
662 540 745 578 tuni
786 538 1191 580 circumstantiarum
1243 541 1452 593 territorii,
1503 544 1670 594 propter
1705 542 1760 581 in-

130 605 307 655 dultum,
331 609 400 648 aut
426 604 653 662 legitimam
679 608 1020 651 consuettulinem
1048 611 1084 650 in
1109 612 1377 654 contrarium.
1403 609 1441 666 b)
1469 610 1637 652 inim'nw
1667 624 1757 652 vero

130 677 325 733 praefatis
364 675 603 732 «legibus»
643 681 847 731 tenentur,
881 679 917 721 si
942 679 981 721 ιῖη
1017 679 1104 722 loro
1139 680 1178 722 in
1205 694 1283 737 qao
1310 687 1532 722 rer-santur
1561 687 1754 738 tanquam

135 763 155 788 «
180 749 431 803 peregrini»
480 761 560 791 non
599 748 780 806 oliliyen!
816 762 893 792 una
928 764 976 793 ex
1013 753 1161 801 causiS,
1198 757 1236 793 ut
1270 764 1408 806 supra.
1447 752 1631 794 Breviter
1667 757 1753 808 post

128 817 478 861 declarationem:
519 833 538 859 ((
565 819 774 876 Peregrini
800 820 960 876 legibus
982 820 1247 876 generalibus
1271 827 1462 864 tenentur
1482 822 1757 869 solummodo,

128 889 296 946 quando
333 891 473 945 vigent
507 892 544 932 in
580 890 669 933 loco
704 893 740 933 in
767 904 848 948 (133
876 897 1093 935 versantur
1115 909 1222 934 ».—
1242 893 1386 946 Quoad
1415 893 1580 935 niodum
1608 894 1679 936 lias
1705 894 1756 936 le-

129 973 202 1017 ges
234 961 446 1014 servandi,
480 963 549 1018 (131
583 964 633 1004 sit
667 962 861 1005 diversus
893 977 948 1018 ex·
979 962 1141 1019 legibus
1168 963 1230 1006 vel
1258 963 1400 1007 usibus
1425 964 1756 1020 particularibus.

128 1034 318 1089 sequitur
350 1045 399 1075 ex
440 1032 562 1076 liuius
593 1036 763 1076 canonis
798 1036 1063 1090 praescriptis
1114 1034 1271 1077 validas
1304 1048 1391 1077 esse
1433 1048 1611 1088 normas,
1654 1048 1758 1091 quae

129 1104 187 1146 sic
221 1105 514 1159 exprimuntur
546 1103 597 1146 de
632 1103 722 1160 lege
755 1102 926 1147 Concilii
965 1102 1248 1157 Quebecensis
1291 1106 1425 1161 ‹pioad
1467 1105 1654 1148 diversas
1699 1120 1758 1148 re-

129 1175 264 1229 gionis
294 1172 548 1218 Canadensis
581 1174 806 1218 dioeceses.
830 1176 868 1218 S.
893 1173 1043 1231 Congr.
1067 1174 1371 1218 Consistorialis
1396 1179 1447 1218 ita
1472 1175 1701 1219 declaravit
1723 1176 1758 1218 ¹:

135 1260 155 1285 ((
181 1245 217 1287 2.
252 1243 458 1289 Clericum
492 1258 513 1288 a
551 1248 714 1302 propria
766 1246 945 1289 dioecesi
995 1248 1033 1288 in
1082 1246 1204 1289 aliam
1258 1249 1503 1303 migrantem
1556 1260 1671 1303 posse
1706 1246 1758 1290 ibi

133 1320 288 1359 vestem
324 1316 527 1360 dioecesis
560 1329 660 1360 suae
695 1319 887 1367 retinere,
921 1319 1115 1375 quamvis
1148 1318 1357 1360 ‹litei-sam
1392 1317 1444 1361 ab
1483 1330 1527 1360 ea
1572 1331 1677 1375 quae
1722 1320 1758 1360 in

130 1386 219 1430 loco
253 1392 313 1430 est
348 1389 618 1444 praescripta,
651 1387 879 1431 dummodo
911 1390 961 1431 sit
997 1401 1075 1431 una
1109 1402 1158 1431 ex
1193 1387 1355 1431 duabus
1387 1401 1408 1431 3
1435 1387 1623 1431 Patribus
1656 1388 1762 1441 Que-

130 1456 378 1502 becensibus
413 1457 607 1515 probata:
645 1458 769 1516 idque
804 1459 1036 1516 usquedum
1076 1458 1332 1502 domicilium
1381 1458 1441 1501 vel
1488 1459 1758 1516 (prasi—domi-

129 1528 269 1572 cilium
307 1528 461 1572 ibidem
497 1542 574 1572 non
611 1532 732 1573 ineat.
772 1555 822 1559 ——
859 1529 897 1573 3
931 1530 1045 1573 Sicut
1080 1532 1116 1572 in
1144 1531 1282 1572 ieiunii
1312 1534 1349 1572 et
1375 1529 1647 1572 abstinentiae
1672 1529 1760 1586 lege

130 1599 306 1657 aliisque
354 1600 560 1643 similibus
609 1602 668 1644 t'as
715 1606 774 1644 est
826 1602 1055 1657 peregrinis
1090 1600 1164 1643 loci
1203 1613 1318 1643 usum
1353 1603 1484 1658 sequi,
1521 1603 1572 1643 ita
1608 1603 1761 1656 pariter

130 1670 289 1714 salvam
324 1684 413 1714 esse
446 1671 614 1715 cuilibet
648 1671 800 1715 clerico
836 1676 1079 1728 potestatem
1114 1685 1156 1714 se
1190 1671 1474 1714 conformandi
1512 1671 1653 1715 usibus
1682 1671 1756 1715 loci

130 1740 180 1784 ad
215 1754 338 1798 quem
375 1744 656 1797 transmigrat,
690 1744 789 1800 quin
824 1741 875 1785 ab
918 1741 1142 1785 Ordinario
1189 1755 1262 1784 suo
1312 1741 1387 1784 bac
1438 1753 1516 1784 una
1552 1743 1603 1784 de
1636 1754 1757 1784 causa

130 1811 378 1869 reprehendi
418 1812 479 1855 vel
516 1815 652 1869 puniri
692 1812 887 1856 valeat».

248 1885 347 1937 §2
396 1883 508 1941 Vaqi‘,
554 1897 726 1940 nempe:
776 1885 844 1941 qui
900 1882 1099 1926 «nullibi
1150 1882 1407 1926 domicilium
1459 1882 1649 1932 babeant⁷
1697 1882 1758 1925 rel

129 1956 246 2011 quasi
272 1954 527 1998 domicilium
553 1971 573 1996 ))
613 1954 721 2012 (can.
748 1953 835 2011 91),
872 1954 946 1998 bac
971 1954 1021 1997 de
1045 1966 1168 1997 causa
1193 1953 1436 2010 obliquatur
1459 1953 1631 2010 leyibas,
1655 1966 1760 2008 quae

131 2039 204 2082 pro
240 2027 337 2081 ipsis
370 2038 450 2083 qua
488 2028 673 2082 personis
706 2028 744 2069 in
780 2026 962 2069 Ecclesia
1004 2041 1022 2065 ((
1049 2026 1153 2068 latae
1186 2030 1343 2080 sunt»,
1377 2024 1420 2080 a)
1449 2029 1531 2066 tam
1553 2023 1760 2080 μηθ’-311-

130 2095 203 2139 bus
236 2096 288 2140 ob
321 2109 411 2140 can.
452 2097 519 2151 13,
563 2096 591 2155 ἓ
631 2098 662 2141 l.
712 2111 836 2154 (μιαηι
862 2096 922 2153 >b)
970 2095 1321 2152 particularibus,
1367 2109 1474 2152 (Jeme
1518 2095 1654 2150 risseio!
1687 2108 1758 2138 seu

129 2167 280 2210 actuali
317 2167 528 2224 obligandi
567 2170 605 2210 vi
642 2167 792 2224 pollent
821 2167 860 2210 in
887 2167 974 2210 loro
1000 2167 1040 2209 in
1066 2180 1144 2224 qao
1174 2170 1407 2208 versantur.
1435 2165 1596 2208 Etenim
1623 2165 1755 2221 ‹pioad

129 2237 358 2294 generales,
385 2241 539 2295 pariter
562 2251 609 2282 ac
634 2241 842 2295 peregrini
883 2254 902 2279 ((
924 2241 1092 2281 minime
1117 2242 1321 2291 tenentur,
1346 2239 1377 2279 si
1404 2239 1441 2279 in
1468 2235 1556 2278 loco
1580 2237 1760 2292 praefato

130 2322 210 2351 non
243 2309 427 2366 obligent
451 2326 489 2363 »,
526 2310 651 2353 idest:
687 2311 869 2366 gaudent
904 2309 1020 2353 locali
1055 2311 1344 2361 excusatione;
1380 2307 1513 2364 quoad
1541 2306 1758 2363 particula-

130 2393 196 2422 res
228 2385 366 2423 autem
401 2380 640 2437 obligantur
673 2386 952 2438 congruenter
985 2392 1153 2423 normae
1186 2392 1275 2422 can.
1321 2379 1384 2429 13,
1419 2381 1442 2431 §f
1476 2378 1514 2431 ¹2,
1558 2392 1605 2419 eo
1647 2376 1755 2434 quod

129 2449 311 2493 secunda
345 2451 527 2494 conditio
562 2451 616 2495 ibi
651 2454 847 2509 requisita
881 2450 1081 2494 domicilii
1124 2449 1185 2493 vel
1216 2448 1572 2507 quasi-domicilii,
1606 2449 1758 2490 taciens

129 2519 342 2563 subditum
377 2518 589 2566 Ordinarii
625 2522 733 2565 illius
767 2524 960 2565 territorii
996 2525 1274 2577 congruenter
1306 2525 1411 2563 can³.
1447 2519 1494 2561 91
1525 2524 1565 2571 ξ
1597 2518 1667 2568 1³⁰,
1695 2530 1759 2559 ve-

132 2592 318 2634 rificatur
351 2592 680 2650 aequipollenter
714 2595 751 2635 in
788 2606 894 2649 vago
928 2593 1025 2635 dum
1063 2594 1100 2634 in
1137 2591 1225 2634 loco
1264 2606 1283 2631 «
1308 2595 1400 2634 actu
1430 2593 1710 2632 commoratur
1735 2604 1752 2626 »

133 2662 182 2706 ad
220 2674 406 2704 normani
441 2663 524 2706 cit.¹
559 2669 667 2707 can.⁸
697 2664 724 2722 g
759 2664 796 2706 Q,

253 2732 319 2774 72.
355 2733 548 2779 Diversi
583 2748 729 2780 casus
761 2736 887 2790 legis
929 2736 1126 2778 dubiae.
1173 2733 1230 2775 Ad
1271 2744 1411 2774 sanam
1459 2731 1754 2784 interpretatio-

251 2886 261 2906 ¹
289 2884 332 2918 31
361 2884 477 2918 Mart.
511 2885 613 2923 1916,
643 2884 718 2919 CO.
750 2885 857 2925 VIII,
889 2886 969 2919 150.
