1950 3313
175 138 221 171 ‘20
724 150 727 152 >
800 168 804 172 ,
847 136 1125 172 INTRODUGTm

175 270 253 300 non
288 260 431 308 mutet,
463 261 522 299 est
566 255 751 299 absolute
795 255 1018 299 dicendum
1068 255 1173 299 hanc
1221 256 1481 313 disciplinam
1526 258 1576 300 ad
1613 256 1798 301 habitum

176 328 417 384 prudentiae
451 329 691 383 regnativae
724 340 813 370 esse
849 327 1146 383 reducendam,
1180 327 1251 370 sed
1296 327 1417 371 modo
1461 328 1688 371 scientifico
1733 341 1799 372 co-

176 400 405 455 gnitionum
443 397 743 455 acquirendam
780 410 869 440 esse
903 409 950 440 ac
985 397 1295 454 possidendam.

293 469 354 511 Ad
395 468 437 511 lm
471 482 569 525 ergo
614 468 854 523 dicendum,
899 468 1007 526 quod
1055 470 1155 511 iuris
1198 471 1383 512 canonici
1429 469 1616 513 doctrina
1660 471 1802 527 nequit

174 554 246 582 ars
290 541 453 596 proprie
495 539 590 594 dici,
626 552 721 583 cum
769 538 872 582 haec
922 539 1166 582 definiatur:
1215 544 1329 582 reeta
1372 539 1484 583 ratio
1527 538 1798 597 sactibilium,

175 610 298 654 habet
328 623 427 666 ergo
460 614 671 667 tamquam
720 609 928 653 obiectum
977 608 1204 666 suasibilia,
1241 615 1360 666 prout
1394 609 1505 653 haec
1538 615 1804 666 opponuntur

175 680 411 738 ayibilibus,
445 693 551 738 quae
585 694 732 737 nempe
767 683 804 723 in
843 680 1059 724 hominum
1093 680 1278 724 moribus
1311 683 1551 724 consistunt.
1588 680 1693 724 Hinc
1727 681 1797 724 de-

175 753 304 795 finitio
337 751 634 805 Iurisconsulti,
672 764 719 794 ac
766 751 1047 807 Praeceptoris
1092 750 1280 807 Angelici
1326 751 1469 806 verba,
1502 764 1650 794 nomen
1691 751 1799 794 artis

173 825 382 879 accipiunt
414 836 492 866 non
528 824 705 878 proprie,
737 822 808 865 sed
854 826 1057 879 quatenus
1102 824 1190 865 iura
1225 824 1388 879 cognita
1422 836 1493 865 seu
1529 822 1664 878 legum
1700 835 1800 866 con-

175 900 318 951 ceptus
349 898 442 937 sunt
475 893 523 937 ad
562 893 729 936 modum
773 897 872 936 artis
917 905 1040 936 verae
1079 892 1262 949 regulae,
1296 892 1446 950 quibus
1478 893 1629 937 debent
1663 894 1798 951 quoad

175 964 432 1007 honestatem
471 964 732 1015 conformari,
777 975 1065 1020 quaecumque
1107 965 1290 1006 actiones
1337 963 1466 1007 libere
1506 964 1607 1006 liunt
1641 963 1691 1006 ab
1724 963 1796 1006 ho·

176 1037 286 1077 mine
321 1035 348 1074 1.

292 1105 353 1148 Ad
400 1104 459 1147 ΙΙ111
503 1103 726 1147 dicendum
781 1104 890 1160 quod
925 1103 939 1125 ‘²
979 1106 1296 1160 «contingentia
1350 1103 1571 1161 dupliciter
1625 1108 1792 1160 possunt

173 1176 441 1229 considerari,
476 1189 555 1218 uno
591 1175 712 1217 modo
741 1176 968 1218 secundum
994 1175 1103 1232 quod
1138 1177 1416 1232 contingentia
1441 1180 1548 1229 sunt,
1573 1175 1651 1218 alio
1677 1175 1798 1218 modo

173 1247 401 1290 secundum
427 1246 534 1303 quod
571 1248 608 1288 in
643 1248 701 1289 eis
735 1245 890 1303 aliquid
927 1248 1182 1289 necessitatis
1206 1248 1429 1289 invenitur.
1463 1245 1570 1288 Nihil
1605 1248 1714 1289 enim
1739 1250 1802 1288 est

174 1318 277 1361 adeo
312 1320 567 1373 contingens,
592 1319 689 1374 quin
724 1319 763 1359 in
798 1330 840 1359 se
868 1317 1024 1374 aliquid
1051 1319 1330 1360 necessarium
1357 1316 1564 1361 habeat...
1587 1317 1651 1360 Sic
1677 1318 1802 1373 igitur

175 1390 470 1444 contingentia,
496 1392 616 1444 prout
649 1392 743 1430 sunt
776 1389 1071 1444 contingentia,
1105 1392 1413 1443 cognoscuntur
1446 1387 1601 1431 directe
1634 1387 1801 1444 quidem

175 1472 196 1503 a
230 1458 431 1514 sensibus,
468 1459 669 1501 indirecte
704 1462 842 1501 autem
878 1457 929 1501 ab
974 1458 1204 1501 intellectu:
1250 1460 1428 1501 rationes
1461 1463 1599 1501 autem
1634 1460 1800 1501 univer-

174 1530 280 1574 sales
298 1534 334 1573 et
355 1531 611 1572 necessariae
631 1530 960 1585 contingentium
981 1533 1289 1585 cognoscuntur
1309 1542 1381 1584 per
1399 1528 1665 1572 intellectum.
1686 1527 1803 1572 Unde

173 1603 206 1643 si
230 1600 494 1643 attendantur
518 1601 696 1642 rationes
720 1598 979 1642 universales
1004 1598 1262 1642 sensibilium
1283 1599 1406 1655 (sicut
1428 1612 1479 1641 ss.
1505 1611 1684 1642 canones
1707 1601 1797 1656 qui-

174 1671 250 1715 bus
273 1670 557 1714 conformandi
582 1674 676 1713 sunt
695 1674 811 1713 actus
832 1669 1015 1712 fidelium
1041 1668 1445 1726 sensibiles),omnes
1468 1671 1664 1713 scientiae
1682 1671 1799 1712 stric-

173 1748 212 1787 to
232 1756 351 1786 sensu
373 1742 506 1785 dictae
525 1745 619 1784 sunt
637 1741 688 1784 de
715 1743 981 1793 necessariis:
1007 1743 1038 1783 si
1059 1746 1196 1784 autem
1221 1741 1486 1784 attendantur
1515 1743 1627 1797 ipsae
1658 1754 1722 1784 res
1741 1740 1800 1798 (v.

174 1828 234 1871 gr.
269 1813 454 1857 fidelium
488 1815 671 1856 actiones
705 1812 756 1855 de
789 1812 939 1870 quibus
983 1825 1035 1854 ss.
1069 1824 1249 1855 canones
1287 1812 1450 1866 dantur,
1487 1811 1549 1855 vel
1584 1814 1648 1855 isti
1683 1817 1803 1868 prout

174 1883 456 1940 legislatorum
490 1883 679 1939 factum),
701 1884 760 1926 sic
793 1882 999 1940 quaedam
1032 1884 1202 1925 scientia
1227 1887 1285 1925 est
1309 1882 1360 1925 de
1384 1884 1641 1934 necessariiS,
1674 1894 1802 1939 quae-

174 1955 268 1998 dam
306 1967 404 1997 vero
437 1954 486 1997 de
521 1952 920 2009 contingentibus».
953 1952 1070 1997 Unde
1109 1966 1157 1996 ex
1194 1952 1269 1996 bac
1305 1958 1418 2009 parte
1451 1952 1668 2009 disciplina
1703 1954 1802 1996 iuris

174 2027 373 2080 canonici,
398 2038 478 2067 non
502 2038 621 2068 secus
644 2036 691 2068 ac
721 2023 927 2080 theologia
953 2023 1132 2079 moralis,
1146 2025 1317 2067 scientia
1339 2026 1523 2080 practica
1547 2023 1628 2066 dici
1653 2027 1799 2079 posset.

295 2095 357 2138 Ad
393 2095 471 2138 lllm
496 2095 719 2138 dicendum
759 2094 867 2152 quod
910 2097 1010 2138 iuris
1040 2096 1227 2138 canonici
1251 2094 1439 2138 doctrina
1473 2093 1597 2137 habet
1630 2094 1799 2151 quidem

175 2167 287 2210 velut
322 2165 529 2209 obiectum
561 2179 613 2208 ss.
648 2178 853 2209 canonum
890 2165 1073 2208 tidelium
1109 2169 1237 2219 actus,
1257 2167 1325 2222 qui
1360 2166 1646 2219 contingentes
1678 2178 1725 2208 ac
1761 2164 1803 2207 li-

174 2237 262 2281 beri
295 2241 401 2287 sunt,
435 2236 505 2279 sed
540 2236 775 2279 considerat
811 2236 1101 2280 rectitudinem
1137 2238 1175 2278 in
1210 2237 1268 2278 eis
1301 2235 1593 2289 inducendam,
1617 2247 1724 2292 quae
1759 2237 1796 2278 in

174 2323 226 2352 ss.
265 2307 491 2351 canonibus
533 2309 781 2359 continetur,
820 2306 1051 2364 horumque
1107 2305 1522 2350 determinationibus
1563 2319 1641 2349 non
1686 2306 1802 2350 deest

174 2378 341 2422 moralis
384 2377 600 2431 certitudo,
642 2377 886 2420 huiusmodi
910 2379 1176 2420 scientiarum
1202 2376 1419 2419 moralium
1455 2378 1633 2432 propria.
1658 2376 1725 2419 Sic
1760 2376 1800 2419 id

174 2453 284 2505 patet
317 2461 366 2491 ex
401 2447 446 2490 D.
481 2447 552 2490 Th.
588 2448 616 2502 3,
652 2446 718 2490 ubi
746 2447 795 2490 ad
846 2449 1164 2503 propositionem
1211 2446 1327 2490 «Sed
1363 2459 1442 2488 non
1477 2448 1661 2489 omnium
1695 2457 1801 2502 quae

173 2532 196 2563 a
231 2518 456 2562 maioribus
499 2518 587 2574 lege
632 2523 783 2561 statuta
828 2523 935 2572 sunt,
972 2520 1073 2560 ratio
1121 2517 1238 2560 reddi
1284 2522 1427 2572 potest,
1462 2522 1504 2560 ut
1538 2516 1801 2573 Iurisperitus

173 2589 305 2633 dicit»
336 2592 349 2611 ‘³
385 2589 625 2645 respondet:
667 2588 944 2642 «dicendum,
970 2588 1077 2645 quod
1106 2587 1279 2630 verbum
1304 2587 1401 2631 illud
1428 2587 1652 2643 iurisperiti
1689 2586 1801 2629 intel-

173 2659 382 2716 ligendum
418 2663 475 2702 est
511 2661 548 2701 in
584 2659 658 2705 liis,
693 2671 798 2716 quae
834 2658 1066 2701 introducta
1092 2662 1186 2701 sunt
1218 2670 1240 2700 a
1265 2657 1489 2701 maioribus
1523 2660 1632 2701 circa
1669 2658 1794 2713 parti-

292 2837 301 2857 1
331 2838 362 2869 1.
390 2838 420 2870 2.
450 2847 484 2880 q.
519 2835 676 2870 LVHa.
702 2836 737 2875 4,
767 2846 855 2879 corp
903 2856 936 2859 —
968 2835 981 2856 2’
1012 2838 1024 2868 1
1055 2846 1088 2879 q.
1107 2834 1312 2868 LXXXVI
1339 2845 1373 2868 a.
1402 2834 1434 2868 3.
1461 2845 1492 2867 c.
1520 2854 1564 2859 —
1588 2834 1601 2855 3
1631 2835 1662 2867 1.
1691 2834 1724 2866 2.
1753 2845 1789 2877 q.

174 2883 277 2916 XCV
304 2895 332 2917 a.
360 2884 381 2916 2
408 2882 454 2916 ad
480 2883 543 2916 411¹.
573 2902 616 2908 —
641 2884 655 2904 ⁴
682 2882 766 2916 Lib.
797 2882 815 2916 I
841 2881 879 2915 ff.
910 2882 974 2915 tit.
1003 2882 1024 2915 3
1051 2881 1096 2915 de
1132 2881 1285 2926 legibus
1319 2885 1359 2915 et
1385 2885 1580 2915 senatusc.
