1950 3313
196 202 241 233 2⁸2
666 201 747 234 Lus.
775 201 819 234 V.
846 221 858 226 -
885 201 995 235 PARS
1021 201 1050 236 Ι.
1077 221 1088 228 ·
1116 202 1173 237 De
1197 203 1347 238 delictis
1491 203 1584 238 Can.
1610 202 1815 237 2204-2205

196 320 349 363 idcirco
382 322 597 362 statuerint
624 321 757 362 minus
779 333 926 363 severe
950 322 987 362 in
1014 320 1103 364 illos
1125 322 1560 365 animadvertendum.
1586 322 1675 364 Pari
1703 335 1815 375 vero,

195 404 265 433 sen
302 393 434 446 potius
466 390 611 433 eadem
649 390 766 445 plane
801 392 969 443 ratione,
1003 404 1125 448 quan]
1162 391 1437 435 differentiam
1472 397 1701 448 agnoscunt
1734 405 1818 435 sae-

196 461 275 503 culi
311 460 422 516 leges
456 463 492 502 in
529 463 670 516 poenis
702 461 937 504 sanciendis
969 462 1172 505 adversus
1207 476 1311 518 reos,
1345 463 1489 506 eadem
1534 476 1713 521 aequum
1758 467 1819 506 est

198 533 234 572 in
269 531 423 573 eisdem
459 533 539 573 reis
572 533 842 574 immunitatis
875 530 1076 576 beneficio
1120 532 1389 576 defendendis
1425 533 1729 577 ecclesiasticas
1762 533 1816 576 le·

197 614 267 657 ges
303 615 661 656 recognoscere».
846 598 849 602 ’
1500 634 1502 636 .

313 670 480 727 Absque
523 671 648 714 dubio
692 672 884 715 deferens
927 672 1022 716 huic
1069 675 1213 716 rationi
1260 673 1504 730 praescribit
1546 688 1634 716 scm.
1677 676 1817 718 2204.

198 739 338 783 Mimi-
370 746 409 784 et
441 754 521 784 non
565 745 706 786 stricte
753 743 1011 799 «puerilis»
1051 749 1093 787 ut
1129 746 1166 786 in
1201 744 1486 788 Decretalibus
1520 750 1650 797 aetas,
1685 745 1816 788 idest:

202 812 350 854 «infra
396 814 638 855 vicesimum
686 816 863 869 primum
909 816 1054 857 aetatis
1095 827 1249 857 annum
1292 815 1546 871 expletum»
1601 817 1708 870 (can.
1750 816 1816 869 88,

196 884 220 935 g
254 882 312 935 Ἰ),
347 887 470 939 atque
505 885 542 926 in
576 886 709 940 seipsa
743 884 1018 939 considerata,
1050 884 1135 927 nisi
1166 884 1287 928 aliud
1319 891 1490 940 constet,
1515 899 1563 929 ac
1587 885 1757 942 proinde
1778 890 1818 928 ut

198 957 477 1010 praesumptio
511 957 610 997 iuris
642 958 835 998 statuitur
868 967 1026 1009 norma,
1046 956 1153 1012 quod
1191 955 1257 999 illa
1291 956 1332 1013 a)
1367 956 1521 998 minuit
1554 959 1592 998 in
1626 970 1669 999 se
1692 969 1739 999 ac
1765 959 1821 999 iu-

199 1027 252 1067 ris
283 1025 425 1068 lavore
458 1024 603 1068 delicti·
635 1025 856 1069 cuiuslibet
888 1026 937 1069 ad
974 1039 1160 1069 normam
1206 1029 1334 1070 totius.
1370 1040 1458 1070 can.
1495 1027 1607 1070 2195
1641 1027 1821 1084 imputa-

195 1093 401 1138 bilitatem
442 1109 490 1138 ex
537 1096 685 1152 triplici
734 1099 907 1152 origine,
954 1095 995 1153 b)
1029 1110 1156 1154 eoque
1196 1097 1332 1154 mayis
1379 1099 1614 1140 «minuit»
1653 1110 1730 1154 quo
1766 1096 1821 1140 aci

196 1164 426 1223 infantiam
458 1167 642 1210 scilicet:
683 1183 702 1207 <‹
726 1172 820 1210 ante
855 1167 1019 1224 plenum
1055 1170 1356 1224 septennium»
1394 1167 1508 1225 (σω).Ὶ
1529 1168 1597 1222 88,
1619 1170 1643 1220 ξ
1667 1168 1706 1223 3)
1727 1181 1822 1225 pro-

193 1236 291 1294 pius
325 1236 497 1281 accedit.

317 1309 382 1351 18.
420 1310 491 1355 De
523 1312 611 1362 his,
645 1324 773 1367 quae
806 1312 853 1354 vi
885 1314 1107 1356 metusve
1141 1325 1292 1356 causa
1324 1312 1449 1356 fiunt
1470 1310 1586 1353 adest
1611 1312 1648 1352 in
1676 1309 1821 1353 Decre-

197 1378 347 1422 talibus
389 1379 552 1423 rubrica
597 1380 670 1423 tit¹
714 1381 781 1435 40,
816 1380 902 1424 Lib.
939 1380 964 1423 l.
999 1380 1098 1424 Cum
1134 1386 1283 1424 statuta
1327 1394 1530 1425 canonum
1578 1381 1653 1424 bac
1694 1381 1744 1424 dc
1779 1394 1821 1428 re

197 1452 277 1492 sint
309 1450 554 1506 quamplura
601 1454 712 1493 iuxta
759 1451 924 1494 diversa
972 1453 1071 1494 iuris
1114 1454 1310 1505 instituta,
1345 1454 1541 1507 sapientis
1575 1451 1824 1507 legislatoris

200 1518 391 1562 voluntas
423 1523 459 1562 in
494 1521 672 1564 diversis
704 1519 866 1564 Codicis
901 1521 999 1564 locis
1031 1521 1195 1564 casdem
1231 1534 1376 1564 causas
1410 1525 1647 1577 pertractat,
1683 1526 1725 1564 ut
1757 1533 1822 1564 ca-

198 1603 326 1633 nones
358 1593 445 1633 sine
477 1590 729 1634 obscuritate
774 1596 987 1648 proponat.
1032 1592 1093 1635 Ad
1130 1591 1269 1635 delicti
1314 1591 1677 1648 imputabilitatem
1713 1593 1822 1649 quod

198 1663 353 1713 attinet,
380 1664 543 1717 ponitur
567 1676 655 1704 ran.
681 1664 822 1717 2205,
861 1662 910 1705 ad
951 1665 1071 1705 cuius
1103 1662 1416 1718 intelligentiam
1441 1675 1533 1705 cum
1563 1662 1575 1684 1
1613 1662 1750 1706 lnnoc.
1775 1663 1823 1705 lll

202 1732 552 1788 «distinguimus,
589 1738 723 1776 utrum
761 1736 793 1776 is
826 1735 893 1790 qui
929 1735 1209 1776 communicat
1242 1736 1613 1776 excommunicatis
1653 1736 1819 1782 invitus,

197 1805 248 1846 sit
282 1816 353 1859 per
385 1806 640 1847 coactionem
685 1805 921 1858 adstrictus,
964 1809 1032 1847 aut
1068 1817 1139 1860 per
1172 1808 1328 1847 metum
1370 1804 1575 1847 inductus.
1615 1803 1656 1846 ln
1693 1806 1824 1859 primo

198 1886 294 1917 casu
330 1874 450 1917 talem
488 1888 565 1917 non
599 1875 809 1918 credimus
827 1877 1261 1918 excommunicatione
1285 1877 1428 1929 teneri,
1454 1888 1546 1918 cum
1574 1877 1705 1931 magis
1729 1877 1823 1931 pati,

199 1958 320 2001 quam
356 1957 480 2000 agere
513 1948 799 1989 convincatur.
835 1945 875 1988 ln
910 1946 1093 1989 secundo
1119 1945 1213 1988 licet
1249 1950 1382 1988 metus
1414 1949 1598 1988 attenuet
1631 1946 1825 2001 culpanl3

199 2017 294 2072 quia
328 2021 463 2058 tamen
498 2028 587 2059 eam
625 2030 702 2059 non
739 2029 905 2072 prorsus
938 2016 1137 2070 excludit,
1170 2029 1266 2059 cum
1306 2029 1378 2072 pro
1403 2015 1514 2058 nullo
1541 2020 1651 2058 metu
1678 2015 1825 2058 debeat

199 2089 290 2143 quis
335 2087 506 2130 mortale
552 2092 765 2143 peccatum
810 2090 1036 2140 incurrere7
1082 2087 1525 2130 excommunicationis
1569 2085 1658 2129 labe
1692 2085 1823 2128 credi-

204 2171 292 2200 mus
326 2160 530 2214 inquinari
555 2174 595 2200 )).

318 2228 391 2271 His
425 2231 636 2285 principiis
668 2229 893 2272 concordat
927 2242 1072 2279 canon,
1104 2228 1181 2271 sub
1213 2228 1269 2285 §g
1301 2228 1479 2271 diversis
1514 2227 1631 2283 plene
1662 2239 1827 2270 normas

200 2299 401 2343 exhibens
433 2299 772 2351 circadelictum,
808 2304 851 2342 ut
884 2299 1079 2342 diximus.
1113 2298 1140 2356 ἓ
1173 2301 1206 2341 1.
1254 2297 1334 2351 WS,
1366 2298 1553 2341 scilicet:
1588 2310 1737 2341 causae
1772 2300 1826 2340 in·

203 2370 474 2426 dependentis
492 2383 513 2413 a
536 2370 746 2413 voluntate
766 2369 966 2426 impulsus
985 2369 1034 2412 ad
1055 2369 1262 2425 agendum
1286 2369 1350 2412 vel
1373 2369 1550 2425 repulsio
1574 2369 1625 2412 ab
1648 2369 1825 2424 agendo,

199 2440 390 2499 pltysira,
424 2443 517 2498 quia
556 2441 755 2497 impulsus
801 2440 863 2483 vel
909 2440 1087 2496 repulsio
1132 2442 1168 2482 in
1210 2454 1360 2496 corpus
1403 2442 1575 2496 eiusque
1610 2439 1826 2482 facultates

201 2511 344 2554 saltem
382 2514 562 2554 internas
594 2526 641 2555 ac
676 2513 858 2554 fortassis
890 2513 1110 2560 sensitivas
1145 2513 1356 2566 recipitur,
1389 2513 1478 2554 sive
1511 2523 1531 2553 a
1564 2522 1690 2553 causa
1716 2514 1828 2553 natu-

205 2582 291 2632 rali,
333 2587 417 2625 tum
464 2584 682 2625 intrinseca
722 2596 757 2623 v.
791 2596 850 2638 gr.
889 2581 1031 2624 morbo
1073 2581 1227 2638 aliquo,
1273 2586 1358 2624 tum
1404 2583 1636 2624 extrinseca
1689 2594 1726 2621 ν.
1766 2594 1827 2636 gr.

201 2658 364 2696 amente
397 2653 591 2710 quodam,
625 2656 713 2695 sive
747 2665 767 2695 a
802 2665 925 2696 causa
960 2652 1088 2695 libera
1125 2657 1166 2694 ut
1200 2651 1426 2707 plurimum
1471 2651 1722 2707 producatur
1752 2652 1827 2704 vis,

203 2737 309 2780 quae
340 2729 475 2766 tamen
508 2737 669 2766 onmem
701 2723 852 2765 citimi!
885 2722 1038 2779 ayemli
1072 2722 1147 2765 boc
1181 2727 1267 2766 est:
1304 2721 1381 2778 legi
1417 2721 1575 2777 poenali
1601 2734 1645 2764 se
1667 2721 1824 2764 confor-

205 2794 340 2837 mandi
375 2794 623 2852 facultatem
669 2794 856 2847 liberam,
892 2798 987 2836 tunc
1020 2792 1230 2847 delictum,
1268 2797 1405 2848 utpote
1440 2792 1546 2848 quod
1582 2805 1674 2835 esse
1706 2790 1828 2834 debet

324 2948 335 2969 ¹
363 2946 452 2991 Cap.
482 2949 514 2982 5.
546 2947 597 2980 tit
635 2948 692 2987 40,
722 2947 805 2981 Lib.
833 2947 862 2986 Ι,
890 2946 939 2982 X.
