1950 3313
130 153 201 187 230
502 152 585 186 Ltss.
611 152 653 185 V.
675 171 687 176 -
708 151 817 186 PARS
835 152 907 186 111.
929 172 941 179 -
961 153 1016 188 De
1028 157 1166 198 poenis
1185 157 1228 189 in
1245 155 1383 190 delicta
1434 155 1526 191 Can.
1553 156 1766 194 2338-2339

136 285 324 316 normam
358 284 447 316 can.
474 271 602 327 2274,
636 275 660 325 ξ
695 272 733 327 3,
771 272 834 317 vel
868 272 968 316 nihil
1005 273 1212 330 addendo,
1243 280 1341 317 sant
1376 277 1547 332 praefati
1581 279 1640 320 rei
1674 277 1763 334 ipso

131 343 245 402 facto
279 342 483 386 fulminati
518 343 724 387 interdicti
749 356 796 388 ac
824 346 860 386 vi
885 343 1007 387 liuius
1031 347 1200 388 canonis
1229 345 1516 403 personaliter
1547 347 1766 391 interdicti

130 414 180 457 ad
216 425 401 456 normam
436 426 525 457 can.
563 413 675 457 2275
709 418 833 472 atque
868 428 1045 459 censura
1084 420 1252 472 propter
1290 419 1592 461 contumaciam
1629 421 1667 461 in
1700 431 1762 462 sa-

128 485 370 527 tissactionis
403 483 466 527 vel
504 487 775 541 reparationis
808 485 990 530 scandali
1026 486 1207 542 defectu,
1230 489 1319 530 sive
1354 487 1409 530 illi
1444 494 1761 545 cognoscantur,

127 557 217 598 sive
251 556 378 611 ignoti
412 555 576 598 fuerint.

249 625 345 670 180.
381 626 581 672 Sanctio
613 629 961 683 prohibitionis
993 630 1278 685 sepulturae
1304 631 1762 676 ecclesiasticae.—

132 695 237 739 «Ex
270 699 386 752 parte
420 700 577 739 tantum
614 709 707 740 cum
745 699 874 740 veteri
900 699 988 740 iure
1013 702 1206 753 congruit
1230 714 1250 739 J)
1274 698 1382 756 (can.
1404 699 1443 754 6,
1462 699 1540 754 3⁰),
1559 712 1630 742 seu
1664 712 1757 742 cum

127 770 275 811 (ῖοηεῐ.Θ
301 766 354 809 Pii
382 765 435 808 ΙΧ
458 769 579 810 citata
615 767 750 824 quoad
786 770 1261 812 excommunicationem
1298 772 1472 825 primam
1507 771 1662 813 nemini
1696 783 1758 813 re-

125 842 352 889 servatam,
377 839 626 881 ean.23.39.
662 838 728 882 Sic
764 837 829 881 illa
864 844 1062 895 concepta
1098 840 1254 882 fuerat:
1295 855 1315 881 ((
1338 839 1578 883 Mandantes
1601 854 1673 884 seu
1697 854 1761 885 co-

125 913 271 965 gentes
304 908 409 951 tradi
445 908 752 952 ecclesiasticae
785 908 1027 965 supulturae
1061 909 1293 953 haereticos
1325 913 1609 965 notorios,aut
1632 914 1760 954 nomi-

126 981 254 1022 natim
290 981 674 1023 excommunicatos
708 979 771 1022 vel
808 980 1112 1023 interdictos».
1138 980 1440 1037 Praeseriptum
1470 995 1566 1025 vero
1589 984 1759 1025 canonis

121 1054 210 1095 est:
248 1048 332 1103 Qut
364 1049 461 1092 ausi
492 1049 668 1108 suerint,
701 1051 810 1094 unde
844 1050 1098 1108 «quaelibet
1146 1051 1478 1108 imputabilitatis
1525 1054 1758 1096 imminutio

126 1123 217 1164 sive
250 1134 299 1164 ex
336 1126 451 1177 parte
486 1121 718 1165 intellectus
750 1123 840 1165 sive
864 1135 912 1165 ex
939 1126 1054 1178 parte
1091 1121 1312 1166 voluntatis
1345 1125 1489 1166 eximit
1522 1135 1542 1166 3
1577 1136 1751 1180 poena»

122 1193 328 1249 sequenti,
362 1205 482 1235 secus
515 1205 562 1235 ac
597 1194 634 1234 in
671 1195 759 1236 iure
795 1195 920 1236 veteri
955 1192 1187 1245 eveniebat,
1222 1193 1262 1250 a)
1295 1193 1502 1236 mamare
1533 1197 1756 1238 auetorita-

122 1265 224 1316 tive,
249 1277 284 1308 v.
305 1276 365 1319 gr.
385 1263 592 1320 Syndicus
624 1265 820 1313 civitatis,
846 1264 1083 1307 Praefectus
1118 1264 1373 1319 Provinciae,
1399 1264 1566 1308 etevel
1602 1264 1757 1309 habens

122 1338 366 1390 potestatem
403 1336 440 1376 in
476 1336 788 1390 coemeterium,
822 1348 894 1377 seu
929 1334 971 1391 b)
1005 1348 1151 1391 eoyere
1187 1337 1223 1377 vi
1261 1334 1323 1378 vel
1359 1340 1470 1378 metu
1513 1338 1647 1391 gravi,
1681 1339 1755 1380 etsi

123 1417 323 1461 personae
359 1407 567 1460 privatae,
586 1404 702 1448 tradi
733 1405 1045 1448 ecclesiastieae
1077 1405 1462 1464 sepaltarae,quod
1500 1409 1666 1463 proprie
1699 1407 1757 1450 ‹li-

121 1478 230 1518 citur
262 1475 398 1532 quoad
434 1475 734 1519 inhumandum
764 1475 826 1519 vel
853 1476 1114 1519 condendum
1140 1476 1321 1519 cadaver
1349 1492 1369 1517 «
1393 1479 1432 1519 in
1466 1477 1554 1520 loco
1587 1489 1705 1520 sacro
1730 1493 1749 1518 ›>

122 1546 229 1602 (can.
266 1545 411 1600 1242),
446 1548 520 1589 etsi
558 1546 709 1589 violato
743 1560 814 1590 seu
851 1547 1083 1599 interdicto,
1119 1546 1159 1604 3)
1193 1546 1398 1603 infideles,
1430 1560 1601 1604 nempe:
1640 1563 1662 1589 c<
1684 1550 1753 1605 qui

121 1619 209 1660 sine
243 1615 447 1671 baptismo
481 1617 799 1672 decesserint»,
833 1617 1013 1661 exclusis
1052 1617 1362 1661 catechumenis
1390 1634 1411 1658 «
1434 1620 1503 1675 qui
1539 1618 1648 1662 nulla
1681 1631 1754 1662 sua

121 1687 241 1745 culpa
275 1690 363 1731 sine
398 1687 601 1744 baptismo
636 1690 866 1732 moriantur
890 1704 910 1729 »
940 1688 1048 1746 (can.
1076 1687 1220 1746 1239),
1247 1688 1288 1744 b)
1321 1691 1503 1732 notorios
1534 1694 1754 1746 apostatas

120 1773 144 1801 a
165 1757 387 1802 christiana
412 1757 506 1814 fide,
530 1757 569 1815 c)
594 1758 658 1801 oet
677 1757 924 1809 haereticos,
944 1757 988 1815 d)
1007 1757 1311 1814 sclz'z'smaticos,
1332 1758 1543 1802 videlicet:
1575 1774 1595 1800 ((
1617 1764 1753 1804 sectae

122 1829 356 1873 haereticae
391 1829 454 1872 vel
489 1829 822 1873 schismaticae...
849 1832 1008 1873 notorie
1041 1830 1229 1873 addictos
1251 1845 1291 1884 »,
1312 1834 1351 1873 et
1383 1829 1549 1873 additur
1582 1829 1751 1886 aliosve,

119 1902 214 1958 quia
249 1903 372 1943 etiam
409 1900 465 1943 illi
499 1905 594 1944 sunt
627 1903 992 1955 excommunicati,
1027 1913 1074 1944 ac
1108 1903 1296 1958 sequitur
1329 1900 1368 1958 e)
1403 1901 1489 1943 sive
1520 1915 1751 1944 exeommu-

118 1971 282 2014 m'eatos
317 1971 352 2029 f)
387 1972 473 2014 sive
505 1971 754 2015 interdictos
789 1972 982 2029 equidem
1029 1971 1299 2028 personaliter
1337 1984 1385 2015 ac
1424 1987 1443 2013 <t
1468 1977 1556 2028 post
1588 1977 1750 2015 senten-

119 2044 217 2085 tiam
253 2043 636 2086 condemnatoriam
672 2042 734 2086 vel
770 2043 1086 2087 declaratoriam
1111 2047 1211 2098 »,et
1244 2043 1344 2086 haec
1380 2043 1592 2099 multiplex
1626 2045 1750 2086 inter-

120 2115 294 2169 pretatio
328 2118 389 2156 est
421 2114 650 2156 seeundum
686 2113 939 2157 clausulam:
975 2119 1122 2156 eontra
1152 2113 1466 2171 praeseriptzmt
1499 2127 1591 2155 ean.
1617 2115 1751 2169 1240,

118 2187 143 2237 ξ
178 2185 220 2237 I,
256 2196 363 2241 quae
397 2186 564 2240 insuper
597 2187 780 2228 continet
814 2184 1099 2227 limitationem
1139 2184 1398 2240 singulorum
1432 2197 1480 2227 ex
1516 2183 1750 2241 declaratis,

125 2257 245 2298 «nisi
280 2260 374 2298 ante
409 2259 581 2298 mortem
617 2255 754 2312 aliqua
789 2255 979 2298 dederint
1014 2257 1292 2310 poenitentiae
1314 2256 1429 2310 signa
1453 2254 1750 2298 ›>.——Sanctio

120 2339 218 2369 vero
263 2330 322 2369 est
367 2312 476 2383 quod
521 2328 579 2369 sic
622 2325 912 2383 delinquentes
950 2341 972 2366 ((
995 2329 1136 2368 contra
1169 2327 1237 2368 cit.
1273 2327 1618 2381 praescriptum»
1656 2339 1749 2369 ooa-

117 2395 296 2439 trahant
329 2397 799 2440 eoecommanieatz'oaem
843 2396 958 2439 latae
1002 2396 1236 2439 sententiae
1280 2396 1437 2438 nemini
1475 2402 1749 2452 reservatam,

115 2481 288 2524 nempe:
345 2481 410 2511 «a
446 2481 526 2525 qua
571 2472 705 2524 potest
746 2467 980 2523 absolvere,
1030 2469 1068 2510 in
1111 2470 1197 2510 soro
1241 2467 1530 2510 sacramentali
1575 2467 1749 2524 quilibet

117 2540 419 2593 confessarius,
454 2543 570 2582 extra
599 2539 730 2581 sorum
755 2537 1056 2582 sacramentale
1079 2540 1332 2596 quicumque
1357 2537 1681 2581 iurisdictionem
1710 2540 1747 2582 in

114 2610 203 2652 foro
238 2614 412 2652 externo
445 2608 595 2653 habeat
630 2611 667 2652 in
704 2623 866 2653 reum»
905 2609 1016 2665 (can.
1051 2609 1177 2663 2253,
1215 2608 1290 2666 1⁰).

233 2680 313 2724 Alii
349 2693 514 2738 quoque
559 2682 694 2724 minus
737 2680 1025 2738 delinquentes
1070 2683 1107 2723 in
1152 2680 1329 2737 idipsum
1375 2682 1614 2736 puniuntur,
1649 2680 1747 2723 dum

116 2754 382 2809 prosequitur
415 2764 569 2796 canon:
613 2757 759 2810 sponte
790 2765 885 2794 vero
920 2751 1047 2794 idest:
1094 2765 1172 2794 non
1208 2753 1519 2807 praesupposito
1555 2751 1747 2794 mandato

118 2822 182 2866 vel
217 2825 431 2866 coactione
465 2822 726 2880 sepulturam
755 2838 774 2863 ((
801 2825 837 2865 in
876 2823 962 2866 loco
997 2834 1116 2865 sacro
1143 2838 1161 2863 ›)
1193 2827 1236 2865 ut
1268 2835 1405 2878 supra,
1441 2821 1595 2865 eisdem
1628 2827 1746 2865 antea

119 2895 333 2936 recensitis
365 2907 458 2937 cum
493 2893 843 2937 declarationibus
875 2892 1093 2947 donantes,
1128 2896 1330 2950 quatenus
1362 2892 1414 2936 ab
1447 2892 1509 2936 his
1543 2894 1745 2949 principa-
