1950 3313
180 167 246 200 162
694 163 779 196 Lm.
808 161 839 195 Ι.
868 182 880 186 -
906 161 1076 195 Normcze
1097 160 1294 205 generales

177 284 306 334 soria,
339 282 518 325 scilicet:
554 280 662 337 quod
696 280 1013 335 dependentiam
1051 280 1248 334 exprimit
1279 277 1330 321 ab
1363 278 1605 321 eorumdem
1631 278 1798 334 p1·ivile-

177 358 337 412 giorum
373 355 411 395 in
446 351 536 394 aliis
569 351 724 394 directa
759 352 1044 405 concessione,
1077 353 1174 392 tunc
1205 351 1301 406 quia
1336 351 1448 392 iuxta
1482 362 1567 405 reg,
1607 350 1707 392 iuris
1745 349 1800 392 42

179 428 216 468 in
251 427 307 465 6⁰.
348 439 367 464 α
392 424 680 466 Accessorium
721 426 908 464 naturam
952 422 1068 477 sequi
1113 422 1305 476 congruit
1347 419 1648 476 principalis»,
1681 419 1726 476 a)
1760 422 1798 462 in

176 495 361 539 subiecto
385 494 772 536 communicationis
795 496 1006 548 culpentur
1031 490 1112 538 illa,
1138 490 1181 546 b)
1203 490 1515 532 imminuuntm
1536 489 1576 547 c)
1596 489 1658 533 vel
1681 490 1801 532 amit-

178 571 324 608 {wmcr
358 567 444 620 ipso
478 564 598 616 facto,
633 564 729 619 quin
764 563 997 617 Superioris
1031 563 1289 604 interventus
1321 560 1513 617 specialis
1546 563 1798 618 requiratur,

176 636 213 678 si
243 636 355 693 forte
386 633 571 691 quolibet
604 646 653 676 ex
690 635 844 675 motivo
878 644 926 675 ac
962 631 1082 675 modo
1125 631 1269 674 eadem
1316 631 1532 687 privilegia
1567 633 1800 687 respective

177 707 217 763 a)
251 710 501 762 ‹iuqeammg
537 703 579 761 b)
613 703 921 746 immimcantm·
953 701 992 759 c)
1027 701 1089 744 vel
1122 707 1280 744 cessent
1324 702 1367 745 in
1401 701 1638 759 principali
1667 701 1798 759 privi-

177 777 355 834 [θρίω-ἴω
390 788 558 831 nempe:
596 777 633 816 in
667 773 852 818 subiecto
896 773 1137 816 eorumdem
1172 773 1329 816 directa
1362 775 1629 816 concessione
1662 772 1800 816 obten-

177 853 310 891 torum
345 859 366 889 a
400 858 480 903 qua
514 845 748 901 dependent
782 844 847 887 illa
882 846 1213 888 communicata:
1247 857 1363 885 secus
1398 843 1522 886 idest:
1567 843 1802 886 declaratus

179 917 389 971 multiplex
428 916 598 959 effectus
631 915 759 967 abest,
777 915 814 957 si
847 915 1128 972 acquirantur
1162 913 1380 970 privilegia
1411 926 1490 971 per
1522 913 1798 956 communica-

179 989 343 1042 tionem,
362 987 539 1031 scilicet:
574 988 783 1042 supposita
819 988 856 1027 in
889 985 981 1028 aliis
1013 986 1169 1028 directa
1194 987 1474 1034 concessione,
1499 984 1569 1027 sed
1594 983 1800 1042 informa

177 1073 305 1117 aeque
334 1056 567 1115 prins-ipah
601 1070 766 1113 nempe:
806 1055 943 1100 verbis
976 1056 1215 1099 documenti
1248 1055 1578 1111 exprimentibus
1606 1055 1717 1098 velut
1739 1055 1798 1097 di-

178 1135 287 1173 recte
319 1129 488 1172 concedi
523 1127 589 1171 alii
615 1127 833 1184 privilegia
858 1128 1131 1170 determinata
1157 1129 1194 1168 in
1220 1128 1523 1182 praeexistente
1556 1126 1798 1169 eorumdem

177 1200 375 1244 subiecto.
402 1226 453 1229 —
478 1199 538 1242 Ad
565 1200 737 1241 formam
761 1201 1035 1241 accessoriam
1063 1198 1206 1240 referri
1226 1199 1647 1240 communicationem
1674 1198 1799 1252 privi-

178 1272 378 1327 legiorum
413 1276 451 1313 et
484 1269 833 1325 imlulgentiarum
869 1270 1017 1312 tactam
1054 1282 1124 1325 per
1157 1270 1513 1324 aggregationem,
1557 1272 1716 1311 constat
1749 1281 1797 1310 ex

178 1345 377 1397 rescripto
408 1343 446 1385 S.
471 1339 618 1396 Congr.
646 1340 834 1396 lndulg.m
860 1341 871 1362 ¹
906 1341 1116 1396 sequentis
1141 1341 1316 1382 tenoris:
1347 1354 1366 1378 «
1387 1336 1510 1380 xvii.
1534 1337 1679 1382 Utrum
1714 1342 1798 1381 tuta

178 1415 228 1456 sit
261 1414 410 1469 opinio,
445 1424 550 1468 quae
584 1411 723 1455 docet:
758 1410 1030 1466 indulgentiis
1065 1423 1136 1465 pro
1163 1407 1321 1454 Ordine
1356 1410 1691 1452 communicante
1728 1421 1800 1464 per

179 1485 483 1527 revocationem
523 1483 774 1525 Pontiticiam
809 1481 994 1535 sublatis,
1030 1483 1156 1524 ceteri
1191 1480 1343 1537 quibus
1378 1479 1470 1522 illae
1511 1493 1582 1535 per
1614 1493 1798 1522 commu-

177 1557 424 1597 nicationem
460 1555 589 1596 factae
622 1558 716 1595 sunt
750 1555 953 1609 propriae,
990 1554 1037 1594 iis
1072 1553 1149 1594 frui
1195 1550 1463 1593 nihilominus
1505 1555 1688 1606 pergant,
1722 1552 1799 1593 nisi

179 1627 386 1668 revocatio
420 1637 613 1680 expresse
647 1626 770 1667 etiam
804 1623 853 1666 ad
889 1637 959 1666 eos
992 1622 1227 1679 dirigatur?
1262 1648 1314 1652 ——
1349 1622 1409 1664 Ad
1438 1620 1559 1664 XVll.
1583 1621 1799 1677 Negatixe,

179 1699 260 1739 imo
293 1695 391 1738 tals-a
417 1711 454 1736 ».

301 1766 392 1808 134.
438 1768 716 1812 Facultates
759 1767 1038 1811 habituales
1079 1767 1276 1821 aliaque
1320 1765 1689 1821 privilegiorum
1732 1765 1801 1808 di-

178 1840 317 1883 visio.
350 1838 387 1880 S.
412 1835 561 1892 Congr.
585 1837 623 1879 S.
649 1834 786 1880 Ollicii
810 1836 996 1879 decrevit
1023 1835 1061 1877 ²:
1102 1851 1121 1875 <(
1147 1834 1378 1878 Facultates
1401 1848 1544 1878 omnes
1568 1834 1800 1877 habituales

179 1911 217 1951 in
254 1913 459 1965 posterum
494 1908 811 1950 committendas
844 1921 933 1951 esse
966 1904 1201 1951 Ordinariis
1235 1906 1418 1949 locorum
1445 1921 1483 1950 ».
1511 1905 1566 1949 De
1600 1905 1679 1948 illis
1713 1918 1801 1961 pro-

179 1979 340 2022 dierunt
368 1978 493 2021 multa
518 1978 682 2021 decreta
708 1991 814 2035 quae
836 1991 1002 2021 sensum
1031 1977 1252 2021 verborum
1287 1975 1549 2033 exponebant
1572 1981 1610 2019 et
1635 1975 1798 2019 illorum

179 2051 548 2105 perseverantiam,
582 2061 660 2091 non
691 2048 878 2092 obstante
921 2048 1164 2091 eorumdem
1197 2045 1516 2091 Ordinariorum
1557 2048 1798 2089 mutatione.

179 2118 292 2162 Haec
325 2121 460 2161 onmia
495 2118 666 2162 collecta
701 2124 793 2162 sunt
829 2121 865 2161 in
901 2133 993 2163 ean.
1016 2121 1092 2161 66.
1125 2118 1208 2176 gl.
1245 2116 1500 2168 Facultates,
1524 2117 1654 2160 idest:
1689 2120 1802 2173 pote-

179 2195 303 2233 states
336 2202 478 2232 omnes
511 2189 616 2232 ultra
651 2192 712 2232 ius
745 2203 965 2233 commune
1007 2189 1198 2237 faciendi,
1237 2191 1327 2232 sive
1370 2188 1680 2239 iurisdictionis,
1711 2189 1800 2230 si-ve

179 2260 348 2310 ordinis,
381 2261 468 2302 sive
502 2260 870 2303 administrationis
901 2259 1193 2316 spiritualium,
1230 2273 1270 2303 v.
1302 2272 1363 2315 gr.
1399 2259 1449 2301 de
1483 2258 1800 2301 Poenitentiaria

179 2331 327 2383 dictae,
363 2330 619 2373 ministrandi
649 2331 1021 2381 contii-mationem,
1047 2329 1324 2386 indulgentias
1347 2328 1575 2385 elargiendi
1597 2329 1798 2385 quasdam

180 2400 396 2456 plenarias,
436 2413 540 2455 quae
588 2400 757 2443 vicariis
802 2414 848 2444 ac
895 2402 1114 2444 Praefectis
1157 2399 1404 2456 Apostolicis
1446 2399 1733 2442 conceduntur
1777 2410 1799 2441 a

179 2472 218 2515 S.
249 2470 398 2526 Congr.
433 2471 483 2513 de
519 2471 635 2527 l'rop.
671 2471 781 2525 Fide,
814 2477 892 2514 etc.
927 2470 1178 2523 habitualem,
1211 2484 1259 2514 eo
1292 2470 1401 2527 quod
1435 2470 1485 2513 ad
1527 2469 1695 2512 modum
1730 2481 1798 2524 po·
1856 2512 1859 2514 ,
1944 2517 1946 2532 4

178 2543 329 2584 tentiae
364 2540 425 2583 vet
461 2541 624 2584 habitus
657 2542 920 2597 possidentur
957 2542 1005 2584 ad
1053 2541 1190 2597 plures
1223 2545 1352 2595 actus,
1385 2545 1422 2583 et
1456 2542 1548 2597 quis
1581 2541 1710 2582 utitur
1742 2541 1800 2582 eis
1852 2558 1877 2586 ῃ
1944 2535 1946 2537 ’

179 2613 339 2668 quoties
375 2610 563 2665 voluerit,
598 2625 704 2668 quae
736 2611 1018 2654 eom-eduntur
1052 2613 1292 2668 praesertim
1338 2623 1359 2654 a
1401 2611 1506 2654 Sede
1548 2609 1798 2665 Apostolica,
1848 2598 1868 2625 '³'

181 2695 218 2722 v.
253 2694 313 2737 gr.
347 2693 368 2724 a
402 2681 468 2724 SS,
501 2680 912 2738 Congregationibus,
947 2694 968 2724 a
1001 2683 1037 2725 S.
1077 2682 1406 2734 Poenitentiaria‚
1431 2679 1471 2737 a)
1502 2681 1564 2722 vel
1587 2679 1631 2722 in
1652 2692 1798 2736 perpe·

181 2757 308 2807 tinam,
343 2764 447 2808 quae
481 2752 654 2807 proinde
688 2754 941 2795 constituunt
978 2766 1122 2795 verum
1148 2752 1428 2808 privilegium,
1453 2749 1494 2808 b)
1518 2749 1581 2793 vel
1604 2749 1659 2792 ad
1679 2762 1799 2806 prae-

296 2858 305 2879 ¹
334 2857 376 2891 31
404 2857 487 2891 Ian.
520 2857 622 2892 1893.
652 2858 751 2891 Acta
770 2857 806 2892 S.
824 2857 948 2898 Sedis,
970 2857 1095 2894 XXV.
1117 2858 1198 2892 508.
1220 2878 1264 2882 —
1289 2857 1304 2879 2
1328 2858 1374 2891 20
1391 2857 1485 2901 Apr.
1510 2855 1611 2895 1898,
1631 2854 1795 2889 Collect.

181 2903 219 2938 S.
250 2904 290 2938 C.
321 2904 365 2938 de
392 2904 434 2938 P.
461 2904 503 2938 F.
532 2916 571 2938 n.
602 2905 704 2938 1996.
