1950 3313
621 186 677 220 De
704 186 850 230 legibus
874 195 920 219 ac
946 185 1057 219 libris
1084 185 1281 229 lituryicis
1700 183 1774 217 185

78 339 82 343 ·
133 307 412 351 authenticam
448 305 705 359 declaravit3
739 304 946 361 simulque
979 305 1120 347 statuit
1143 303 1309 347 decreta
1330 302 1544 360 hucusque
1568 302 1763 359 evulgata

134 380 172 420 in
208 379 269 431 iis,
303 390 408 435 quae
441 377 652 420 dissonant
685 388 706 418 3
741 375 920 418 decretis
954 376 990 416 in
1027 373 1103 417 hac
1143 372 1393 417 Collectione
1424 375 1602 427 insertis,
1639 373 1765 416 veluti

133 448 331 505 abrogata
365 461 454 492 6556
486 447 708 501 censenda,
743 447 928 502 exceptis
961 450 1134 499 tantum,
1179 457 1287 502 quae
1331 458 1403 501 pro
1444 444 1772 500 particularibus⁴

135 519 324 563 ecclesiis
367 518 545 562 habeant
588 520 787 560 rationem
834 515 979 559 indulti
1014 529 1084 559 seu
1131 515 1382 572 privilegii...
1426 514 1651 559 Contrariis
1685 529 1769 558 non

135 589 392 634 obstantibus
425 589 759 646 quibuscumque
791 590 914 631 etiam
949 586 1117 643 speciali
1154 589 1361 629 mentione
1395 586 1596 642 dignis».

256 661 296 704 ln
330 660 406 704 bac
439 674 538 715 ergo
581 659 825 703 collectione
868 671 975 716 quae
1015 656 1253 701 inscribitur
1292 673 1310 697 «
1337 656 1430 701 Dec.
1466 657 1703 702 authentica
1727 658 1764 701 S.

136 733 182 777 R.
215 732 256 777 C.
283 747 322 783 )),
357 736 395 774 61
430 743 535 788 quae
568 735 727 774 constat
762 743 869 773 nunc
902 743 972 772 sex
1011 728 1304 777 voluminibus,
1346 730 1533 772 invenire
1569 729 1663 773 licet
1696 743 1775 785 pro

137 805 317 853 maxima
354 808 467 859 parte
504 801 674 845 Decreta
711 803 810 844 iuris
845 800 1038 857 liturgici.
1073 799 1161 843 Hoc
1199 813 1295 843 vero
1340 802 1402 842 ius
1440 800 1671 856 completur
1696 814 1769 856 per

135 874 214 918 alia
249 873 422 918 Decreta
456 873 710 930 subsequuta
745 877 781 915 et
803 874 840 914 in
865 872 1172 916 Commentario
1195 870 1358 914 officiali
1383 870 1500 914 Sedis
1519 870 1686 927 Aplcae.
1711 871 1769 914 di—

136 945 301 997 scenda,
335 949 458 1001 atque
492 943 856 986 fundamentaliter
890 944 1079 985 invenire
1113 941 1208 984 licet
1232 944 1269 984 in
1306 940 1420 985 libris
1454 941 1669 997 liturgicis.

260 1016 355 1060 1⁴57.
392 1017 521 1060 Libri
554 1016 766 1071 liturgici
800 1012 1062 1070 appellantur
1100 1028 1119 1052 «
1143 1014 1213 1070 qni
1237 1012 1500 1056 solummodo
1520 1011 1650 1066 Ritus,
1677 1012 1767 1056 l're-

136 1100 219 1141 665,
252 1088 455 1130 Sacrasve
488 1085 780 1129 Caeremonias
812 1085 961 1128 docent
985 1098 1032 1127 ac
1058 1083 1359 1140 praescribunt,
1382 1096 1488 1140 quae
1526 1085 1563 1125 in
1589 1083 1702 1126 cultu
1728 1083 1771 1126 li-

137 1159 298 1214 turgico
331 1156 565 1200 adhibenda
599 1160 691 1199 sunt
718 1156 729 1177 ¹
756 1171 796 1197 )>.

260 1229 354 1271 168.
392 1230 649 1285 Praecipiti
669 1242 759 1284 pro
785 1229 1004 1273 Ecclesia
1026 1228 1180 1271 latina
1203 1225 1439 1268 huiusmodi
1466 1225 1559 1269 libri
1578 1239 1628 1269 ex
1651 1225 1766 1269 Dec0.

137 1300 174 1343 S.
211 1299 377 1343 Rituum
412 1298 579 1355 (longi-³.
607 1299 620 1320 Β
660 1314 679 1338 «
707 1298 864 1341 Pluries
882 1309 903 1340 a
922 1298 1046 1340 Sacra
1067 1312 1086 1337 ))
1105 1301 1226 1340 sunt:
1261 1295 1302 1353 a)
1330 1295 1595 1339 B·reri(m·imn
1620 1296 1770 1340 Roma-

137 1385 248 1419 num,
284 1369 327 1427 b)
361 1368 538 1413 Missale
571 1368 832 1413 Romanum:
864 1368 903 1411 bi
929 1368 1011 1411 duo
1035 1381 1128 1411 cum
1156 1367 1453 1411 mutationibus
1471 1373 1638 1424 propter
1661 1367 1770 1411 Psal-

139 1441 290 1484 terium
324 1439 540 1484 Breviarz'i
583 1439 764 1483 Romani
803 1454 894 1481 eum
937 1438 1170 1482 Ordinarz'o
1212 1438 1355 1481 [lirim
1392 1438 1528 1496 Officii
1561 1444 1599 1482 et
1632 1439 1771 1484 Novas

139 1511 344 1556 Rubriras
378 1514 452 1568 ipsi
487 1512 670 1555 adiectas
703 1525 752 1554 ex
788 1515 916 1553 const.
956 1526 976 1550 «
1003 1510 1150 1553 Divino
1184 1510 1322 1553 afflatu
1348 1526 1368 1551 ))
1407 1510 1462 1552 l'ii
1487 1509 1522 1552 X
1556 1525 1586 1555 5.
1613 1524 1665 1555 m.
1692 1511 1706 1532 ³
1733 1516 1770 1554 et

138 1582 190 1626 ob
223 1582 516 1639 subsequentia
551 1581 724 1625 Decreta
759 1582 796 1625 S.
831 1581 994 1638 Congr³.
1036 1581 1218 1633 Rituum,
1252 1580 1292 1638 c)
1327 1579 1500 1624 Rituale
1522 1580 1776 1631 [fomentum.

139 1652 183 1710 (l)
220 1651 464 1709 Pontt'fieale
507 1651 752 1700 Romanum,
786 1654 826 1709 e)
864 1651 1221 1711 illartyroloqium,
1254 1650 1503 1706 Romanum,
1535 1657 1575 1696 et
1609 1652 1637 1710 1)
1677 1652 1772 1695 Γαθ-

139 1723 372 1767 remoniale
403 1722 723 1781 Epi-scoparum.

259 1795 355 1838 169.
391 1796 465 1841 De
498 1798 747 1852 potestate
785 1796 1139 1851 Episcoporum
1173 1794 1367 1850 specialia
1404 1797 1441 1837 in
1478 1794 1554 1838 hae
1600 1797 1775 1839 materia·

140 1866 293 1910 addere
326 1870 499 1923 oportet.
534 1865 635 1910 Cum
670 1866 798 1909 Sedes
831 1865 1066 1921 Apostolica
1101 1867 1223 1908 etiam
1258 1866 1393 1923 quoad
1430 1868 1600 1909 minima
1636 1868 1697 1909 ius
1730 1866 1772 1909 li—

139 1939 347 1994 turgicum
384 1939 422 1980 in
458 1937 694 1980 huiusmodi
731 1936 846 1980 libris
893 1937 1249 1987 determinaverit,
1285 1936 1507 1994 prohibens
1540 1938 1768 1996 quamlibet

142 2010 424 2061 mutationem,
460 2008 713 2051 additionem
743 2007 804 2051 vel
830 2006 1094 2063 ablationem,
1121 2012 1161 2050 ut
1190 2007 1438 2061 videbimus,
1461 2011 1649 2065 sequitur
1674 2008 1765 2065 Epi-

139 2081 275 2135 scopis
307 2078 544 2135 ademptam
580 2091 668 2121 6556
702 2080 739 2120 in
777 2077 853 2121 bac
878 2082 993 2134 parte
1018 2077 1292 2134 legislativam
1319 2083 1576 2135 potestatem,
1602 2081 1659 2122 uti
1680 2092 1775 2122 con·

139 2153 219 2192 stat
251 2163 301 2192 ex
335 2162 425 2193 can.
464 2149 573 2191 1257
609 2161 732 2205 supra
780 2148 920 2191 relato.
967 2149 1181 2191 Praeterea
1228 2151 1307 2191 iam
1344 2151 1380 2191 in
1416 2162 1451 2193 e.
1489 2148 1647 2192 Visensi
1673 2150 1686 2171 ³
1720 2149 1770 2192 ad

140 2219 313 2264 dubium
353 2235 372 2260 «
393 2214 461 2263 An
491 2219 679 2272 praelati,
712 2219 1024 2276 Arcbiepiscopi
1058 2233 1131 2263 seu
1167 2219 1356 2276 Episcopi
1391 2221 1773 2276 possintesseiudi-

140 2304 209 2335 ces
239 2292 289 2335 ad
314 2291 566 2335 declaranda
599 2290 725 2334 dubia
758 2304 882 2347 super
905 2293 1033 2334 sacris
1059 2290 1218 2334 Ritibus
1236 2296 1275 2334 et
1293 2290 1574 2335 Cael-emoniis
1592 2291 1772 2335 exorta?

141 2361 178 2404 S.
214 2361 259 2406 R.
294 2360 335 2406 C.
370 2361 572 2418 Negative
607 2361 880 2417 respondit».
917 2360 1116 2405 Remanet
1141 2363 1265 2417 igitur
1291 2375 1362 2417 pro
1386 2364 1445 2405 eis
1470 2364 1770 2418 praescriptum

141 2444 318 2489 sequens
361 2432 470 2490 (can.
506 2432 638 2485 1261,
670 2432 698 2490 ξ
734 2432 800 2475 ll:
842 2431 1086 2475 «Locorum
1121 2429 1334 2476 Ordinarii
1373 2432 1604 2489 advigilent
1639 2438 1679 2475 ut
1713 2446 1779 2475 sa·

141 2515 306 2545 crorum
349 2516 555 2547 canonum
600 2505 853 2560 praescripta
886 2503 937 2546 de
970 2503 1114 2546 divino
1147 2503 1260 2547 cultu
1304 2503 1447 2547 sedulo
1481 2503 1772 2557 observentur,

141 2576 179 2615 et
213 2576 454 2628 praesertim
489 2587 541 2618 ne
575 2576 612 2617 in
648 2573 804 2618 cultum
845 2574 1035 2618 divinum
1074 2576 1163 2617 sive
1198 2574 1452 2631 publicum...
1487 2576 1769 2630 superstitiosa

141 2642 222 2685 ulla
256 2646 395 2699 praxis
427 2644 661 2698 inducatur,
695 2649 765 2687 aut
797 2645 1024 2703 quidquam
1060 2645 1302 2688 admittatur
1335 2657 1355 2688 a
1392 2645 1472 2688 lide
1496 2645 1676 2688 alienum
1706 2644 1773 2687 vel·

140 2712 192 2757 ab
235 2713 514 2758 ecclesiastica
557 2715 778 2759 traditione
821 2715 1021 2759 absonum
1071 2715 1133 2759 vel
1177 2718 1307 2771 turpis
1349 2720 1545 2773 quaestus
1586 2718 1766 2772 speciem

144 2785 424 2840 praeseferens
448 2801 486 2826 )).

261 2891 272 2911 1
302 2890 343 2924 17
372 2889 466 2923 Maii
500 2890 601 2924 1911.
630 2868 710 2924 6οζ
734 2890 808 2932 111,
835 2891 916 2925 242.
962 2911 1001 2915 -
1042 2890 1055 2912 2
1082 2892 1101 2925 1
1128 2890 1227 2924 Nov.
1259 2890 1360 2924 1911.
1391 2890 1468 2924 cc.
1497 2890 1569 2927 ΠΙ,
1604 2890 1685 2924 633.
1729 2910 1775 2914 —

143 2938 157 2960 3
185 2939 225 2971 11
253 2937 342 2971 Iun.
373 2937 477 2979 1605,
504 2948 542 2970 n.
568 2937 647 2971 179.
