1950 3313
143 133 188 166 92
653 130 739 164 LIB.
767 130 798 163 Ι.
827 150 840 155 -
867 130 1039 164 Nor-mae
1059 130 1258 174 generales

139 263 233 293 nem
281 255 383 307 seq.⁸
420 251 589 292 canonis
639 251 905 305 praemittere
952 249 1157 306 quaedam
1205 262 1308 305 opus
1357 253 1430 292 est.
1477 247 1655 292 Dubium
1706 253 1767 291 est

144 323 336 363 «mentis
367 322 582 376 suspensio
614 331 807 363 assensus
839 319 1025 362 alterutri
1060 321 1386 376 propositionum
1428 319 1768 363 contradictoria-

139 405 229 434 rum
264 395 459 447 tanquam
500 402 686 433 verae».
721 390 760 434 Si
797 391 1096 446 propositiones
1126 391 1207 433 sint
1239 390 1290 433 de
1326 403 1368 434 re
1400 389 1670 446 speculativa,
1696 390 1770 433 du-

139 460 250 504 bium
284 464 345 503 est
376 460 697 516 speculativum,
731 462 763 503 si
797 460 848 503 de
882 459 1114 503 actionibus
1145 459 1360 503 hominum
1400 464 1458 503 est
1494 461 1660 516 proprie
1694 459 1769 503 du-

140 531 251 574 bium
287 533 529 586 practicum,
565 531 673 587 quod
712 530 901 574 ultimum
938 535 1069 586 potest
1102 533 1308 586 respicere
1352 533 1560 574 actionum
1600 529 1767 573 morali-

138 605 277 655 tatem,
310 614 357 644 ac
390 603 468 644 erit
502 604 666 657 proprie
700 600 874 645 dubium
909 601 1080 655 morale,
1116 601 1179 644 vel
1213 605 1336 653 artes,
1371 602 1631 653 industriam,
1655 614 1768 644 com-

139 674 353 726 mercium,
389 677 466 716 etc.
504 671 567 715 vel
612 672 780 715 demum
831 672 957 728 leges,
989 671 1141 729 quibus
1185 674 1342 729 regitur
1373 675 1562 726 societas,
1595 677 1635 715 et
1667 676 1765 715 tunc

141 742 356 786 vocabitur
391 744 555 799 proprie
588 742 762 786 dubium
797 743 1034 786 iuridicum.
1069 769 1126 774 ——
1158 742 1245 787 Hoc
1280 743 1470 786 ultimum
1508 747 1639 799 potest
1667 756 1766 786 con-

137 815 297 869 tingere
335 813 396 857 vel
431 826 480 856 ex
516 814 677 857 defectu
713 816 918 857 rationum
955 827 1026 869 pro
1059 818 1099 857 et
1129 818 1286 868 contra,
1324 819 1580 871 vocaturque
1613 816 1765 870 negati-

141 898 260 936 vum,
299 884 362 927 vel
396 884 448 927 ol)
484 887 660 928 rationes
693 897 799 942 quae
835 885 1057 928 militantes
1092 898 1164 941 pro
1198 890 1236 928 et
1270 889 1411 928 contra
1444 887 1591 928 mentis
1614 890 1764 929 statum

137 954 253 997 illum
287 960 471 1006 causant,
505 960 544 998 et
576 960 636 998 est
669 955 842 999 dubium
877 957 1115 1012 positivum.
1154 981 1205 985 —
1245 955 1432 1012 Denique
1475 955 1552 999 hae
1586 958 1768 1000 rationes

137 1025 386 1083 quandoque
421 1026 646 1069 fundantur
680 1029 717 1068 in
754 1029 839 1082 ipsa
874 1027 976 1083 lege,
1006 1027 1141 1084 quoad
1191 1026 1581 1083 promulgationem,
1626 1027 1762 1084 quoad

136 1109 302 1139 sensum
337 1096 445 1140 illius
479 1099 517 1139 in
551 1110 594 1140 se
631 1097 693 1140 vel
728 1097 902 1140 collatae
935 1111 1030 1140 cum
1063 1097 1154 1140 aliis
1188 1097 1350 1153 legibus
1394 1099 1579 1154 iurisque
1611 1099 1765 1151 princi-

138 1169 225 1223 piis,
260 1167 395 1224 quoad
431 1168 614 1211 eiusdem
652 1171 976 1221 revocationem,
1012 1181 1060 1212 ac
1093 1170 1170 1211 erit
1204 1167 1376 1211 dubium
1414 1170 1535 1218 iuris;
1578 1168 1765 1225 quando-

136 1250 216 1295 que
250 1243 386 1281 autem
420 1252 469 1291 ex
505 1238 781 1282 humanorum
815 1244 982 1282 actuum
1016 1241 1340 1283 circumstantiis
1369 1241 1523 1282 motiva
1547 1239 1762 1286 dubitandi

137 1311 339 1364 oriuntur,
389 1322 436 1352 ac
489 1315 660 1353 vocatur
712 1309 885 1353 dubium
936 1311 1045 1355 facti.
1094 1337 1151 1340 —
1201 1309 1376 1353 Dubium
1427 1309 1617 1366 designat
1664 1311 1763 1367 quid

137 1379 441 1433 subiectivum3
476 1381 545 1423 sed
581 1383 612 1423 si
647 1383 860 1437 contingat
891 1381 1119 1424 secundum
1167 1386 1346 1423 mentem
1388 1382 1628 1423 instructam
1666 1383 1767 1424 iuris

136 1463 184 1494 ac
217 1451 309 1494 sacti
344 1453 579 1507 cognitione
613 1452 765 1503 debita,
786 1454 864 1494 erit
897 1451 1069 1495 dubium
1104 1452 1372 1502 obiectivum,
1407 1454 1502 1506 quia
1532 1465 1575 1494 se
1601 1451 1766 1495 habebit

136 1536 185 1565 ex
223 1527 336 1577 parte
371 1524 498 1578 ipsius
533 1525 846 1579 propositionis,
879 1525 911 1566 si
947 1524 1125 1579 pendeat
1156 1536 1205 1566 ex
1240 1523 1405 1566 defectu
1439 1522 1603 1566 debitae
1629 1525 1768 1579 cogni-

137 1595 272 1648 tionis,
306 1595 384 1636 erit
417 1598 575 1636 tantum
610 1593 904 1648 subiectixum,
940 1594 1047 1650 quod
1085 1599 1300 1650 propterea
1336 1596 1473 1637 excuti
1508 1592 1644 1637 debet.

255 1663 313 1707 De
348 1664 491 1707 morali
536 1664 662 1708 dubio
713 1664 877 1721 regulas
924 1665 1101 1708 edocere
1148 1665 1198 1708 ad
1248 1664 1514 1721 Theologiam
1566 1664 1764 1707 moralem

137 1740 305 1790 spectat.
331 1734 520 1778 Manente
545 1738 671 1791 igitur
698 1738 939 1793 quaestione
972 1749 1019 1779 ac
1052 1740 1324 1792 systematum
1360 1736 1604 1778 diversitate
1628 1735 1763 1792 quoad

136 1808 225 1849 eius
260 1808 295 1848 in
333 1809 448 1862 praxi
483 1806 746 1860 solutionem,
781 1807 975 1864 idemque
1009 1807 1171 1850 dicatur
1204 1807 1255 1849 de
1289 1806 1379 1862 lege
1423 1806 1578 1855 divina,
1622 1811 1764 1863 quate-

138 1890 213 1919 nus
248 1877 460 1920 hominum
495 1890 631 1920 mores
664 1879 824 1934 dirigit,
859 1880 917 1921 sic
950 1880 1091 1921 statuit
1127 1891 1198 1934 pro
1223 1877 1396 1934 legibus,
1421 1890 1528 1935 quae
1555 1877 1606 1920 ab
1629 1876 1766 1920 Eccle-

136 1950 219 1991 siae
253 1950 496 1992 auctoritate
529 1948 613 1992 sola
652 1950 732 1991 vim
769 1948 935 2003 habent,
969 1963 1060 1991 cun.
1096 1951 1162 1992 15.
1198 1946 1327 2006 Leyes
1366 1948 1761 1992 «ecclesiasticae»

139 2023 304 2074 propter
338 2021 647 2075 inscriptionem
682 2018 803 2062 Tituli
836 2032 883 2062 ac
916 2019 1144 2063 secundum
1186 2019 1294 2062 illius
1336 2018 1670 2075 explicationem,
1705 2022 1768 2061 ast

139 2091 301 2145 proprie
336 2089 450 2143 tales,
487 2090 702 2133 videlicet:
741 2104 837 2133 vere
871 2090 1157 2146 promulgatae
1192 2089 1308 2146 (tunc
1341 2092 1450 2132 enim
1500 2104 1519 2129 <t
1545 2091 1764 2132 instituun-

137 2164 246 2202 tur»
285 2172 373 2203 can.
410 2161 449 2214 8,
482 2163 506 2212 ξ
543 2160 597 2217 1),
633 2161 812 2218 indeque
847 2166 967 2204 notae
1000 2166 1113 2204 certo
1137 2163 1421 2204 communitati
1446 2174 1518 2203 seu
1543 2159 1765 2210 obiective,

138 2244 185 2274 ac
219 2231 400 2273 nondum
435 2236 548 2274 certo
583 2236 816 2287 revocatae,
852 2244 943 2274 nam
996 2247 1015 2272 (ε
1050 2234 1088 2274 in
1133 2231 1259 2275 dubio
1301 2234 1412 2274 circa
1457 2233 1763 2274 revocationem

139 2301 283 2358 legis»
320 2302 437 2344 adest
469 2314 558 2345 can.
596 2302 661 2344 23.
698 2301 803 2346 Hinc
838 2304 918 2345 iam
953 2305 1221 2360 consequitur
1253 2315 1331 2344 non
1365 2301 1531 2345 extendi
1563 2314 1763 2344 canonem

136 2372 185 2415 ad
224 2372 334 2428 leges
368 2374 468 2415 iuris
500 2372 645 2426 (livini,
680 2375 776 2429 quia
809 2385 952 2416 earum
992 2372 1164 2416 dubium
1208 2372 1269 2415 vel
1307 2372 1455 2415 recidit
1498 2374 1536 2414 in
1581 2374 1761 2428 ipsarum

136 2442 306 2486 dubiam
339 2442 731 2498 promulgationem,
765 2449 889 2501 atque
922 2445 1032 2487 circa
1065 2456 1244 2486 canones
1271 2443 1530 2499 dogmaticos
1553 2442 1763 2499 sequenda

137 2526 280 2556 norma
314 2526 402 2556 can.
444 2514 570 2569 1323,
605 2517 632 2568 g
666 2515 705 2566 3,
751 2514 812 2557 vel
858 2514 977 2557 aliter
1024 2513 1076 2557 ob
1123 2513 1297 2557 dubium
1348 2519 1484 2557 essent
1531 2513 1764 2557 servandae

140 2589 306 2640 propter
338 2589 496 2627 certum
533 2585 641 2641 quod
678 2587 961 2628 incurreretur
1000 2584 1244 2640 periculum,
1285 2597 1332 2627 eo
1379 2586 1510 2640 magis
1552 2584 1661 2641 quod
1697 2584 1767 2626 ad-

137 2655 195 2697 dit
229 2667 382 2698 canon:
417 2654 544 2697 etiam
568 2654 790 2697 irritantes
822 2657 1076 2698 contrarium
1112 2659 1248 2698 actum
1275 2655 1409 2712 quoad
1441 2656 1568 2711 ipsius
1592 2654 1764 2697 effectus

137 2738 187 2768 ex
223 2726 453 2781 respectivo
489 2727 576 2768 iure
611 2730 868 2781 transgresso
903 2727 1207 2781 provenientes,
1242 2731 1280 2767 et
1315 2724 1636 2768 mltabilitcmtes
1676 2738 1765 2781 per-

137 2808 257 2838 sonas
291 2798 328 2837 in
364 2796 510 2838 eodem
536 2798 623 2838 iure
647 2796 697 2839 ad
722 2797 911 2840 ellicaces
934 2800 1063 2839 actus.
1086 2821 1136 2826 —
1169 2811 1187 2836 <c
1213 2795 1340 2852 Leges
1364 2811 1384 2837 ))
1423 2798 1547 2851 igitur
1576 2795 1761 2839 declara-

140 2871 202 2909 tae
237 2865 280 2922 α)
316 2866 357 2908 in
386 2865 509 2909 (lecbio
544 2866 651 2908 iaris
684 2866 734 2909 de
772 2865 1008 2922 verborum,
1042 2866 1320 2909 clausularum
1355 2866 1669 2922 significatione,
1699 2865 1761 2908 vel
