1950 3313
95 174 189 210 Cau.
215 172 309 207 2278
496 170 580 204 TIT.
611 171 718 204 VIII.
741 191 752 195 -
774 172 827 204 De
852 176 983 215 poenis
1011 174 1310 207 medicinalibus·
1655 175 1719 205 1511

96 292 195 339 gulas
215 301 380 338 personas
397 289 644 334 delinquentes
660 289 709 324 vel
731 289 763 323 in
781 301 870 324 com-
993 296 1011 331 ,ξ
1039 291 1070 325 tt.
1101 291 1134 325 Si
1162 291 1321 325 alterum.
1352 291 1586 325 communitas
1607 291 1719 334 prolit-

99 339 321 381 munitatem,
348 337 395 372 uti
422 336 540 376 talem,
567 336 618 388 vel
647 336 680 370 in
712 348 874 381 personas
951 338 1048 372 betur
1061 338 1362 373 exereitioiuriuin
1383 338 1616 383 spiritualium
1633 349 1720 382 quan

98 386 343 438 delinquentes
364 389 402 437 'et
428 388 730 419 communitatem.
759 431 764 435 .
952 385 1028 429 ipsi,
1059 385 1106 433 uti¹
1133 385 1391 423 communitati,
1420 390 1632 430 competunt.

148 438 167 477 ξ
193 434 227 468 2.
256 431 291 469 Sl
320 442 486 478 primum,
507 435 690 466 serventur
707 431 809 465 buius
828 442 878 465 ar-
998 436 1015 473 ξ
1043 431 1074 465 4.
1097 432 1130 465 Si
1152 432 1302 472 tertium,
1321 433 1461 466 olivetas
1481 432 1717 466 cumulantur.

102 480 198 517 tieuli
226 489 392 516 canones.

224 576 321 620 106.
354 575 610 631 Inscriptio
643 575 833 619 articuli
868 578 915 619 et
949 577 1252 619 coordinatio
1287 589 1538 620 canonum.
1562 575 1720 616 —lam

104 648 370 693 considerare
417 648 580 701 oportet
612 656 802 696 canones,
838 658 940 701 quos
982 647 1160 687 eontinet
1197 648 1283 688 ⁴trl.
1323 644 1383 687 ΙΙΙ
1415 648 1632 700 inscriptus
1670 644 1724 687 lle

105 718 378 778 suspensione
411 717 575 773 proprie
607 717 665 758 sic
698 715 822 758 dicta.
857 714 944 770 lpsa
977 717 1085 757 enini
1120 716 1242 757 allicit
1276 730 1438 771 semper
1471 716 1648 771 aliquam
1675 718 1725 757 t‘a-

107 790 302 835 cultatem
335 787 565 832 secundum
603 786 715 843 leges
749 799 990 842 possessam.
1028 788 1080 829 ita
1116 791 1155 828 ut
1191 788 1278 828 eius
1303 786 1455 828 licitum
1482 788 1723 828 ‹wei-citium

109 859 374 918 impediatur,
397 852 649 916 quandoque
675 870 773 899 vero
797 858 918 899 etiam
944 857 1090 899 etl'ectu
1117 856 1195 899 tale
1219 858 1461 899 exercitium
1499 858 1725 899 frustretur.

117 957 163 963 -
198 929 387 975 Facultas
419 928 485 972 illa
521 932 654 985 potest
686 927 863 971 obtineri
886 927 1113 971 secundum
1150 928 1331 969 divinam
1369 927 1516 982 legem,
1544 940 1578 969 r.
1604 941 1663 981 gr.
1690 929 1725 967 in

111 1001 414 1060 presbyteratu,
439 1002 535 1058 quia
559 1001 648 1043 eius
671 999 828 1042 ordinis
853 1002 1030 1055 potestas
1052 1010 1070 1041 a
1098 998 1336 1041 charactere
1369 996 1610 1039 sacerdotali
1637 1010 1730 1038 non-

110 1075 186 1117 nisi
221 1074 379 1116 ratione
412 1071 563 1114 differt.
598 1069 705 1113 Huic
738 1069 919 1112 facultati
972 1082 1044 1124 par
1087 1073 1144 1111 est
1184 1080 1469 1124 ‹uiaecunupie
1502 1080 1617 1109 sacro
1654 1069 1729 1108 ritu

112 1144 383 1188 ordinationis
414 1141 639 1195 obtinetur,
672 1143 745 1183 etsi
784 1142 860 1182 iuri
896 1145 1051 1182 tantum
1087 1139 1366 1182 ecclesiastico
1406 1138 1615 1179 innitatur.
1651 1136 1730 1178 Ali-

113 1214 279 1273 quando
311 1212 485 1257 facultas
517 1217 578 1256 est
612 1213 747 1269 potius
784 1210 1061 1254 subiectivum
1108 1212 1169 1252 ius
1210 1209 1437 1252 secundum
1472 1222 1523 1250 ss.
1558 1220 1734 1249 canones

114 1285 342 1336 obtentum,
376 1283 486 1341 quod
525 1282 586 1326 vel
621 1282 671 1325 ad
708 1284 892 1337 regimen
934 1280 1116 1324 tidelium
1161 1280 1402 1332 destinatur,
1439 1277 1499 1320 vel
1534 1278 1582 1320 ad
1617 1279 1734 1332 spiri-

115 1355 287 1400 tualium
321 1354 747 1398 administrationem:
798 1352 897 1395 illud
950 1355 1119 1394 vocatur
1158 1350 1398 1397 iurisdictio,
1434 1348 1538 1391 istud
1573 1360 1734 1390 sacrum

116 1428 407 1471 ministerium.
442 1424 632 1468 Facultas
665 1423 846 1481 denique
892 1425 928 1464 vi
974 1434 1177 1465 canonum
1216 1420 1423 1464 obtinetur
1456 1433 1551 1474 erga
1589 1423 1739 1472 tempo-

116 1498 217 1542 ralia
253 1497 355 1541 bona
391 1495 689 1550 ecclesiastiea,
723 1499 846 1552 atque
880 1491 960 1537 tale
995 1495 1055 1535 ius
1090 1492 1205 1548 plura
1231 1496 1271 1534 ut
1298 1494 1433 1546 partes
1465 1489 1541 1532 sub
1574 1503 1616 1531 se
1649 1501 1740 1530 con-

117 1571 231 1613 tinet.
266 1568 394 1625 Igitur
426 1569 641 1624 suspensio
675 1566 841 1609 afficere
875 1568 1006 1621 potest
1040 1563 1071 1605 1⁰
1105 1563 1261 1605 ordinis
1284 1565 1539 1618 potestatem,
1566 1559 1626 1601 xel
1654 1562 1739 1600 iura

118 1639 348 1698 spiritualia
384 1638 501 1695 plura
538 1637 602 1681 vel
636 1638 831 1694 pauciora
867 1647 1050 1678 unumve
1083 1633 1230 1687 solum,
1267 1633 1315 1674 llO
1353 1632 1415 1675 vel
1454 1631 1566 1687 plura
1603 1629 1739 1671 liuius-

121 1711 232 1755 modi
258 1713 346 1754 iura
380 1721 486 1767 quae
520 1709 701 1752 officium
726 1707 1053 1751 ecclesiasticum
1077 1707 1218 1748 stricto
1241 1717 1360 1746 sensu
1391 1704 1650 1753 constituant,
1680 1699 1739 1741 xe!

121 1781 192 1826 lll⁰
226 1784 289 1825 ius
321 1794 418 1838 erga
455 1780 560 1824 bona
594 1779 838 1835 temporalia
871 1782 1075 1835 quatenus
1108 1776 1206 1819 illud
1232 1775 1438 1817 adnexum
1463 1773 1596 1815 otlicio
1622 1770 1741 1814 bene-

123 1855 262 1897 ticium
297 1853 522 1907 constituit,
559 1850 621 1894 vel
657 1851 836 1907 denique
871 1847 939 1891 lVO
975 1853 1054 1890 tam
1091 1849 1178 1889 iura
1217 1859 1314 1901 erga
1357 1842 1584 1899 spiritualia
1619 1854 1741 1898 quam

123 1937 220 1981 erga
251 1922 508 1980 temporalia.

245 1995 466 2052 Propterea
489 1994 731 2037 definitione
755 1992 1034 2048 suspensionis
1058 1989 1151 2032 data
1181 2001 1251 2044 per
1274 2000 1362 2029 can.
1390 1984 1515 2034 2278,
1538 1983 1745 2026 adduntur

125 2069 164 2109 in
199 2079 247 2110 eo
280 2070 320 2109 et
351 2063 622 2123 sequentibus
655 2077 785 2121 usque
817 2063 866 2105 ad
901 2074 990 2105 ean.
1026 2060 1130 2103 2281
1172 2059 1396 2101 divisiones
1433 2056 1744 2110 suspensionum

124 2150 147 2181 a
180 2136 363 2194 generali
398 2135 691 2180 descendendo
715 2134 764 2178 ad
792 2131 1075 2190 particulares,
1098 2128 1303 2185 simulque
1337 2125 1580 2183 exponendo
1613 2125 1745 2177 singu-

127 2208 259 2252 larum
307 2208 478 2251 eflectus
525 2206 735 2250 iuridicos.
779 2197 1020 2248 Potestatem
1056 2199 1266 2245 Ordinarii
1303 2198 1378 2240 loci
1412 2195 1544 2254 quozid
1580 2207 1745 2249 suspen-

126 2282 282 2323 sionem
319 2279 533 2333 limitatur,
568 2281 608 2321 et
639 2279 698 2320 sic
731 2275 783 2320 ab
807 2275 883 2318 hac
907 2274 1174 2329 distinguitur
1206 2270 1419 2325 suspensio
1453 2267 1555 2310 latae
1588 2269 1747 2307 senten-

127 2352 222 2396 tiae.
255 2348 466 2403 Quosdam
501 2349 604 2392 alios
636 2348 806 2391 effectus
838 2345 1094 2401 suspensioni
1120 2348 1159 2384 et
1182 2341 1271 2384 aliis
1295 2340 1479 2382 censuris
1510 2348 1750 2380 communes

129 2420 338 2477 explicant
370 2433 462 2464 ean.
496 2419 625 2474 2283,
650 2418 900 2471 2284,(1υιη
925 2427 1054 2459 canon
1092 2413 1202 2455 2285
1236 2409 1396 2453 articuli
1434 2413 1660 2464 postremus
1694 2407 1750 2446 in-

131 2493 252 2535 nixus
276 2490 622 2548 praecedentibus
644 2489 827 2547 loquitur
850 2488 900 2530 de
923 2486 1203 2542 suspensione,
1228 2494 1332 2538 quae
1358 2482 1393 2521 in
1414 2478 1748 2521 communitatem

130 2576 202 2606 seu
236 2561 456 2618 collegium
491 2562 586 2605 ferri
622 2564 766 2617 potest.

251 2632 349 2676 107.
383 2633 733 2689 suspensionis
766 2630 988 2676 definitio
1022 2629 1069 2671 et
1102 2626 1227 2669 itlius
1251 2623 1430 2667 diversi
1455 2620 1674 2664 effectus.
1699 2639 1749 2643 —

135 2702 238 2748 Can.
274 2704 411 2746 278.
444 2701 472 2760 ξ
507 2705 540 2745 1.
578 2700 804 2759 Suspensio
854 2701 890 2741 in
944 2700 1030 2739 iure
1078 2695 1276 2738 canonico
1324 2696 1383 2733 es!
1432 2701 1604 2730 vens-nra
1651 2685 1749 2725 idest

137 2787 313 2831 «poena
349 2773 651 2817 medicinalis»
690 2785 771 2829 qua
805 2769 996 2812 clericus:
1034 2780 1080 2808 eo
1114 2764 1220 2821 quod
1258 2762 1295 2804 lii
1335 2779 1350 2800 «
1378 2760 1449 2801 soli
1487 2760 1648 2813 possunt
1686 2768 1752 2809 po-

135 2850 322 2890 testatem
357 2847 447 2888 sive
478 2844 636 2887 ordinis
668 2845 758 2886 Sive
793 2839 1086 2884 iurisdictionis
1127 2834 1428 2889 ecclesiastituc
1464 2829 1526 2884 (ar
1561 2840 1630 2882 per
1663 2837 1754 2867 con-

133 2930 314 2975 sequens
361 2915 642 2959 ecclesiastica
691 2911 844 2967 officia)
893 2914 931 2953 et
980 2907 1176 2951 beneticia
1226 2903 1411 2946 obtinere
1436 2917 1452 2939 »
1497 2898 1602 2954 (cim.
1641 2894 1751 2948 118).
