1950 3313
111 133 205 170 Cans
231 134 326 170 2:360
604 135 687 170 ΤιΤ.
713 137 798 171 XV.
828 159 841 164 -
871 140 927 174 De
953 142 1117 176 crimine
1142 142 1238 184 salse·
1663 149 1731 182 271

109 255 147 296 in
182 254 314 298 forma
351 253 506 308 Brevis,
540 258 579 297 et
612 257 734 298 etiam
772 257 870 301 falso
903 262 1114 315 signantes
1146 262 1466 318 supplicationes
1501 264 1732 308 liuiusmodi

107 323 184 368 sub
208 327 374 368 nomine
398 324 571 369 Romani
600 325 820 379 Pontiticis,
839 343 909 372 seu
936 329 1297 376 Vico-(lancellarii
1324 339 1391 377 aut
1415 333 1603 378 Gerentis
1626 339 1736 380 vices

109 395 414 451 praedictorum
440 410 480 437 ».
516 394 647 439 Alteri
681 398 956 443 correlativae
989 402 1058 444 sed
1101 418 1120 442 ((
1145 402 1357 459 Episcopis
1389 407 1478 448 sire
1502 402 1736 450 Ordinariis

109 470 347 510 reservatae
395 465 949 516 subiacere,declarantur:
992 471 1108 514 ...ΙΙΙ.
1147 472 1307 516 Litteris
1349 475 1584 530 apostolicis
1627 477 1737 519 t'alsis

108 538 288 580 scienter
321 541 495 589 utentes,
534 536 596 581 vel
633 541 797 582 crimini
833 554 879 583 ea
916 543 952 583 in
991 556 1032 585 re
1067 549 1397 599 cooperantes».

227 605 392 652 Omissa
427 611 735 664 cooperatione,
769 616 972 667 quatenus
1023 612 1123 656 liaeo
1173 628 1249 656 non
1286 616 1661 671 coniprehendatur
1697 621 1732 661 in

109 690 267 721 canone
300 691 408 722 nunc
443 678 706 734 explanando
740 686 909 737 propter
939 695 1028 727 can.
1065 684 1190 735 2231,
1226 690 1387 728 ceterae
1421 689 1602 729 actiones
1634 688 1734 730 doti—

109 753 222 792 ctnm
257 749 343 792 falsi
377 748 514 793 adhuc
549 753 816 806 constituunt,
844 755 900 795 rei
928 767 1026 796 vero
1051 754 1235 797 salsitatis
1258 757 1524 812 ‹planiplures
1559 761 1733 801 inreniri

109 824 265 877 queunt
299 822 458 863 ratione
502 829 689 864 actorum
736 835 842 879 quae
887 824 1170 878 l'alsiticantur,
1207 826 1268 869 vel
1303 829 1361 869 sic
1396 829 1431 869 in
1469 841 1584 870 usum
1621 829 1736 871 adni-

111 890 272 934 bentur.
308 890 393 934 lmo
427 903 508 935 una
542 896 582 935 et
615 893 759 936 eadem
786 898 1229 939 excommunicationis
1251 900 1451 940 sententia
1480 898 1735 956 relinquitur,

109 975 215 1020 quae
249 963 299 1006 ad
336 976 455 1006 usum
491 976 658 1021 quoque
692 967 961 1008 criminosum
997 967 1247 1010 extenditur.

227 1033 293 1077 Sic
328 1033 522 1077 redactus
557 1040 617 1077 est.
651 1049 742 1077 caiz.
776 1038 915 1079 9300.
943 1063 993 1067 -—
1020 1040 1045 1091 ἓ
1077 1040 1110 1080 1.
1141 1036 1449 1094 ()iii=71es‚etia=11
1486 1041 1522 1081 in
1557 1041 1737 1095 ‹pialibet

110 1104 310 1161 dignitate
358 1107 584 1159 constituti,
635 1111 705 1148 aut
756 1106 962 1163 Episcopi,
1002 1110 1186 1164 exceptis
1219 1108 1255 1151 S.
1292 1108 1336 1151 n.
1373 1108 1415 1151 E.
1451 1110 1737 1154 (jardinalilius

111 1174 218 1231 (can.
254 1175 381 1231 2227,
407 1178 431 1230 ἓ
457 1175 518 1233 2),
551 1177 593 1233 a)
625 1175 920 1234 fabricatores,
945 1192 992 1221 eo
1016 1179 1124 1235 quod
1150 1182 1363 1236 sequentia
1397 1180 1643 1224 documenta
1670 1184 1739 1223 tiu-

109 1250 260 1302 gantur
294 1248 350 1290 uti
391 1259 501 1302 vera,
537 1260 616 1290 non
654 1249 732 1290 iam
769 1249 877 1305 quod
924 1250 1155 1292 referantur
1191 1250 1301 1293 velut
1335 1253 1565 1296 existentia.
1602 1251 1642 1307 b)
1680 1252 1739 1294 rel

108 1316 302 1375 falsarii,
334 1317 515 1361 diversis
548 1319 682 1361 modis
715 1319 764 1362 ad
799 1318 1307 1380 Capitis·inscriptionem
1353 1321 1585 1374 declaratis,
1623 1336 1737 1365 vera-

111 1402 200 1432 rum
235 1388 277 1446 a)
311 1388 558 1432 litterarum
592 1392 629 1432 in
664 1391 795 1434 forma
830 1390 983 1444 Bullae,
1007 1390 1163 1445 Brevis,
1196 1391 1453 1448 Encyclicae,
1489 1392 1692 1448 Epistolae
1716 1407 1737 1437 a

109 1459 280 1503 Summo
314 1459 512 1503 Pontifice
545 1459 811 1517 subsignatae
837 1475 910 1517 per
931 1461 1221 1516 Secretariam,
1255 1461 1298 1519 b>
1331 1461 1604 1508 (leerelorum.
1634 1476 1738 1520 quae

109 1535 254 1587 sponte
286 1530 418 1574 solent
451 1530 540 1574 dari
575 1531 638 1574 vel
656 1531 696 1588 c)
729 1532 1047 1589 rescriptorum,
1072 1544 1178 1590 quae
1203 1532 1394 1589 precibus
1416 1532 1737 1591 subsequuntur,

111 1600 231 1644 Sedis
263 1600 532 1659 Aposlolz'cae
563 1602 613 1645 ad
649 1615 837 1646 normam
872 1615 963 1647 can.
997 1603 1036 1658 7,
1071 1615 1118 1646 ac
1163 1603 1335 1659 proinde
1380 1617 1458 1646 non
1491 1604 1623 1647 solum
1657 1608 1738 1648 sin-

110 1672 205 1728 gula
240 1672 489 1716 documenta
527 1686 599 1729 per
631 1673 668 1716 S.
695 1673 739 1716 R.
766 1672 809 1716 E.
834 1672 1136 1717 Cancellarium
1170 1673 1233 1716 vel
1268 1676 1357 1717 eius
1393 1676 1736 1731 vices-gerentem

114 1742 177 1787 vel
211 1756 284 1800 per
317 1742 438 1787 Card.
472 1743 751 1787 Secretarium
786 1745 936 1797 Status,
970 1745 1039 1788 sed
1076 1747 1198 1788 etiam
1227 1758 1298 1800 per
1321 1743 1601 1788 Moderatores
1633 1747 1741 1790 dica-

109 1816 331 1858 steriorum
367 1811 615 1871 subscripta,
649 1814 878 1858 dummodo
926 1817 1092 1858 veniant
1137 1817 1300 1871 proprie
1333 1815 1409 1859 snb
1444 1815 1522 1859 illis
1555 1817 1738 1859 denomi-

111 1883 361 1928 nationibus.
394 1883 568 1928 Notetur
604 1899 703 1928 vero
736 1885 845 1943 quod
879 1899 1029 1930 nomen
1069 1885 1390 1929 «litterarum»
1429 1889 1593 1942 proprie
1616 1892 1739 1944 atque

111 1970 161 2000 ex
196 1957 284 2000 iure
320 1956 583 2012 praecedenti
618 1956 668 2000 ad
701 1956 876 2000 Litteras
913 1956 1171 2013 Apostolicas
1203 1961 1265 2000 est
1296 1959 1545 2011 restrictum,
1570 1957 1663 2001 hinc
1687 1958 1736 2001 ad

113 2040 300 2071 normam
334 2039 423 2072 can.
461 2027 528 2082 19,
564 2040 657 2071 cum
695 2027 733 2070 hi
769 2041 950 2072 canones
983 2030 1052 2084 qui
1091 2040 1309 2084 «poenam
1343 2032 1541 2083 statuunt,
1573 2030 1739 2072 strictae

111 2097 272 2142 subsint
305 2100 704 2155 interpretationi»,
753 2098 917 2158 excludi
952 2098 1104 2142 debent
1137 2110 1158 2141 a
1192 2100 1362 2142 canonis
1395 2101 1648 2155 praescripto
1683 2099 1740 2142 ln-

112 2170 375 2219 structiones,
409 2168 608 2225 epistolae
642 2168 680 2211 S.
715 2167 1058 2225 Congregationis
1089 2168 1139 2211 ad
1173 2167 1371 2224 singulos,
1395 2168 1626 2212 decisiones
1648 2182 1740 2212 con-

112 2242 427 2295 troversiarum,
461 2242 690 2283 sententiae
724 2239 953 2295 iudiciales,
987 2244 1066 2284 etc.

230 2309 310 2354 Alii
359 2314 455 2354 sunt
503 2310 796 2368 delinquentes
838 2323 948 2354 nunc
984 2313 1174 2354 severius
1209 2311 1351 2366 puniti,
1385 2323 1488 2367 quos
1522 2311 1574 2352 ita
1607 2322 1736 2353 canon

112 2381 332 2425 describit:
367 2380 408 2439 c)
443 2380 507 2424 vel
550 2380 700 2424 iisdem
748 2381 836 2425 salsi
888 2383 986 2425 vitio
1036 2381 1246 2425 declarato
1296 2381 1457 2424 infectis
1494 2380 1535 2436 a)
1569 2380 1737 2436 litteris,

114 2452 156 2510 b)
181 2451 360 2496 decretis
382 2451 446 2496 vel
467 2453 508 2510 c)
530 2452 767 2510 rescriptis,
792 2457 912 2509 prout
935 2452 1036 2496 haec
1060 2452 1269 2496 declarata
1294 2452 1472 2506 fuerunt,
1511 2467 1532 2492 «
1555 2464 1695 2494 omnes
1714 2467 1733 2493 ›>

115 2527 157 2566 ut
189 2524 228 2566 in
263 2524 394 2580 initio,
426 2519 610 2566 sicienter
632 2523 741 2581 quod
768 2525 869 2567 tates
902 2525 995 2575 sint,
1022 2528 1183 2566 utentes
1205 2523 1254 2566 ad
1279 2535 1422 2565 eorum
1447 2535 1631 2578 scopum.
1657 2522 1737 2577 Ap-

114 2593 374 2651 pliceturque
407 2593 503 2638 huic
537 2598 695 2638 tantum
733 2596 837 2651 parti
873 2596 1173 2651 praescriptum
1208 2593 1236 2649 ἓ
1270 2593 1293 2635 ⁶2
1327 2597 1433 2636 can.⁵
1467 2592 1592 2636 9229.

233 2664 436 2709 Praedicti
470 2665 622 2722 singuli
655 2664 733 2709 sub
767 2665 912 2709 litteris
945 2669 987 2718 a)
1021 2663 1060 2718 b)
1092 2663 1132 2720 c)
1166 2664 1389 2706 incurrunt
1427 2663 1515 2719 ipso
1547 2662 1660 2720 facto
1695 2662 1734 2703 ιή

113 2734 587 2779 excommunicationem
633 2735 811 2793 speciali
857 2734 977 2779 modo
1025 2733 1124 2777 Secia·
1169 2732 1435 2791 Apostolicae
1483 2737 1735 2774 reservatam.

115 2805 224 2864 (can.
260 2806 386 2861 2253,
423 2806 495 2860 3⁰).

233 2876 621 2934 Interpretationem
656 2876 771 2921 verbi
801 2874 1047 2922 «Omnes»
1085 2876 1303 2919 contii-mat
1334 2876 1358 2927 ἓ
1390 2875 1432 2916 ’3.
1468 2871 1623 2916 Clerici
1653 2878 1735 2921 (ca-
