1950 3313
587 391 761 457 BEN
774 393 1039 459 EVOLO
1080 395 1437 461 LECTORI

938 500 1022 542 ”af

335 643 585 692 Codicem
655 642 793 689 Iuris
846 641 1103 711 Canonici
1155 645 1613 707 perscrutantibus
1667 646 1814 693 nobis

192 743 323 791 opus
362 733 443 774 est
471 726 602 773 duas
637 724 925 788 qualitates
954 728 1175 772 comites
1203 726 1566 773 indesinenter
1593 728 1812 775 habere:

192 809 524 857 docilitatem
580 810 635 855 in
688 812 939 864 mentem,
994 807 1353 855 obedientia-m
1412 811 1463 855 in
1523 810 1813 857 voluntate.

191 891 583 940 Excellentiam
634 893 690 937 in
730 892 846 937 istis
892 889 1237 954 expostula'nt
1287 893 1483 938 eximia
1534 892 1817 954 prudentia

190 979 243 1023 et
281 976 573 1022 auctoritas
602 989 826 1026 summa,
856 972 1048 1036 quibus
1089 972 1333 1020 Christus
1361 977 1636 1021 exornavit
1667 991 1813 1021 suam

188 1058 500 1105 Ecclesiam.
543 1055 861 1104 Obedientia
912 1056 1088 1114 faciet,
1131 1061 1190 1102 ut
1234 1055 1492 1103 desiderio
1535 1073 1817 1118 urgeamur

188 1139 458 1198 noscendi,
489 1139 617 1203 quid
656 1138 828 1186 voluit
865 1138 1141 1200 legislator
1179 1138 1451 1185 Ecclesiae
1479 1139 1813 1195 servandum,

188 1226 261 1271 ita
322 1222 462 1287 quod
520 1238 619 1270 nec
675 1223 847 1284 magis
897 1237 995 1268 nec
1051 1223 1228 1267 minus
1287 1223 1630 1284 excipiamus.
1672 1222 1815 1268 Talis

189 1308 355 1355 animi
407 1306 685 1369 dispositio
742 1303 1078 1357 intellectum
1130 1308 1401 1351 attentum
1457 1320 1519 1351 ac
1569 1304 1815 1351 solertem

189 1390 390 1448 reddet,
421 1391 547 1452 quia
586 1387 882 1435 Ecclesiam
910 1386 1131 1434 audiens
1160 1386 1434 1434 Christum
1462 1386 1627 1443 audit,
1656 1393 1816 1449 atque

193 1473 424 1537 Spiritus
452 1471 698 1529 Sanctus,
723 1472 812 1534 qui
842 1486 958 1517 eam
986 1472 1140 1531 regit,
1165 1469 1337 1516 eidem
1365 1471 1633 1532 suggessit
1655 1471 1814 1516 etiam

192 1556 319 1620 quid
359 1558 428 1603 sit
466 1558 747 1618 acceptum
797 1553 940 1617 apud
980 1554 1119 1599 Eum
1169 1556 1329 1616 atque
1369 1553 1610 1614 linguam
1650 1554 1815 1616 ipsius

191 1646 321 1692 facit
359 1644 630 1700 disertam,
671 1643 739 1690 ad
789 1641 1182 1688 decernendum
1227 1641 1397 1688 sobrie
1449 1643 1501 1688 in
1544 1641 1718 1687 verbis
1757 1657 1818 1687 ac

191 1732 334 1775 certe
373 1729 427 1773 in
468 1727 765 1773 sententiis.

331 1808 739 1872 Quamplurima
778 1813 904 1854 sunt
943 1806 1118 1864 verba,
1149 1822 1374 1869 quorum
1413 1807 1735 1867 significatio
1762 1807 1814 1851 in

189 1892 383 1941 Codice
422 1891 661 1948 discitur,
703 1890 794 1937 sed
834 1889 1107 1937 multoties
1153 1891 1602 1952 praesupponitur
1640 1887 1818 1934 verbo-

188 1992 305 2022 rum
349 1991 534 2022 sensus
581 1975 940 2021 communiter
981 1976 1136 2033 notos
1180 1988 1291 2018 esse
1344 1970 1532 2017 saltem
1573 1970 1713 2033 apud
1753 1987 1818 2016 ss.

190 2073 455 2105 canonum
496 2058 710 2121 peritos,
751 2055 975 2118 illosque
1013 2054 1139 2102 data
1190 2055 1590 2117 opportunitate
1630 2055 1818 2099 insere-

190 2157 324 2199 mus,
379 2142 507 2203 quin
561 2139 792 2203 idipsum
832 2140 1041 2202 saepius
1099 2137 1496 2184 admoneamus.
1539 2135 1816 2183 Canonum

189 2225 519 2288 praescripta·
556 2221 1027 2286 perscrutabimur,
1060 2235 1271 2267 normas
1300 2218 1568 2281 sequendo
1607 2234 1700 2281 per
1727 2216 1819 2264 Co-

191 2306 363 2353 dicem
402 2305 629 2353 traditas
669 2320 820 2367 quae,
849 2303 976 2350 dum
1016 2302 1276 2366 paulatim
1324 2304 1376 2348 in
1419 2300 1667 2348 Codicem
1708 2315 1818 2362 pro—

192 2389 510 2451 grediemur,
551 2387 834 2451 ampliores
885 2386 1016 2434 fient
1066 2402 1127 2433 ac
1178 2400 1399 2432 numero
1451 2387 1637 2430 auctae
1678 2384 1817 2428 inve-

191 2473 408 2518 nientur
462 2476 679 2534 propter
734 2473 978 2517 veterum
1037 2484 1302 2515 canonum
1359 2482 1646 2513 accessum.
1695 2464 1817 2510 Alia

192 2569 401 2617 quoque
452 2554 689 2601 eiusdem
742 2552 952 2600 Codicis
1005 2559 1223 2607 statuta,
1276 2549 1704 2611 interpretationi
1745 2546 1816 2591 lu-

191 2653 315 2684 men
354 2636 577 2684 afferent
605 2636 670 2683 ob
709 2642 952 2683 mutuam
983 2636 1369 2682 connexionem
1402 2638 1453 2678 et¹
1481 2631 1813 2677 affinitatem.

192 2736 288 2767 nec
341 2719 567 2766 deerunt
617 2719 768 2766 nobis
817 2718 993 2782 plures
1039 2715 1382 2763 authenticae
1434 2712 1814 2759 declarationes

191 2809 316 2850 ante
357 2810 411 2849 et
449 2806 569 2865 post
620 2800 870 2848 Codicem
923 2800 1112 2846 editae.
1154 2814 1288 2860 quae
1343 2812 1441 2842 non
1498 2800 1675 2840 carent
1721 2793 1815 2838 uti-

190 2884 358 2932 litate.
