1950 3313
740 153 778 176 IN
809 154 884 178 noo
912 148 1241 181 G‹»1xtlsx·t'.xtt¹t'.n
1763 152 1802 184 13

175 261 370 317 losopbus
395 261 406 283 ¹
431 261 660 304 seeundum
690 261 763 303 ltot·
800 263 949 318 duplex
989 266 1137 307 iustum
1172 269 1364 321 assignat.
1404 267 1592 311 Debitum
1636 271 1800 325 quide-in

175 332 307 388 legale
340 338 397 375 est
431 331 480 374 ad
516 331 624 388 quod
663 332 919 375 reddendum
962 335 1109 391 aliquis
1152 336 1240 391 lege
1272 337 1497 394 (bumana)
1533 340 1803 392 adstringitur

171 403 263 460 (vel
298 404 498 458 adstringi
549 405 725 457 potest):
765 408 802 445 et
847 405 924 446 tale
963 405 1148 448 debitum
1208 411 1370 463 proprie
1411 410 1579 452 attendit
1633 413 1803 461 iustitia„

172 487 278 531 (piae
313 478 370 516 est
406 472 645 529 principalis
673 463 813 516 virtus.
854 474 1042 517 Debitum
1079 482 1214 519 autem
1243 479 1394 521 morale
1429 482 1617 536 estquod
1655 481 1803 538 aliquis

175 544 295 587 (lebet
331 558 378 587 ex
416 543 627 586 honestate
667 546 886 588 xirtutis»,

292 614 403 657 l'atet
436 627 535 670 ergo
574 615 682 670 quod
728 618 759 656 si
808 618 868 658 ius
907 617 1186 660 subiet-iivuin
1232 622 1458 675 act-ipiatur
1499 636 1569 676 pro
1605 623 1796 664 sarnitan»¹

173 684 315 728 morali
349 687 470 728 unius
495 697 708 740 personae,
737 688 802 729 eui
827 687 954 729 altera
980 687 1187 743 obligetur
1213 695 1377 745 propter
1401 691 1565 747 aliquod
1599 692 1805 744 debitum,

171 755 318 813 triplex
355 758 416 799 ius
448 756 644 812 distingui
683 761 825 812 potest.
851 760 983 813 primo
1020 762 1184 815 proprie
1208 760 1378 805 dit-tuin.
1406 764 1468 803 rui
1504 763 1799 806 vorrelatix'uin

169 828 219 870 sit
254 826 440 870 debitum
477 829 653 870 iustitiae
687 828 736 870 ad
773 828 1080 885 aequalitatem,
1111 831 1293 873 seeundo
1329 834 1389 873 ius
1422 833 1698 875 sunm-uxum
1734 837 1798 876 vui

170 898 391 954 respondet
446 898 647 951 debitum,
681 899 751 942 sed
797 913 873 942 non
916 900 1172 943 reddendum
1214 903 1262 944 ad
1304 903 1607 958 aemiulitateui,
1644 909 1678 946 et
1727 909 1800 947 tint·

171 971 233 1013 ius
265 969 367 1012 solet
406 972 543 1013 voeari
580 974 759 1026 potestas
792 973 882 1013 sive
925 974 1068 1027 patria,
1103 975 1191 1015 sive
1235 972 1409 1028 publiea,
1445 977 1532 1016 sire
1570 978 1799 1019 inaioritas.

166 1051 215 1083 ae
251 1042 369 1083 tertio
405 1043 467 1084 ius
501 1043 727 1097 improprie
761 1041 917 1085 dietum
953 1042 1060 1098 quod
1099 1045 1263 1099 respicit
1298 1043 1482 1087 debitum
1524 1051 1678 1088 tautum
1717 1060 1798 1088 ino-

171 1110 269 1154 rale.
307 1111 488 1154 Primum
532 1112 635 1155 solet
679 1115 819 1156 vocari
867 1115 927 1156 ius
969 1115 1194 1169 perlectum
1235 1115 1401 1171 quando
1434 1129 1454 1158 a
1491 1116 1579 1172 lege
1621 1117 1794 1159 bumana

165 1187 226 1225 est
259 1186 420 1226 actione
456 1183 638 1226 iudiciali
665 1183 879 1237 donatum,
904 1184 1011 1241 quod
1040 1190 1080 1227 ut
1107 1184 1329 1241 plurimum
1355 1189 1620 1243 consequitur
1647 1190 1681 1228 iu
1711 1190 1798 1229 iure

163 1254 377 1296 eanonieo.
414 1253 654 1297 Secundum
702 1268 812 1305 vero,
847 1255 1055 1311 designari
1102 1258 1267 1299 nomine
1312 1258 1410 1299 iuris
1455 1270 1531 1299 uon
1576 1260 1692 1308 solet,
1729 1259 1797 1300 sed

166 1326 391 1379 potestatis.
429 1323 519 1367 lura
558 1338 656 1368 vero
692 1328 812 1368 tertio
849 1325 937 1368 loeo
972 1328 1113 1382 posita.
1149 1329 1253 1370 sieut
1289 1329 1410 1369 etiam
1449 1330 1582 1383 priora
1618 1329 1800 1371 indit-iuli

163 1396 329 1438 actione
352 1397 550 1451 carentia,
576 1400 700 1454 atque
744 1397 994 1439 correlativa
1026 1396 1164 1440 debito
1198 1397 1278 1440 alio
1312 1400 1560 1455 cuicumque
1597 1401 1632 1441 in
1668 1399 1796 1441 altera

166 1479 360 1522 persona,
396 1468 483 1509 iura
520 1467 763 1523 imperfecta
801 1472 1016 1510 vocantur.

284 1536 345 1580 Au
385 1536 425 1579 lm
458 1550 558 1593 ergo
592 1538 742 1580 solutio
779 1542 888 1594 patet
922 1552 972 1581 ex
1008 1539 1142 1581 dietis.

286 1607 345 1650 Aa
373 1606 432 1649 llm
456 1607 679 1651 dieeudum
704 1608 814 1665 quod
841 1608 908 1651 illa
942 1608 1093 1651 divisio
1127 1614 1185 1652 est
1220 1609 1435 1666 desumpta
1470 1625 1517 1653 ex
1554 1611 1799 1653 diversitate

164 1691 450 1731 personarum.
476 1677 626 1735 quibus
649 1678 818 1721 obvenit
851 1679 1004 1722 utilitas
1025 1694 1096 1735 per
1131 1693 1250 1723 usum
1277 1683 1374 1723 iuris
1399 1680 1618 1724 subiet-tivi
1646 1685 1798 1738 sumpti

168 1761 240 1803 pro
274 1748 469 1791 facultate
505 1749 648 1792 morali
686 1751 806 1792 unius
839 1762 938 1805 erga
972 1749 1095 1799 alios;
1131 1750 1312 1794 seilicet:
1350 1753 1411 1794 ius
1447 1754 1709 1807 proprietatis
1736 1766 1799 1792 vn-

163 1823 283 1862 eatur
318 1819 431 1872 ittud,
466 1820 574 1876 quod
625 1825 847 1863 exercetur
881 1823 919 1863 in
956 1820 1174 1864 utilitatem
1225 1835 1437 1878 personae,
1470 1835 1575 1878 quae
1617 1825 1665 1864 sit
1703 1825 1801 1864 iuris

163 1889 412 1939 subiectum,
446 1904 468 1932 e
501 1896 643 1933 eontra
681 1893 741 1934 ius
777 1891 1072 1935 iurisdietionis
1096 1897 1235 1935 eausat
1271 1906 1412 1935 eorum
1450 1893 1664 1936 utilitatem
1700 1907 1796 1949 erga

161 1974 268 2018 quos
301 1960 539 2004 adhibetur.

283 2031 343 2074 Aa
380 2031 459 2073 lllm
494 2031 732 2087 dicendum,
771 2033 881 2090 quod
916 2033 983 2076 illa
1021 2036 1108 2076 iura
1146 2036 1409 2077 nominantur
1442 2034 1493 2077 ab
1530 2034 1596 2076 illo
1642 2036 1678 2076 in
1714 2048 1796 2089 quo

165 2104 296 2158 magis
343 2107 515 2158 apparet
562 2107 788 2159 conceptus
836 2118 999 2156 eorum,
1033 2107 1085 2148 ita
1128 2109 1169 2147 ut
1205 2107 1266 2148 ius
1301 2107 1560 2161 proprietatis
1610 2105 1793 2161 designet

161 2175 301 2216 omnia
351 2175 438 2216 iura
487 2186 593 2230 quae
641 2174 691 2217 ad
738 2165 865 2218 instar
899 2175 1069 2218 dominii
1121 2176 1360 2219 divitiarum
1410 2181 1502 2218 suut
1552 2176 1647 2233 quid
1702 2175 1796 2218 utile

164 2242 331 2287 habenti
365 2256 435 2298 ea3
471 2250 508 2287 et
545 2245 844 2289 iurisdictionis
884 2248 946 2289 ius
984 2248 1188 2302 accipitur
1223 2260 1295 2302 pro
1334 2249 1443 2289 (nuni
1486 2249 1571 2289 iure
1604 2246 1710 2303 quod
1746 2246 1794 2287 ad

164 2315 291 2357 instar
326 2317 537 2370 potestatis
572 2315 762 2372 publieae
783 2316 1000 2360 ordinatur
1035 2319 1072 2359 in
1109 2316 1261 2360 bonum
1295 2317 1569 2360 subditorum.
1596 2316 1697 2359 Hinc
1722 2315 1796 2358 sub

160 2387 251 2429 iure
295 2389 558 2442 proprietatis
603 2386 708 2430 bene
751 2387 1133 2431 tn·(linai·enturius
1178 2389 1227 2431 ad
1267 2391 1407 2442 vitam,
1440 2389 1489 2431 ad
1537 2390 1699 2434 taniam,
1737 2390 1797 2429 ius

159 2455 331 2499 dominii
367 2458 403 2499 in
446 2469 510 2500 res
547 2457 765 2501 sensibiles
800 2464 1007 2506 externas.
1042 2464 1078 2501 et
1114 2459 1192 2502 alia
1229 2461 1476 2516 quasi-iura:
1528 2464 1564 2501 et
1598 2457 1673 2500 sub
1709 2461 1795 2501 iure

155 2526 326 2570 dominii
365 2528 549 2583 perfecti,
584 2531 646 2571 ius
686 2529 894 2573 directum
936 2532 1214 2586 proprietatiS,
1249 2544 1319 2572 seu
1364 2529 1556 2579 radieale,
1593 2531 1653 2571 ius
1699 2529 1793 2570 utile

157 2610 268 2652 usus,
307 2597 367 2640 vel
406 2599 681 2642 ususfructus.
720 2599 775 2642 lta
809 2600 1001 2643 similiter
1039 2599 1115 2643 sub
1160 2600 1453 2643 iurisdictionis
1489 2602 1574 2641 iure
1609 2599 1788 2640 ordinari

158 2673 322 2723 possent
357 2672 535 2724 potestas
567 2669 813 2724 domestica,
839 2675 1030 2726 'potestas
1062 2672 1308 2713 societatum
1346 2671 1676 2724 impert'eetarum
1713 2681 1791 2723 qua

158 2737 260 2781 tales
292 2743 400 2793 sunt,
433 2743 473 2782 et
507 2744 690 2795 potestas
725 2740 889 2797 publiea
928 2742 1136 2783 societatis
1182 2742 1398 2795 pert'ertae.
1433 2752 1537 2796 quae
1573 2738 1711 2781 ultima
1753 2740 1787 2778 iu

284 2892 292 2912 ¹
321 2890 452 2925 Ethio.
483 2892 525 2926 L.
554 2893 649 2927 VIII
676 2905 707 2927 c.
742 2893 785 2927 13
810 2893 910 2927 circa
936 2892 1034 2926 med.
