1950 3313
104 163 149 196 92
563 159 648 193 [ΑΒ.
679 159 725 193 V.
753 178 765 184 ·
793 159 904 192 PARS
929 158 981 192 ΙΙ.
1011 178 1024 184 -
1049 158 1107 193 De
1130 161 1265 203 poenis
1519 158 1612 194 Gan.
1638 158 1731 193 2241

108 285 302 336 parentur
321 278 371 322 ab
393 281 452 320 ini
468 281 585 327 icem,
606 282 645 319 et
663 276 935 320 absolutionis
953 276 1140 320 obtinere
1165 276 1411 320 beneticium
1440 281 1677 320 mereantur
1695 293 1733 321 >›.

105 351 240 407 Atque
289 352 325 391 in
384 348 476 392 Dec.
511 347 553 391 C.
588 350 626 391 S.
661 344 799 391 Officii
825 347 837 370 ¹
870 350 1125 394 ,invenimus
1174 361 1288 405 prop.
1344 348 1580 391 damnatam
1620 363 1640 388 «
1666 347 1732 390 44.

104 421 247 474 Quoad
275 421 406 462 forum
432 421 724 473 conscientiae,
749 432 817 462 reo
841 423 1029 463 correcto
1052 421 1224 477 eiusque
1247 421 1508 463 contumacia
1532 423 1734 473 cessante,

105 496 266 534 cessant
298 502 556 534 censurae».

223 561 279 603 De
314 561 531 616 prudentia
559 565 696 605 monet
719 574 918 604 censuras
950 562 1150 605 ferentem
1173 561 1201 619 ξι
1222 564 1265 604 9.
1290 562 1357 604 Ait
1391 564 1500 604 enim
1526 561 1662 605 lnnoc.
1686 559 1734 603 lV

108 635 144 674 in
179 632 301 675 Couc.
323 631 589 687 Lugdunensi
615 631 653 676 ²:
684 631 829 677 «Cum
867 632 1126 676 medicinalis
1158 635 1209 676 sit
1242 635 1635 685 excommunicatio,
1659 645 1735 675 non

109 701 314 745 mortalis:
350 702 631 758 disciplinans,
667 716 745 746 non
780 703 1019 746 eradicans:
1055 703 1153 746 dum
1187 708 1322 746 tamen
1358 705 1404 757 is,
1428 705 1467 745 in
1502 716 1623 760 quem
1658 702 1736 746 lata

108 774 241 827 fuerit,
277 785 355 815 non
390 778 652 817 contemnat:
687 779 807 817 caute
841 774 1060 831 provideat
1094 774 1216 817 iudex
1256 774 1577 827 ecclesiasticus,
1612 778 1655 817 ut
1699 775 1736 816 in

107 857 152 887 ea
179 845 346 888 serenda
373 845 562 888 ostendat
584 859 627 888 se
653 847 845 902 prosequi
869 845 980 902 quod
1005 847 1251 900 corrigentis
1273 846 1396 888 fuerit
1419 850 1458 888 et
1478 845 1737 888 medentis».

110 916 250 958 Postea
284 916 354 958 dat
388 916 511 959 iudici
547 920 640 972 apta
675 916 724 958 ad
750 915 828 959 hoc
853 917 1122 972 praescripta,
1155 918 1467 972 suspensionem
1509 915 1614 958 latae
1646 928 1738 958 sen-

110 987 259 1028 tcntiae
294 986 541 1029 adnectens:
567 1002 586 1026 ((
613 991 653 1029 ut
690 998 817 1042 poena
853 986 1028 1029 docente
1062 985 1222 1029 discant
1257 986 1427 1040 iudices,
1451 998 1574 1043 quam
1611 998 1740 1041 grave

107 1058 157 1099 sit
202 1059 682 1100 excolumunic-alionum
732 1059 957 1099 sententias
1005 1058 1093 1099 siue
1142 1058 1379 1099 maturitate
1422 1056 1560 1100 debita
1605 1055 1739 1099 fulmi-

108 1140 222 1171 nare.
257 1127 303 1170 Et
340 1128 439 1171 llaec
473 1129 617 1171 eadem
646 1130 682 1170 in
709 1130 991 1184 suspensionis
1015 1136 1053 1171 et
1077 1127 1285 1171 interdicti
1309 1129 1524 1171 sententiis
1550 1126 1741 1170 volumus

109 1199 323 1243 observari
348 1215 387 1240 )).

229 1270 327 1313 ltem
361 1269 510 1326 Congr.
545 1271 583 1314 S.
608 1268 745 1315 Officii
769 1285 932 1327 «super
965 1284 1136 1314 casuum
1176 1272 1453 1314 conscientiae
1494 1271 1739 1313 reservatio-

111 1341 230 1384 nibus
255 1358 273 1381 ³)
298 1342 311 1363 ³
348 1343 541 1384 instruxit
575 1341 730 1385 Rdmos
762 1339 1008 1386 Ordinarios
1042 1341 1104 1384 liis
1134 1341 1293 1386 verbis:
1324 1357 1346 1382 «
1371 1342 1407 1383 5.
1432 1340 1548 1385 Cauti
1575 1343 1742 1397 insuper

110 1415 276 1455 omnino
310 1414 390 1455 sint
422 1417 461 1455 et
494 1425 617 1470 quam
655 1416 836 1456 maxime
871 1414 983 1469 parci
1017 1413 1127 1470 quod
1162 1412 1212 1455 ad
1260 1412 1452 1468 poenales
1493 1414 1740 1463 sanctiones,

110 1485 564 1529 excommunicationes
589 1485 846 1540 praesertim,
871 1482 1022 1541 quibus
1047 1484 1151 1526 forte
1174 1495 1269 1526 suas
1294 1485 1598 1526 reservationes
1630 1496 1740 1525 com-

113 1556 274 1597 inuuire
310 1553 460 1608 velint,
497 1556 604 1609 nain,
642 1559 684 1598 ut
716 1557 925 1610 sapienter
958 1555 1154 1598 admonet
1190 1554 1459 1597 Sacrosancta
1502 1553 1741 1596 Tridentum

111 1625 303 1682 synodus
337 1625 373 1668 4:
410 1625 614 1680 Quamvis
646 1628 1092 1669 excommunicationis
1125 1625 1288 1681 gladius
1320 1638 1476 1667 nervus
1512 1627 1562 1667 sit
1610 1624 1739 1667 eccle-

111 1699 301 1739 siasticae
335 1696 579 1752 disciplinae
612 1701 651 1740 et
684 1697 733 1740 ad
770 1697 1041 1740 continendos
1077 1699 1115 1739 in
1148 1697 1284 1740 officio
1320 1695 1492 1753 populos
1530 1695 1648 1738 valde
1681 1708 1743 1739 sa-

115 1767 278 1812 lutaris:
304 1767 442 1811 sobrie
467 1773 602 1811 tamen
626 1781 859 1825 magnaque
878 1770 1251 1824 circumspectione
1271 1767 1532 1810 exercendus
1550 1772 1622 1821 est,
1647 1780 1741 1810 cum

113 1840 368 1891 experientia
404 1838 564 1893 doceat,
598 1840 629 1881 si
666 1842 821 1881 temere
846 1844 915 1881 aut
940 1837 1102 1881 levibus
1126 1852 1174 1881 ex
1201 1837 1325 1881 rebus
1349 1838 1588 1890 incutiatur,
1613 1839 1744 1893 magis

113 1911 320 1952 contemni
340 1922 464 1965 quani
487 1909 701 1952 formidari
722 1914 761 1952 et
781 1911 1006 1965 perniciem
1033 1911 1168 1965 potius
1193 1922 1337 1965 parere
1355 1921 1478 1965 quam
1503 1907 1676 1951 salutem
1703 1924 1743 1950 ».

233 1979 344 2023 Haec
390 1983 492 2023 ratio
536 1982 832 2036 experientiae,
865 1994 958 2023 cum
995 1982 1189 2036 respiciat
1232 1984 1421 2023 naturam
1456 1991 1742 2033 censurarum,

115 2051 260 2094 suadet
295 2052 418 2094 fuisse
442 2064 567 2108 quani
593 2054 740 2094 merito
765 2053 964 2094 insertum
991 2053 1028 2093 in
1049 2051 1200 2095 Codice
1220 2054 1281 2094 ius
1302 2050 1554 2106 praecedens
1572 2052 1743 2106 eiusque

120 2121 268 2164 verbis.
309 2121 519 2164 sensurae
557 2137 576 2162 «
601 2124 1059 2175 excommunicationiS,
1084 2123 1366 2178 suspensionis
1399 2126 1437 2163 et
1472 2120 1744 2174 interdicti»,

114 2192 364 2249 praesertim
400 2191 515 2234 latae
547 2192 795 2246 sententiae,
827 2207 875 2235 eo
909 2193 1017 2249 quod
1059 2208 1080 2233 «
1105 2195 1369 2235 incurrantur
1393 2194 1479 2248 ipso
1505 2193 1608 2234 l'acto
1632 2205 1742 2234 com-

120 2265 229 2305 missi
264 2263 447 2306 delicti»
486 2263 595 2320 (can.
632 2256 759 2317 2217,
796 2263 873 2319 ⁶20),
909 2262 1090 2305 maxime
1132 2262 1209 2305 hoc
1255 2268 1375 2305 modo
1418 2267 1458 2305 et
1498 2264 1602 2304 inter
1644 2261 1745 2304 alias

118 2345 314 2375 censuras
348 2332 737 2386 eoecommmvicatio,
773 2337 894 2389 prout
918 2331 1069 2375 habent
1092 2334 1240 2375 citatae
1263 2334 1542 2385 auctoritates,
1578 2336 1617 2374 et
1649 2334 1743 2388 quia

119 2405 366 2459 gravissima
403 2417 530 2459 poena
565 2409 625 2447 est
650 2406 755 2446 inter
778 2417 936 2458 omnes,
959 2416 1010 2444 oie
1032 2402 1300 2460 i'nfli'yaiiliw,
1325 2415 1345 2445 a
1370 2402 1663 2458 Superioribus
1681 2415 1746 2445 ec-

120 2474 362 2516 clesiasticis
397 2488 469 2529 per
504 2474 616 2530 leges
650 2479 718 2517 aut
751 2474 801 2517 ad
838 2474 1005 2516 modum
1042 2475 1250 2530 praecepti
1297 2473 1571 2528 particularis,
1607 2486 1681 2516 nec
1724 2486 1744 2516 a

122 2543 341 2597 iudicibus,
378 2545 461 2587 nisi
493 2544 629 2587 sobrie
662 2545 795 2601 quoad
834 2546 1110 2601 frequentiam
1147 2556 1193 2587 ac
1225 2543 1490 2587 selectionem
1527 2557 1683 2597 earum,
1708 2549 1747 2586 et

120 2628 208 2657 cum
243 2616 650 2657 circumstantiarum
687 2614 1058 2672 circumspectione
1089 2614 1145 2657 de
1164 2627 1449 2670 personarum,
1476 2614 1674 2664 locorum,
1699 2626 1746 2657 ac

122 2687 318 2741 temporis
349 2685 668 2729 conditionibus.

238 2815 247 2836 ¹
279 2814 321 2848 18
357 2815 487 2847 Martii
524 2814 626 2848 1666.
657 2814 897 2859 Denzinger.
927 2826 964 2848 n.
993 2814 1096 2847 1144.
1138 2834 1182 2838 —
1219 2814 1233 2835 ‘2
1261 2813 1352 2858 Cap.
1383 2816 1400 2847 1
1439 2813 1516 2847 «de
1551 2813 1748 2847 sententia

121 2862 554 2904 excommunicationis,
575 2862 847 2906 suspensionis
866 2866 906 2895 et:
924 2861 1128 2895 interdicti
1150 2877 1162 2890 »
1190 2861 1249 2904 (V,
1273 2862 1330 2898 11)
1351 2862 1392 2894 in
1411 2861 1460 2894 60.
1488 2882 1533 2885 —
1559 2861 1573 2882 3
1603 2860 1642 2894 13
1669 2860 1744 2894 Iul,

124 2910 225 2951 1916,
255 2909 330 2943 CO.
363 2909 465 2949 VIII,
492 2909 572 2942 314.
603 2931 629 2934 —
666 2909 679 2930 4
707 2909 795 2943 Sess
822 2909 947 2952 XXV,
978 2908 1023 2942 de
1050 2907 1134 2942 Res.
1164 2920 1244 2953 cap.
1270 2908 1304 2942 3.
