1950 3313
692 142 729 166 m
759 142 836 167 noc
863 134 1194 168 COMMENTARwM
1709 135 1751 169 19

128 255 296 310 gnativa
331 254 370 296 S.
401 251 620 296 Pontilicis,
654 250 913 308 aliorumque
950 251 1228 308 legislatorum
1266 254 1302 294 iu
1339 251 1535 301 Ecclesia,
1561 253 1750 311 illiusque

129 324 374 380 prudentiae
430 323 781 365 manifestationes
819 326 910 364 suut
948 323 975 366 ¹.
1012 322 1067 364 llo
1111 324 1228 365 (tirius
1273 326 1436 366 nominc
1478 324 1549 379 (ih.
1591 324 1638 367 ad
1679 326 1751 380 3¹¹¹)

135 393 409 448 «dicendum,
446 392 554 450 quod
600 391 869 447 Philosophus
906 392 1142 435 denominat
1189 396 1444 447 regnatixam
1482 408 1501 436 a
1539 395 1751 450 principali

129 470 222 509 actu
259 466 379 521 regis,
415 463 488 521 qui
519 468 580 505 es!
614 462 723 518 lesse-s·
755 476 910 519 ponere
943 463 1079 520 (idostz
1118 463 1386 519 Philosophus
1416 467 1523 520 pouit
1551 465 1650 521 legis
1685 479 1753 521 po-

128 537 308 583 sitivam,
334 539 491 591 partem
526 533 1116 589 subiectixamp1·mtonuae):
1152 534 1258 590 quod
1295 537 1368 577 etsi
1404 538 1622 578 couxouiat
1652 535 1753 588 aliis,

132 606 274 663 (idest:
308 606 358 649 ad
395 604 597 662 quosdam
640 604 741 646 alios
787 606 1055 659 principatus.
1089 609 1126 647 et
1161 607 1281 647 ctiam
1317 605 1364 647 ad
1411 605 1639 662 populum),
1676 620 1751 648 uon

128 685 322 727 convenit
354 684 426 735 eis,
461 683 536 724 nisi
570 681 800 724 secundum
835 680 943 737 quod
981 682 1224 736 participant
1265 681 1417 738 aliquid
1462 682 1512 724 dc
1555 685 1754 737 regimine

129 755 298 810 regis»,
348 752 475 795 idest:
526 753 771 808 inquantum
824 751 998 807 populus
1045 752 1210 793 ducitur
1242 751 1394 807 aliique
1445 751 1518 794 ho(-
1571 755 1750 805 regimen

127 825 353 867 imitantur.

243 895 356 937 Sacri
392 898 528 937 autem
564 906 745 937 canones
779 906 858 935 non
893 897 987 935 sunt.
1021 894 1072 935 ita
1094 892 1210 948 pleno
1245 894 1377 948 positi,
1403 893 1534 948 quoad
1572 895 1750 948 ipsorum

90 963 407 1007 ·conditi0nem
455 977 528 1007 seu
578 965 892 1017 institutionem,
934 965 971 1005 in
1017 962 1145 1006 libero
1188 976 1407 1018 supremae
1448 965 1655 1018 potcstatis
1688 978 1751 1004 oc-

127 1033 382 1078 clesiasticae
429 1033 614 1089 arbitrio,
651 1038 693 1077 ut
734 1047 807 1090 pro
853 1033 967 1077 libitu
1020 1047 1089 1076 eos
1137 1033 1285 1076 condat
1333 1035 1419 1075 sinc
1470 1038 1653 1088 respectu
1703 1034 1751 1075 ad

126 1104 227 1149 alias
260 1118 438 1149 normas.
473 1102 670 1158 Quinimo
706 1117 803 1161 prae
852 1104 982 1147 oculis
1031 1103 1183 1147 habere
1217 1103 1352 1154 dehet,
1387 1103 1494 1160 quod
1532 1103 1574 1145 l).
1609 1102 1680 1145 'l'h.
1705 1103 1754 1145 de

128 1174 288 1230 legibus
321 1174 513 1218 humanis
545 1174 665 1218 docet
701 1175 728 1228 ²,
765 1176 818 1216 ita
854 1178 895 1216 ut
928 1175 1034 1217 sacri
1067 1186 1246 1217 canones
1278 1175 1357 1215 sint
1389 1173 1607 1215 delirandi
1632 1175 1752 1215 otiam

127 1258 148 1289 a
187 1245 278 1302 lege
325 1245 482 1300 divina,
521 1245 583 1289 vel
635 1251 846 1302 tamquam
899 1244 1021 1287 huius
1068 1244 1368 1297 conclusiones,
1406 1243 1466 1285 vel
1521 1242 1663 1286 saltem
1716 1248 1755 1285 ut

127 1318 255 1372 ipsius
297 1316 681 1371 determinationes,
714 1320 753 1359 et
796 1329 845 1359 ex
887 1315 963 1358 hac
990 1319 1104 1372 parte
1142 1328 1192 1357 ss.
1228 1327 1405 1357 canones
1439 1315 1674 1356 tirmitatem
1710 1326 1755 1355 ac

126 1391 281 1431 certam
317 1387 610 1431 rectitudinem
634 1387 803 1430 divinae
839 1386 941 1442 legis
974 1387 1233 1442 participant.
1258 1385 1436 1439 Quidam
1475 1398 1572 1427 vero
1605 1398 1655 1427 ss.
1691 1399 1755 1427 ca-

127 1470 255 1501 nones
289 1471 369 1501 uno
403 1471 452 1502 ex
489 1458 712 1515 praedictis
737 1457 870 1500 modis
904 1469 926 1500 a
960 1456 1053 1513 lege
1077 1455 1253 1499 naturali
1277 1456 1537 1507 derivantur,
1560 1467 1754 1511 superna-

128 1529 271 1572 turahs
303 1531 412 1572 enim
446 1529 548 1572 ordo
582 1528 813 1572 naturalem
850 1541 928 1571 non
963 1527 1137 1572 destruit
1159 1527 1360 1581 ordinem,
1386 1526 1455 1569 sed
1492 1525 1605 1568 illum
1642 1538 1756 1581 prae-

127 1613 363 1656 supponens
398 1600 571 1656 perlicit,
605 1606 645 1643 et
678 1604 847 1656 propter
883 1598 960 1642 hoc
994 1597 1169 1641 naturali
1203 1599 1325 1641 etiam
1367 1596 1456 1652 lege
1491 1595 1633 1639 tideles
1665 1599 1758 1638 suut

128 1670 404 1727 gubernandi.
438 1670 488 1714 Et
520 1670 583 1714 his
615 1685 667 1715 ss.
704 1669 933 1714 canonibus
966 1682 1131 1726 quoque
1155 1668 1365 1724 praedicta
1400 1668 1575 1709 tirmitas
1599 1671 1635 1709 et
1673 1680 1756 1709 rec-

129 1741 259 1785 titudo
293 1746 352 1785 est
386 1741 678 1785 adiudicanda.
1167 1784 1178 1791 ,

246 1812 403 1856 Deinde
438 1812 645 1856 humanae
681 1812 792 1869 leges
824 1815 1015 1870 sacrique
1048 1824 1241 1865 canoneS,
1276 1823 1354 1854 non
1396 1814 1554 1853 tantum
1589 1809 1755 1852 divinae

127 1896 174 1927 ac
197 1883 374 1927 naturali
399 1882 561 1940 legibus
586 1885 829 1938 innituntur,
854 1883 925 1927 sed
952 1885 990 1926 iu
1015 1882 1096 1926 illis
1119 1881 1291 1925 edendis
1313 1881 1529 1924 attendere
1551 1879 1758 1936 legislator

127 1954 249 1998 debet
282 1954 332 1998 ad
367 1956 703 1998 circumstantias
734 1956 942 1998 societatis
974 1966 1098 2011 quam
1134 1954 1252 2009 regit,
1275 1955 1398 2009 atque
1431 1953 1586 1994 civium
1622 1949 1760 1993 condi·

128 2027 272 2074 tiones,
297 2027 510 2082 temporis,
535 2024 611 2069 leci
635 2038 683 2069 ac
708 2027 993 2081 negotiorum,
1028 2028 1070 2067 ut
1102 2025 1310 2080 sapienter
1332 2027 1542 2079 tamquam
1568 2019 1758 2063 eonditor

128 2094 265 2153 leymn
298 2095 412 2138 iusta
455 2094 668 2138 decernat.
702 2094 819 2147 Quae
863 2094 1120 2138 conditiones
1161 2095 1300 2136 variae
1344 2096 1437 2135 sunt
1478 2104 1549 2147 pro
1581 2090 1757 2133 diversis

125 2166 383 2223 temporibus
417 2179 464 2210 ac
485 2166 598 2222 locis,
623 2171 662 2210 et
695 2166 790 2210 hinc
809 2167 974 2223 exurgit
995 2178 1162 2223 quoquc
1180 2178 1233 2208 ss.
1257 2176 1464 2208 canonum
1491 2161 1752 2216 mutabilitas,

127 2239 288 2280 etiamsi
335 2250 415 2280 non
460 2241 543 2280 tam
589 2238 826 2294 frequenter
865 2236 1087 2280 mutandae
1124 2237 1204 2278 sint
1247 2234 1371 2290 leges,
1422 2235 1478 2276 uti
1532 2231 1673 2288 probat
1710 2230 1755 2273 1).

131 2307 203 2351 Th.
237 2308 252 2330 ²³
284 2312 323 2359 et
357 2307 542 2352 Ecclesia
576 2307 685 2351 idem
721 2309 759 2350 in
796 2309 911 2364 praxi
945 2310 1099 2360 servat,
1134 2305 1242 2349 unde
1275 2303 1476 2348 stabilitas
1512 2302 1683 2345 relativa
1719 2303 1755 2343 in

130 2391 182 2422 ss.
217 2378 446 2423 canonibus
478 2380 703 2427 invenitur,
730 2382 849 2435 prout
885 2380 946 2420 ius
979 2378 1224 2421 canonicum
1257 2377 1403 2419 scienti
1438 2378 1621 2417 constat:
1656 2384 1759 2428 quac

129 2447 330 2493 stabilitas
361 2449 572 2493 sufficiens
606 2454 667 2493 est
699 2449 748 2492 ad
785 2448 875 2504 hoc,
912 2453 954 2491 ut
986 2461 1038 2491 ss.
1072 2459 1250 2491 canones
1282 2447 1537 2489 constituere
1570 2443 1763 2486 scientiti-

127 2532 222 2563 cum
255 2519 465 2564 obiectum
517 2522 684 2576 possint,
723 2533 801 2563 non
846 2524 981 2563 tamen
1034 2519 1231 2562 scientiae
1284 2529 1384 2572 pure
1432 2513 1655 2565 rationalis,
1690 2525 1762 2554 nor

127 2594 286 2634 tantum
320 2589 605 2647 speculativae
639 2590 710 2634 sed
746 2592 967 2647 practicae.

245 2661 322 2705 Sed
356 2674 450 2704 cum
488 2660 555 2705 hic
590 2661 736 2704 modus
769 2674 820 2704 ss.
857 2673 1037 2704 canones
1075 2657 1365 2715 cognoscendi,
1402 2650 1544 2699 oorum'
1579 2659 1762 2696 natm-mu

288 2836 334 2917 DQ.
365 2835 436 2870 Th.
466 2837 500 2870 2.
528 2836 562 2871 2.
599 2848 633 2880 q.
666 2836 698 2906 Ι),
729 2847 761 2869 a.
794 2836 826 2869 1.
871 2846 972 2879 corp.
1005 2838 1043 2868 et
1074 2833 1119 2867 a¹l
1147 2834 1207 2866 21¹¹.
1237 2852 1279 2856 —
1306 2833 1319 2852 ²
1356 2832 1386 2865 1.
1415 2831 1448 2864 2.
1478 2826 1645 2873 q.X(:v‚
1671 2838 1704 2862 a.
1732 2827 1765 2858 2.

336 2912 341 2917 .
372 2895 406 2928 q.
612 2894 634 2917 a
672 2891 692 2917 2.
732 2894 751 2916 c
