1950 3313
179 111 272 147 Can.
299 111 504 147 2365-23613
554 110 638 144 TIT.
669 110 773 144 XVI.
804 131 813 136 -
846 112 898 145 Dc»
915 113 1064 146 delictis
1084 115 1124 146 in
1143 113 1292 146 (almiri.
1315 114 1420 146 Sat-r.
1731 112 1800 146 279

182 231 282 289 proli
311 231 362 275 ad
398 231 567 274 latinum
611 232 732 272 ritum
777 233 976 286 spectanti
1012 236 1316 274 sacramentum
1356 231 1546 287 Baptismi
1583 233 1619 273 in
1655 231 1796 274 iisdem

180 303 516 346 commemoratis
552 299 717 344 casibus
759 301 1107 356 administrante&
1142 303 1263 344 etiam
1298 299 1630 345 Contirmationis
1662 314 1798 343 sacra-

183 377 365 417 mentum
400 372 591 416 conferre
624 370 858 414 nullatenus
891 372 1082 425 audeant,
1107 371 1182 415 sub
1217 385 1344 428 poena
1378 374 1657 428 suspensionis
1688 384 1709 414 a
1744 372 1800 413 di-

185 445 290 487 vinis
337 445 424 500 ipso
473 443 579 486 l'acto
628 442 916 492 incurrendae,
950 442 1077 485 salvis
1110 442 1199 485 aliis
1234 445 1374 498 poenis
1406 442 1576 485 arbitrio
1613 442 1798 499 Epist-opi

183 514 417 571 infligendis
439 528 478 558 )),
512 512 618 555 Huic
654 511 826 555 Decreto
877 526 947 568 par
996 518 1053 555 est
1104 526 1236 555 noxus
1269 528 1359 556 ean.
1394 515 1531 555 3:565.
1571 512 1797 569 Presbyter.

180 587 374 643 quamvis
396 584 530 627 ollicio
565 582 849 639 beneficioque
882 582 1162 626 ecclesiastico
1195 589 1346 629 careat.
1372 586 1439 639 qui
1466 598 1537 625 ne‹·
1562 583 1801 625 charactere

180 658 232 699 sit
259 655 540 699 «ordinarius
572 654 899 697 confirmationis
934 656 1119 696 minister
1143 670 1162 694 »
1202 654 1309 710 (can.
1335 654 1433 707 782,
1458 658 1481 707 ,ξ
1510 654 1565 710 l),
1590 667 1662 697 nec
1691 669 1712 694 «
1730 667 1799 696 ex-

182 726 481 770 traordinarius
516 727 701 768 minister
724 740 745 765 ))
775 724 846 782 (il).
872 726 895 778 ,ξ
920 723 976 781 2),
1004 730 1142 780 utpote
1171 725 1277 781 quod
1314 729 1352 779 a)
1375 738 1446 766 nee
1469 739 1491 765 a
1516 724 1609 766 iare
1646 740 1665 763 «
1690 738 1799 766 ‹eom-

183 799 293 841 muni
320 813 339 838 ³)
380 795 421 853 b)
457 810 529 838 nee
560 809 611 838 eat
644 794 823 838 Romani
860 794 1070 851 l'onli'fiei's
1103 795 1363 837 eoncessione
1407 796 1588 837 fortassis
1627 808 1697 850 per
1729 793 1800 836 ali-

180 868 289 926 quod
324 868 505 911 officium
545 866 707 910 «Sedis
740 866 1001 922 Apostolicae
1026 882 1046 906 ))
1080 865 1325 923 facultatem
1363 864 1514 907 liabens
1550 868 1658 907 iuxta
1696 864 1802 906 illius

180 941 350 983 canonis
383 939 744 989 commentarium,
768 942 1077 979 saei-‹onemmn
1101 935 1433 992 confirmationis
1468 935 1723 984 ministrare,
1750 938 1803 977 in-

184 1009 318 1053 valide
352 1009 535 1066 quidem,
568 1008 638 1051 sed
679 1023 697 1048 ((
724 1021 796 1064 per
831 1020 975 1050 manus
1010 1009 1312 1063 impositionem
1337 1020 1429 1050 cum
1457 1008 1646 1049 unctione
1679 1005 1802 1048 cin-is-

183 1082 302 1124 matis
336 1082 373 1123 in
410 1081 543 1123 fronte
590 1084 629 1122 et
678 1092 749 1135 per
801 1077 923 1121 rerba
971 1080 1007 1120 in
1051 1078 1357 1121 Pontificalibus
1390 1076 1505 1120 libris
1538 1076 1588 1119 al)
1621 1075 1800 1119 Ecclesia

183 1149 364 1207 probatis
399 1151 696 1207 praescripta»
735 1148 843 1205 (can.
877 1147 995 1205 780),
1032 1150 1111 1190 imo
1145 1150 1337 1205 quamvis
1370 1147 1555 1190 subiecto
1595 1149 1671 1189 iam
1707 1159 1800 1188 (τι-»3-

182 1223 357 1273 iii-mato,
393 1221 495 1264 haec
527 1222 634 1264 enim
671 1234 748 1262 non
785 1219 929 1262 tollunt
965 1233 1038 1262 nec
1074 1222 1262 1262 minuunt
1296 1218 1491 1280 delictum
1528 1219 1804 1273 usurpationis

180 1297 297 1337 actus
329 1292 589 1349 episcopalis,
614 1296 780 1348 propter
803 1304 925 1348 quam
954 1292 1231 1347 usurpationis
1263 1291 1555 1333 conscientiam
1590 1288 1802 1331 subditur:

180 1377 310 1406 ausus
342 1361 489 1421 suerit,
513 1361 556 1419 (((
579 1361 719 1415 verba,
754 1374 858 1418 quae
894 1361 1054 1417 plenam
1090 1361 1368 1416 cognitionem
1393 1372 1440 1401 ac
1464 1357 1801 1401 deliberationem

180 1436 353 1491 exigunt
371 1434 428 1487 nl,
454 1433 562 1491 (can.
590 1433 715 1478 2229,
751 1436 775 1486 g
810 1431 874 1489 2);
911 1433 983 1482 sic,
1009 1435 1051 1474 ut
1085 1431 1239 1474 dietum
1264 1435 1338 1483 est„
1361 1429 1606 1487 delinquens
1639 1441 1805 1485 snspen-

180 1505 324 1556 (tatur,
341 1504 521 1548 scilicet:
545 1517 593 1547 eo
616 1503 724 1561 quod
756 1519 775 1544 c(
796 1503 857 1546 lex
886 1506 1023 1546 utatur
1050 1501 1186 1545 verbis
1210 1502 1487 1557 praeceptivis
1505 1516 1525 1541 »
1549 1500 1655 1556 (can.
1678 1499 1802 1545 2223,

181 1577 206 1629 ἓ
239 1575 297 1631 3),
337 1590 355 1615 (ι
380 1587 402 1617 3
435 1574 632 1618 divinis»
670 1573 988 1630 suspendendus
1020 1577 1094 1629 est,
1118 1585 1196 1615 non
1235 1587 1255 1612 c(
1279 1571 1330 1615 ab
1364 1572 1511 1624 officio,
1536 1582 1556 1613 a
1592 1569 1805 1619 beneticio,

181 1658 203 1688 3
228 1645 512 1688 iurisdictione
534 1662 549 1682 »
579 1645 686 1702 (can.
710 1644 837 1699 2278,
858 1643 1004 1700 2279),
1028 1655 1134 1700 quae
1162 1645 1198 1685 vi
1226 1641 1535 1699 presbyteratus
1560 1653 1635 1683 non
1662 1639 1802 1684 habet:

181 1716 220 1759 si
251 1729 346 1759 cero
374 1732 396 1757 a
421 1715 680 1773 presbyter»
710 1720 752 1758 nt
775 1727 897 1771 supra
927 1714 1328 1757 «extraordinarius
1363 1714 1591 1755 minister»
1624 1713 1804 1754 existens

181 1785 405 1844 facultali's
437 1785 516 1829 sibi
548 1786 689 1843 factae
731 1787 1086 1829 confirmationem
1134 1784 1390 1827 ministrandi
1427 1782 1582 1825 limites
1613 1787 1802 1839 praeler-

178 1857 314 1915 9rea'i,
348 1871 395 1901 ac
445 1857 626 1901 invalide
674 1861 865 1913 agentem
911 1868 1110 1912 usurpare
1145 1855 1371 1911 praefatum
1407 1855 1586 1909 episcopi
1624 1854 1802 1894 ministe-

182 1931 304 1981 rium,
329 1933 425 1971 tunc
460 1931 497 1971 in
531 1941 612 1986 quo
648 1927 712 1970 liic
748 1929 935 1984 peccavit
980 1929 1084 1969 iuste
1128 1928 1185 1969 sic
1229 1927 1410 1981 punitur,
1444 1923 1669 1967 dummodo
1705 1922 1800 1965 illud

178 1998 529 2057 praesumpserit,
551 2003 590 2041 et
623 1998 794 2055 proinde
833 2013 852 2037 «
876 1996 1085 2055 quaelibet
1109 1995 1438 2052 imputabilitatis
1462 1996 1693 2037 imminutio
1716 1996 1804 2035 site

181 2083 232 2113 ex
268 2075 382 2127 parte
417 2069 648 2113 intellectus
681 2068 872 2126 (excepta
908 2069 1139 2124 ignorantia
1173 2065 1379 2123 adeotata)
1412 2067 1501 2107 sire
1525 2078 1573 2108 ex
1601 2069 1713 2120 parte
1741 2078 1803 2103 ro-

183 2142 350 2185 luntatis
382 2142 527 2183 eximit
551 2155 569 2181 ³)
609 2153 701 2183 eum
733 2156 754 2180 a
776 2152 797 2182 3
834 2151 962 2196 poena
997 2137 1102 2182 latae
1125 2139 1352 2180 sententiae
1377 2152 1396 2177 »
1425 2144 1531 2188 (can.
1554 2135 1678 2188 2229,
1703 2137 1727 2188 g
1752 2134 1804 2189 ‘⁸21

182 2225 353 2269 nempe:
378 2210 522 2254 eaa'em
544 2210 752 2269 saenllcite
779 2226 800 2251 <‹
823 2209 899 2253 sibi
934 2210 1037 2253 tacta
1061 2224 1083 2249 >)
1121 2222 1166 2251 eo
1201 2208 1290 2265 ipso
1328 2223 1350 2248 ((
1374 2207 1523 2250 limites
1548 2211 1802 2262 praetergre-

182 2283 321 2326 diendi
346 2298 368 2323 »
408 2282 529 2325 modo
573 2280 778 2338 explicato
820 2280 1015 2338 privatus
1048 2279 1219 2332 existat,
1250 2282 1502 2336 quapropter
1535 2276 1689 2333 absque
1725 2276 1802 2319 ulla

181 2353 461 2397 declaratione
486 2352 686 2396 incideret
710 2355 748 2394 in
774 2357 1000 2408 posterum,
1022 2352 1054 2393 si
1080 2353 1228 2392 iterum
1252 2350 1531 2401 confirmaret,
1572 2347 1647 2390 sul)
1674 2349 1803 2402 prima

181 2426 352 2468 canonis
386 2428 515 2480 parte,
549 2435 668 2481 quae,
703 2427 745 2466 ut
782 2422 976 2476 vidimus,
1003 2434 1073 2478 per
1106 2420 1338 2476 Superioris
1366 2421 1651 2461 auctoritatem
1689 2423 1805 2473 urget

184 2494 532 2551 irregularitatem
567 2497 774 2539 incursant
815 2509 837 2534 c<
859 2507 907 2536 ex
933 2492 1084 2536 delicto
1109 2491 1285 2548 ponendi
1310 2494 1445 2533 aetum
1472 2489 1627 2532 ordinis
1651 2488 1804 2544 alisque

182 2579 231 2609 eo
267 2565 411 2609 ordine
434 2581 455 2607 ))
496 2565 604 2622 (can.
640 2565 739 2616 985,
772 2564 850 2622 70).

303 2636 399 2679 208.
420 2638 612 2683 Delicta
634 2639 681 2682 in
705 2636 1054 2682 iurisdictionis
1077 2634 1451 2679 sacramentalis
1474 2632 1804 2686 usurpatione.

182 2731 241 2738 —-
275 2704 374 2750 Can.
409 2708 549 2751 2366.
585 2705 802 2757 Sacerdos,
836 2707 925 2748 sive
969 2704 1065 2747 cleri
1099 2703 1337 2754 saecularis,
1371 2704 1459 2743 sire
1495 2701 1686 2755 religiosi.
1726 2713 1800 2740 non

183 2776 425 2834 Episcopus,
449 2779 544 2835 quia
569 2792 589 2818 «
613 2776 804 2833 Episcopi
827 2776 904 2819 sul)
929 2777 1069 2832 poenis
1093 2774 1196 2816 latae
1219 2775 1445 2815 sententiae
1469 2772 1802 2826 suspensionis»,

185 2851 227 2891 ut
261 2848 380 2904 infra,
420 2861 544 2891 «non
577 2847 1030 2904 comprehenduntur»
1060 2845 1165 2898 (ean.
1195 2844 1321 2895 2227,
1345 2843 1372 2899 ᾗ
1395 2842 1451 2897 2),
1474 2841 1543 2883 sed
1577 2840 1800 2896 presbiter.
