1950 3313
596 193 719 218 INDEX
746 193 939 220 CANONUM
965 195 1016 219 m*
1042 194 1323 221 COMMENTARII

1591 315 1669 338 CAN.

146 360 207 392 An
235 359 334 393 aliae
360 370 514 404 quoque
542 359 704 405 vigeant
730 361 968 406 obligatorio
995 373 1082 406 usu,
1112 368 1153 396 et
1179 374 1371 408 quaenam
1398 365 1479 399 sint

142 417 314 460 Quinam
346 418 386 452 in
416 418 593 453 Ecclesia
623 419 766 454 Latina
797 425 837 454 et
864 420 1019 466 quando
1047 420 1161 456 fidem
1187 422 1363 467 profiteri
1390 423 1560 459 formula

240 489 316 512 non
345 477 468 511 Piana
493 481 684 512 tenentur

142 536 205 570 An
233 537 484 581 protessionis
512 535 602 571 fidei
621 539 949 583 praescriptiones
968 540 1177 574 canonicae
1196 541 1278 574 sint
1297 540 1558 587 undequaque

239 595 395 639 sapiens
420 600 618 629 statutum
669 624 676 631 .

613 764 799 817 Codex
840 767 984 818 Iuris
1024 767 1304 820 Canonici.

728 907 912 948 LIBER
944 908 1188 950 PRIMUS.

687 1004 903 1048 Normae
951 1004 1234 1050 Generales.

140 1126 325 1162 Schema:
354 1127 472 1162 Liber
498 1129 529 1163 Ι.
558 1130 723 1164 Norniae
750 1132 954 1176 generales
995 1160 1001 1166 .

140 1186 318 1220 Canones
344 1186 401 1221 L?
444 1214 450 1221 .

658 1321 829 1366 Codex
862 1324 982 1368 iuris
1016 1326 1253 1370 canonici.

134 1433 291 1469 Codicis
317 1434 461 1470 divisio

134 1493 339 1528 Canonum
365 1495 704 1539 praeliminarium
731 1497 974 1533 coordinatio
995 1526 1002 1533 .

134 1552 266 1586 Codex
292 1553 415 1588 relate
441 1554 489 1588 ad
515 1555 742 1590 universam
773 1556 1002 1591 Ecclesiam.
1633 1566 1649 1598 l

132 1611 265 1646 Codex
291 1612 331 1646 in
358 1618 540 1658 respectu
567 1614 614 1648 ad
641 1614 850 1660 liturgicas
877 1617 996 1661 leges.
1627 1624 1648 1656 2

132 1670 263 1704 Codex
291 1682 379 1705 cum
405 1672 598 1707 relatione
625 1673 672 1708 ad
699 1674 877 1718 publicas
904 1677 1191 1712 conventiones
1214 1707 1219 1712 .
1628 1684 1650 1717 ὁ

131 1729 264 1764 Codex
291 1730 330 1764 in
358 1731 495 1765 ordine
522 1732 569 1766 ad
596 1734 842 1777 privatorum
869 1734 954 1768 iura
991 1762 998 1769 .
1101 1763 1108 1770 .
1212 1765 1217 1770 .
1322 1766 1329 1772 .
1431 1759 1441 1764 -
1545 1769 1550 1775 .
1627 1743 1648 1775 4

130 1788 263 1823 Codex
289 1801 382 1835 erga
407 1791 470 1824 ius
495 1802 572 1825 non
600 1792 790 1836 scriptum
1626 1802 1647 1835 5

130 1847 274 1891 Codex,
303 1849 351 1883 ad
377 1850 654 1894 praecedentes
681 1851 788 1896 leges
815 1853 1102 1888 ecclesiasticas
1129 1856 1231 1900 quod
1258 1857 1406 1891 attinet
1435 1885 1441 1892 .
1627 1860 1648 1894 6

129 1906 382 1952 significatio
410 1909 618 1944 verborum
639 1911 678 1945 in
699 1912 999 1957 quamplurimis
1026 1914 1180 1948 Codicis
1200 1915 1295 1950 locis
1314 1917 1552 1953 usitatorum
1628 1919 1647 1953 7

827 2053 1013 2090 TITULl'S
1042 2054 1063 2090 Ι.

658 2136 714 2170 De
744 2136 903 2178 legibus
937 2138 1244 2181 ecclesiasticis.

128 2225 225 2260 Can.
254 2229 289 2261 8-
294 2228 339 2261 24

128 2285 407 2332 Inscriptionis
433 2288 547 2323 tituli
578 2288 772 2324 definitio.

128 2343 367 2381 Differentia
393 2346 521 2392 legem
549 2348 655 2382 inter
680 2355 716 2382 et
742 2355 995 2395 praeceptum
1021 2363 1064 2385 ac
1090 2356 1243 2387 statuta

127 2403 305 2449 Statum,
334 2405 443 2451 leges
469 2418 512 2441 ac
536 2414 742 2453 praecepta
768 2409 906 2443 stricto
933 2421 1052 2444 sensu
1098 2438 1104 2444 .

127 2461 332 2498 Canonum
359 2464 567 2501 distinctio

129 2520 462 2566 Constitutiones‚
491 2524 661 2569 decreta,
690 2526 905 2562 decretales

128 2578 313 2615 Schema:
343 2581 503 2618 Titulus
530 2584 560 2618 I.
590 2585 647 2619 De
674 2585 831 2631 legibus
857 2587 1138 2623 ecclesiasticis

127 2638 331 2675 Canonum
358 2642 603 2678 coordinatio
656 2672 663 2678 .

128 2697 468 2744 Promulgationis
494 2702 630 2748 legum
656 2702 821 2739 effectus
874 2732 880 2739 .
985 2733 990 2739 .
1095 2734 1102 2741 .
1206 2735 1212 2741 .
1317 2737 1322 2742 .
1427 2736 1434 2744 .
1538 2737 1545 2744 .
1620 2710 1642 2745 8

125 2756 324 2792 Canonioa
350 2759 483 2804 legum
510 2763 773 2807 promulgatio
799 2769 839 2798 et
867 2766 1018 2799 vacatio
1096 2792 1103 2800 .
1206 2795 1212 2800 .
1315 2794 1323 2801 .
1426 2796 1431 2802 .
1536 2796 1543 2803 .
1621 2770 1641 2803 9

128 2815 278 2860 Legum
305 2815 470 2853 effectus
497 2821 702 2855 extensive
762 2849 768 2855 .
873 2850 879 2857 .
983 2850 990 2857 .
1093 2851 1100 2857 .
1205 2855 1210 2859 .
1317 2856 1319 2859 .
1425 2854 1431 2861 .
1537 2856 1542 2862 .
1599 2830 1641 2861 10

129 2874 280 2920 Legum
307 2874 473 2911 effectus
499 2878 699 2913 intensive
761 2907 767 2914 .
872 2909 878 2915 .
1092 2910 1098 2916 .
1203 2911 1210 2917 .
1314 2913 1320 2918 .
1425 2913 1430 2919 .
1534 2913 1541 2920 .
1599 2888 1638 2920 ll

127 2932 299 2975 Quinam
327 2934 367 2968 in
395 2946 537 2980 genere
564 2937 735 2972 subsunt
762 2939 958 2974 Ecclesiae
986 2940 1140 2986 legibus
1205 2969 1212 2976 .
1316 2973 1321 2978 ,
1426 2971 1432 2977 .
1536 2973 1541 2978 .
1599 2945 1640 2978 12

1708 188 1773 223 195

1694 315 1773 337 PAG.

1726 366 1773 400 48

1727 485 1773 519 50

1727 604 1765 637 51
