1950 3313
160 175 228 209 136
623 170 706 204 Lm.
733 170 778 203 V.
807 189 818 194 —
846 169 957 204 PARS
982 168 1032 202 Π.
1062 189 1074 194 -
1100 168 1159 203 De
1177 172 1315 213 poenis
1458 168 1551 204 Can.
1577 167 1782 202 2262-2263

158 293 269 336 Bulla
309 291 513 346 «Exurge
549 289 760 349 Domine»
785 288 797 310 ¹
831 288 1048 332 damnavit
1089 288 1255 332 Lutheri
1302 302 1415 346 prop.
1456 304 1476 329 «
1501 288 1567 332 23.
1603 287 1778 332 Excom-

154 365 452 406 munic-<itiones
483 365 577 403 sunt
621 364 778 403 tantum
814 365 1010 403 externae
1046 372 1200 416 poenae
1235 373 1309 404 nec
1360 362 1526 417 privant
1569 359 1780 402 hominem

151 432 441 477 communibus
472 429 757 486 spiritualibus
791 430 1000 473 Ecclesiae
1033 430 1288 474 orationibus
1311 447 1350 472 J).

274 506 564 545 Verumtamen
599 503 977 544 excommunicatio
1009 514 1088 544 non
1123 503 1287 558 attingit
1329 502 1487 545 directe
1521 503 1778 545 communio-

151 587 242 617 nem
292 576 544 625 sanctorum,
578 584 684 629 quae
733 574 903 614 internis
952 572 1044 614 tidei
1093 576 1132 614 et
1175 574 1358 615 caritatis
1395 572 1570 615 vinculis
1602 576 1773 616 constat.

152 644 235 687 lmo
269 644 710 686 excommunicationis
735 643 802 685 tini
840 642 1003 698 prodest
1039 645 1278 686 intercessio
1303 642 1488 686 tidelium
1512 648 1551 686 et
1576 643 1779 686 Advocati

151 715 201 758 ad
239 714 399 757 Patrem
433 712 582 757 Christi
627 712 729 756 lesu.
768 713 986 768 Propterea
1020 713 1207 756 decernit
1240 715 1264 767 ἓ
1294 716 1337 757 2.
1373 713 1462 758 Non
1504 712 1781 770 prohibentur

152 791 289 827 (dinen
324 785 525 828 indirecte
558 784 609 828 ob
642 783 870 841 quamlibet
902 783 1072 827 alterius
1105 786 1602 828 excommunicationem:

272 855 327 898 1.⁰
351 854 537 909 Fideles,
567 857 637 912 qui
671 854 880 898 Ecclesiae
903 854 1151 908 subduntur,
1182 854 1385 912 prstatim
1410 855 1536 898 idest:
1561 855 1672 898 cultu
1699 857 1779 909 pri-

156 931 248 970 vato
283 926 390 983 (can.
428 925 559 982 1256)
592 938 639 969 ac
672 925 909 981 singulatim
948 925 1010 967 vet
1045 925 1094 968 ad
1130 927 1258 968 instar
1290 925 1469 969 t'amiliae
1514 939 1591 983 pro
1624 939 1669 969 eo
1702 928 1778 969 sei-

151 997 268 1041 licet:
303 997 459 1040 directe
495 999 531 1039 in
569 997 753 1039 savorem
788 995 1045 1052 spiritualem
1085 995 1147 1039 vet
1188 996 1458 1052 temporalem
1493 999 1778 1040 excommuni-

149 1071 227 1112 cati
262 1081 388 1111 orare
421 1069 580 1111 interne
613 1072 682 1110 aut
716 1072 900 1121 externe,
926 1080 1121 1123 expressa
1155 1079 1321 1124 quoque
1354 1069 1594 1111 intentione.
1627 1065 1779 1120 Quam-

153 1141 213 1182 vis
246 1141 353 1182 enim
389 1138 574 1182 Ecclesia
609 1143 743 1194 posset
775 1151 847 1181 sua
885 1137 1160 1194 prohibitione
1194 1143 1310 1181 actus
1359 1138 1449 1181 illos
1480 1142 1673 1181 externos
1710 1151 1777 1181 ve—

150 1215 251 1263 tare,
286 1223 364 1252 non
399 1211 590 1266 congruit
624 1211 750 1265 ipsius
785 1208 1026 1264 benignitati
1062 1221 1109 1252 ac
1145 1209 1229 1261 tini,
1258 1222 1381 1266 quem
1417 1211 1609 1266 prosequi
1643 1208 1778 1252 debet.

271 1280 368 1323 Item
405 1280 453 1323 ad
506 1283 707 1323 internam
741 1284 980 1322 sanctorum
1013 1282 1350 1322 communionem
1396 1282 1585 1336 proprius
1618 1279 1779 1323 accedit

149 1351 354 1395 derivatio
390 1351 616 1406 personalis
649 1356 687 1394 et
720 1350 882 1394 occulta
923 1352 1164 1393 meritorum
1198 1349 1362 1403 Christi,
1396 1363 1502 1408 quae
1535 1350 1777 1394 conceditur

150 1422 226 1466 sub
270 1422 326 1465 n.0
360 1423 422 1465 2⁰
466 1422 711 1466 Sacerdotes
758 1421 944 1478 quilibet,
997 1421 1163 1478 parochi
1199 1424 1323 1465 etiam
1355 1426 1395 1465 et
1432 1419 1645 1466 Ordinarii
1678 1419 1776 1464 Mis-

151 1508 241 1536 sam
287 1498 323 1545 a)
369 1493 585 1551 privatim,
619 1495 811 1550 quamvis
859 1495 1024 1536 conscia
1069 1506 1147 1536 una
1195 1493 1256 1536 vel
1291 1494 1420 1536 altera
1455 1505 1629 1549 persona
1663 1493 1780 1535 fami-

151 1564 272 1618 liare,
294 1566 461 1607 forsitan
499 1564 721 1621 praebente
745 1564 1067 1621 eleemosynam,
1092 1564 1318 1608 dummodo
1353 1563 1516 1621 publice
1550 1566 1775 1620 ignoretur,

151 1636 329 1679 addente
377 1649 557 1679 canone:
608 1635 648 1692 b)
700 1649 748 1678 ae
793 1640 952 1678 remoto
997 1634 1215 1694 scandalo,
1263 1636 1372 1693 quod
1417 1635 1598 1678 derivari
1646 1638 1780 1690 posset

152 1707 358 1761 fidelibus,
392 1709 460 1764 qui
506 1712 697 1764 putarent
733 1707 770 1749 id
807 1708 894 1750 lieri
928 1721 1006 1750 non
1052 1721 1182 1764 posse,
1222 1706 1282 1750 vel
1317 1709 1412 1764 quia
1460 1706 1779 1762 parvipendere-

153 1783 219 1822 tur
252 1777 461 1822 Ecclesiae
494 1791 683 1831 censura,
716 1781 819 1821 sicut
855 1781 1043 1821 eveniret
1077 1778 1314 1834 recipiendo
1348 1776 1494 1820 Missae
1529 1777 1780 1833 stipendium

150 1848 201 1892 ab
226 1851 313 1905 ipso
338 1852 715 1902 excommunicato,
747 1862 825 1907 pro
858 1863 919 1901 eo,
952 1851 1010 1892 uti
1043 1848 1121 1892 hoc
1164 1854 1223 1892 est
1256 1849 1332 1892 sub
1367 1862 1405 1891 n.
1442 1848 1482 1890 1⁰
1507 1848 1780 1901 declaratum,

149 1919 367 1977 applicare
399 1921 449 1963 ad
485 1920 711 1977 quemlibet
746 1920 965 1963 honestum
1000 1921 1123 1963 tinem
1159 1923 1270 1963 iuxta
1306 1919 1594 1975 applicationis
1637 1923 1778 1961 exten-

149 1993 305 2034 sionem
340 1991 389 2033 ad
425 2004 514 2034 can.
551 1991 632 2033 809
683 1990 945 2047 explicatam.
977 2016 1035 2021 ——
1068 1989 1180 2033 Haec
1231 1991 1513 2045 interpretatio
1548 1988 1714 2032 fulcitur
1755 2000 1777 2030 a

150 2074 321 2110 canone,
346 2062 445 2104 dum
478 2062 746 2104 adversative
779 2061 1015 2118 subiungit:
1049 2060 1135 2113 sed,
1158 2061 1417 2104 solummodo
1441 2060 1479 2102 si
1501 2060 1556 2102 sit
1582 2058 1777 2102 vitandus

153 2135 539 2176 excommunicatus
587 2133 635 2175 ad
688 2145 874 2175 normam
908 2138 1015 2176 can.³
1050 2132 1175 2185 2258,
1210 2132 1246 2185 §¹
1281 2131 1333 2183 ⁶21,
1365 2144 1442 2188 pro
1491 2131 1581 2172 eins
1614 2142 1776 2172 coniver-

152 2202 269 2246 sione
304 2208 479 2249 tantum,
513 2203 692 2245 exclusis
735 2216 833 2258 ergo
879 2202 1136 2253 utilitatibus,
1182 2202 1276 2245 licet
1318 2201 1480 2245 Missam
1529 2214 1647 2257 «pro
1681 2213 1728 2243 eo
1751 2215 1773 2240 >J

153 2272 230 2317 sub
263 2273 569 2317 conditionibus
602 2273 642 2330 a)
676 2278 713 2316 et
750 2274 787 2328 b)
825 2273 1142 2329 «applicare».

273 2345 340 2388 90.
386 2346 560 2396 Quoad
607 2349 747 2390 actus
790 2346 1042 2400 legitimos
1090 2346 1181 2390 etsi
1230 2358 1326 2389 non
1374 2357 1546 2389 sacros
1595 2341 1775 2398 explicat

155 2414 452 2471 prohibitiones
499 2429 590 2458 eon.
623 2416 751 2457 ‘2263
788 2430 807 2454 ((
832 2428 924 2457 cum
964 2416 1090 2457 veteri
1144 2417 1231 2456 iure
1264 2426 1541 2469 congruens»
1597 2412 1704 2470 (can.
1741 2413 1780 2466 6,

155 2485 211 2536 20,
247 2485 321 2541 30).
356 2485 422 2528 Sic
454 2487 563 2528 enim
600 2485 749 2541 legitur
784 2487 820 2527 in
854 2497 942 2541 cap.
982 2485 1032 2527 14
1072 2500 1091 2525 ((
1116 2484 1167 2527 ‹le
1205 2487 1407 2527 sententia
1441 2484 1778 2526 excommunica-

151 2558 316 2599 tionis»
357 2558 394 2598 in
431 2555 496 2598 60:
537 2571 557 2596 «
582 2555 974 2599 Excommunicatus
1007 2559 1142 2598 tamen
1179 2557 1419 2598 nominatim
1448 2554 1510 2598 vel
1543 2553 1779 2610 specialiter

152 2631 191 2670 et
224 2639 419 2682 expresse
465 2626 747 2682 [limitationes
796 2639 903 2669 nunc
950 2625 1169 2682 sublatae),
1204 2628 1274 2683 qui
1325 2631 1411 2681 post
1455 2625 1775 2681 appellationem

155 2697 381 2753 legitimam
431 2699 874 2740 excommunicationis
920 2699 1165 2739 sententiani
1211 2699 1355 2739 asserit
1407 2699 1444 2738 in
1488 2709 1531 2739 se
1577 2695 1714 2743 latam,
1749 2696 1780 2737 si

155 2767 473 2824 appellationem
507 2768 696 2811 eamdem
740 2768 841 2810 infra
887 2772 1047 2823 tempus
1081 2767 1130 2810 ad
1176 2769 1304 2823 ipsam
1357 2765 1685 2823 prosequendam
1729 2764 1781 2808 ab

276 2921 287 2942 1
317 2921 360 2954 15
386 2921 473 2955 Iun.
505 2921 606 2955 1520.
638 2921 876 2966 Denzinger,
906 2932 945 2954 n.
974 2920 1054 2954 763.
