1950 3313
218 189 304 224 TIT.
321 187 432 223 XIII.
450 207 462 214 -
477 187 533 222 De
550 188 701 222 delictis
719 190 856 222 contra
870 191 1133 230 auctoritates,
1152 200 1340 234 personas
1357 192 1389 224 et
1410 200 1468 224 res
1485 190 1608 223 eccles.
1657 189 1726 222 219

123 325 261 362 Titulus
284 325 357 361 Xlll

1636 1029 1726 1065 23:335

1570 1328 1584 1345 »
1638 1322 1691 1345 “.,

1569 1564 1581 1581 i)
1635 1555 1643 1567 ⁸

126 373 172 409 De
196 373 357 409 delictisl
397 392 440 397 -
466 371 503 406 in
529 370 689 415 eligendo
715 369 859 405 Summo
888 371 1052 407 pontifice
1078 373 1274 407 commissis

396 533 440 538 -—
478 511 689 558 praecipien-
722 533 770 557 i—
798 512 910 557 quoad
941 512 1211 547 inobedientiam

419 565 469 596 tes
669 579 709 583 -·

177 613 300 646 contra
390 581 392 669 J
720 591 769 632 l—
799 616 855 651 pei·
881 605 1150 651 appellationem

389 692 392 877 ἱ
658 722 697 726 -
718 701 878 736 ecclcsia-
911 722 959 734 2-
986 701 1077 736 circa
1097 701 1226 737 litteras
1247 702 1295 736 vel
1315 706 1390 737 acta
1417 713 1517 747 quac-

678 749 782 783 sti‹·as
856 769 900 773 —
939 748 1023 784 libet

910 853 956 867 ¹—
987 842 1224 888 impediendas
1259 863 1313 879 -,

650 911 652 921 i
1312 905 1314 923 l

388 882 391 983 i
650 928 700 962 ⁸—
725 937 830 972 etiam
856 937 985 976 civiles,
1010 948 1135 973 nomen
1160 937 1278 972 dando
1313 924 1314 945 ¹

399 1007 437 1012 -
456 986 570 1032 quoad
586 996 617 1021 e-
678 985 779 1020 sectis
1258 1005 1302 1009 —
1320 1004 1359 1009 -
1390 983 1517 1018 machi-

403 1033 638 1069 xercitium—
1342 1031 1507 1066 nantibus

98 1131 321 1168 auctoritates
340 1150 377 1154 —
644 1100 654 1224 i
1312 1077 1315 1177 i
1340 1136 1359 1161 a
1385 1124 1518 1160 clericis

1311 1181 1313 1208 τ
1339 1177 1371 1225 et
1389 1172 1521 1217 religio-

1333 1231 1385 1270 {¹3

660 1338 700 1342 —
729 1316 988 1363 impediendum
1017 1316 1052 1350 in
1081 1315 1245 1362 paroeciis

742 1431 783 1437 —
812 1411 845 1445 in
875 1410 1106 1446 reservatione
1131 1421 1171 1445 ac
1200 1420 1258 1455 per
1284 1420 1448 1445 censuras

390 1498 438 1533 ¹-
458 1511 658 1543 coercentes
681 1528 722 1531 —
743 1528 784 1560 -3
813 1518 871 1553 per
896 1505 1094 1551 sepulturae
1120 1504 1372 1540 ecclesiasticae
1405 1503 1516 1549 priva-

763 1561 891 1589 tionem

741 1670 782 1675 —
811 1647 1061 1700 perseverando
1092 1648 1126 1681 in
1158 1645 1517 1682 excommunicatione

760 1702 819 1731 aut
846 1705 1073 1741 suspensmne

834 1858 878 1863 --
906 1836 1074 1883 privilegii
1104 1835 1164 1871 fori

390 1925 440 1959 ³—
459 1945 519 1980 per
533 1933 755 1969 violationem
775 1952 815 1958 —
836 1951 877 1957 —-
904 1931 1084 1967 clausurae
1122 1930 1332 1975 regularium
1372 1933 1406 1964 et
1446 1939 1515 1963 mo—

147 1991 309 2027 personas
337 2002 380 2007 -
857 1979 1003 2014 nialium

836 2093 876 2098 —
907 2072 1074 2119 privilegii
1101 2071 1246 2107 canonis

406 2191 435 2194 —
469 2180 528 2215 per
554 2168 701 2204 iniurias
728 2167 882 2207 verbales
908 2172 967 2202 aut
994 2167 1028 2201 in
1056 2165 1194 2212 scriptis

399 2327 441 2334 —
467 2318 506 2342 ac
534 2306 609 2342 iura
634 2307 676 2341 ad
705 2305 893 2341 Ecclesiam
922 2303 1114 2339 Romanam
1143 2301 1351 2349 pertinentia

728 2422 769 2426 ——
797 2399 1120 2446 quomodocumque
1146 2397 1346 2442 usurpando
1373 2406 1444 2430 eas'

398 2473 442 2478 —
467 2455 546 2487 actu
564 2449 650 2484 tales
669 2427 725 2514 —i

186 2504 220 2536 et
244 2510 299 2536 res
336 2520 380 2525 —
728 2516 771 2520 —
799 2495 834 2530 in
861 2505 979 2530 earum
1006 2492 1219 2528 alienatione

153 2547 334 2584 ecclesias-

200 2595 288 2630 ticas
738 2610 771 2616 -
800 2589 1016 2634 negligentes
1035 2588 1145 2632 legata
1166 2586 1215 2621 vel
1235 2584 1440 2620 donationes
1459 2583 1520 2616 im-

402 2661 443 2666 -
469 2651 508 2676 ex
527 2639 643 2675 debito
670 2657 713 2664 —
754 2637 846 2683 plere

733 2752 775 2814 ἶ
801 2729 993 2766 recusando
1022 2727 1272 2775 praestationes
1290 2724 1441 2769 legitime
1461 2723 1516 2757 de·

768 2783 832 2814 itas

220 2942 358 2991 gvide
384 2952 553 2976 canones
578 2941 620 2974 in
646 2951 762 2985 pagg.
792 2938 875 2981 218,
902 2937 984 2970 2:20.

1570 2775 1645 2798 n·
