1950 3313
150 149 196 183 38
824 147 1099 182 INTRODUGTIO

151 267 263 310 tione
300 265 576 324 quarumdam
615 264 931 322 Pontificiarum
969 264 1323 309 Constitutionum
1369 280 1419 309 ac
1461 266 1599 323 legum
1633 267 1663 322 ²,
1696 280 1776 324 quo

150 338 324 381 Decreto
357 336 544 380 collectio
568 336 715 380 harum
751 337 825 380 fuit
850 349 947 380 vere
979 336 1231 380 authentica.
1266 334 1412 390 Quoad
1449 337 1528 381 alia
1554 337 1676 381 huius
1706 337 1778 381 do-

148 413 339 452 cumenta
378 410 484 451 sicut
521 407 657 464 quoad
696 412 834 451 cetera
873 422 892 448 (1
916 406 1020 450 Acta
1039 423 1077 462 1),
1103 409 1262 450 etiamsi
1297 407 1564 451 collectiones
1595 410 1675 451 sint
1708 421 1778 464 ge-

141 481 313 533 nuinae,
348 491 426 521 non
460 482 554 521 sunt
587 481 732 521 nactae
768 477 975 534 publicam
1010 480 1315 522 auctoritatem.

266 549 332 592 35
371 551 697 595 Collectiones
721 549 804 595 SS.
829 551 1157 596 Romanarum
1192 549 1660 606 congregationum.
1693 548 1777 593 Sub

149 620 217 663 illo
253 624 440 676 respectu
475 621 625 676 triplex
660 619 806 663 harum
841 619 984 662 classis
1018 619 1215 676 distingui
1252 624 1395 676 potest.
1431 620 1468 664 S.
1494 619 1646 664 Indicis
1678 618 1778 663 Con·

148 693 335 748 gregatio
370 704 478 733 nnnc
511 703 730 747 suppressa
765 690 894 733 edidit
926 689 1212 734 collectionem
1247 692 1390 734 stricto
1424 704 1545 734 sensu
1578 690 1780 734 authenti·

148 774 237 805 cam
263 761 314 804 de
338 760 499 804 obiecto
523 774 622 804 suae
645 763 962 817 competentiae.
996 760 1125 817 Leges
1158 760 1344 804 eiusdem
1369 761 1584 818 generales
1606 764 1778 804 transie-

149 838 244 875 runt
278 831 399 888 paulo
434 833 675 875 immutatae
709 833 748 874 in
782 831 963 874 'l'itulum
1003 847 1023 872 ((
1047 831 1097 874 de
1131 844 1306 875 censura
1345 836 1384 874 et
1423 831 1699 888 prohibitione
1734 832 1777 874 li-

150 902 364 947 brorum»
402 902 512 946 Libri
548 902 597 945 111
641 902 819 947 Codicis.
872 902 1043 946 Decreta
1083 916 1180 946 vero
1223 904 1333 946 circa
1377 902 1608 959 singulares
1652 902 1778 947 libros

148 973 321 1018 collecta
353 978 447 1017 sunt
481 976 518 1016 111
560 973 663 1018 libro
699 975 768 1031 (1111
810 973 1076 1017 inscribitur:
1118 973 1284 1016 «Index
1313 972 1514 1017 librorum
1551 972 1779 1030 prohibito-

150 1058 286 1088 rum...
323 1044 378 1087 Pii
415 1045 485 1088 ΡΡ.
522 1044 556 1087 Χ
592 1047 702 1088 iussu
738 1046 859 1088 tertio
893 1044 1072 1088 editus»
1111 1057 1217 1087 anno
1253 1044 1380 1089 1911.

267 1115 421 1159 Eodem
457 1129 577 1159 sensu
611 1115 848 1159 authentica
883 1118 920 1158 in
958 1115 1090 1158 lucem
1126 1115 1277 1172 prodiit
1312 1114 1509 1158 Raeeolla
1542 1129 1613 1158 seu
1655 1114 1780 1159 «Col-

149 1187 269 1231 lectio
304 1200 472 1244 precum
511 1190 756 1245 piorumque
788 1186 1151 1244 ope1·11m.‹1uibus
1185 1187 1408 1230 recitandis
1434 1200 1505 1230 seu
1531 1186 1780 1243 peragendis

148 1258 321 1302 Romani
358 1257 576 1301 Pontifices
610 1257 890 1314 Indulgentias
933 1256 1221 1300 adnexuerunt
1248 1273 1285 1301 1),
1319 1256 1377 1300 De
1421 1256 1498 1300 hac
1535 1258 1574 1299 in
1608 1255 1704 1300 Dec.
1741 1256 1779 1300 S.

147 1327 311 1385 Congu-⁵.
348 1327 747 1384 lndalgentiarum...
774 1327 787 1348 ²
823 1326 1000 1383 legitur:
1031 1339 1205 1384 «eaque
1240 1327 1412 1383 proinde
1447 1329 1503 1369 nti
1539 1327 1719 1383 genuina
1743 1330 1782 1368 et

149 1399 386 1443 authentica
419 1399 586 1456 Sylloge
621 1398 979 1455 Indulgentiarum
1016 1398 1215 1441 hactenus
1250 1412 1321 1454 pro
1373 1399 1579 1441 universis
1612 1396 1779 1441 Christi-

150 1469 342 1514 fidelibus
375 1475 413 1513 et
449 1484 520 1526 pro
553 1469 802 1523 quibusdam
840 1482 981 1512 eorum
1018 1468 1205 1512 coetibus
1240 1469 1391 1512 ibidem
1428 1469 1654 1524 designatis
1687 1480 1783 1511 con-

149 1554 358 1585 cessarum
394 1540 446 1585 ab
479 1540 674 1584 omnibus
707 1545 767 1584 est
803 1540 1078 1583 retinenda».
1114 1539 1380 1596 Appendices
1420 1542 1573 1596 pariter
1610 1538 1783 1582 authen-

149 1613 254 1655 ticae
288 1616 566 1655 accesserunt.

268 1681 539 1726 Collectiones
575 1682 761 1739 publicas
799 1682 935 1740 quoad
977 1681 1247 1726 Decretorum
1288 1681 1642 1725 authenticitatem
1679 1681 1781 1725 obti-

150 1758 328 1797 nuerunt
361 1754 399 1797 S.
424 1753 572 1810 Congr.
608 1753 964 1810 lndulgentiarum
1000 1767 1109 1797 nunc
1143 1765 1377 1810 suppressa,
1404 1757 1443 1795 et
1466 1753 1503 1798 S.
1530 1752 1678 1809 Congr.
1715 1752 1781 1797 Ri-

149 1829 264 1867 tuum
301 1824 495 1882 (quarum
520 1824 787 1868 collectiones
813 1826 982 1867 maximi
1007 1829 1102 1867 sunt
1135 1826 1333 1867 momenti
1369 1821 1555 1879 practici,
1580 1828 1783 1881 quatenus

149 1907 293 1951 parum
330 1908 402 1951 per
434 1894 626 1939 Codicem
662 1900 757 1938 sunt
790 1895 1048 1952 delegatae),
1084 1900 1122 1938 et
1158 1895 1278 1938 modo
1319 1895 1420 1937 infra
1460 1894 1707 1951 explicando
1742 1894 1780 1937 S.

147 1964 297 2022 Congr.
331 1965 454 2009 [lonc.
489 1978 605 2009 suam
642 1965 765 2009 habet
799 1965 1111 2010 Collectionem.

266 2035 461 2080 Collectio
484 2037 524 2080 S.
549 2036 711 2093 Congr³.
738 2036 1096 2093 lmlulgentiarum
1124 2051 1196 2093 pro
1222 2037 1338 2080 titulo
1373 2036 1524 2080 habet:
1564 2051 1584 2076 ((
1607 2035 1779 2079 Decreta

148 2107 384 2151 authentica
418 2107 455 2150 S.
476 2107 639 2164 Congr³.
667 2107 940 2163 lndulgentiis
972 2110 1186 2165 sacrisque
1223 2107 1407 2165 reliquiis
1442 2109 1698 2163 praepositae
1730 2105 1781 2150 ab

148 2190 183 2222 a.
224 2178 332 2221 1668
366 2178 415 2221 ad
449 2191 484 2222 a.
523 2178 632 2221 1882
667 2179 777 2222 edita
813 2180 923 2221 iussu
964 2183 1002 2221 et
1035 2181 1280 2222 auctoritate
1318 2178 1438 2221 Ss.mi
1473 2177 1518 2220 D.
1554 2177 1599 2221 N.
1638 2176 1781 2220 Leonis

148 2248 219 2291 ΡΡ.
257 2248 346 2291 Xlll
371 2265 408 2289 ».
445 2248 707 2303 Ratisbonae,
752 2248 1038 2292 Neo-Eboraci
1084 2254 1123 2292 et
1165 2248 1412 2292 Cincinnatii
1452 2248 1575 2291 1883.
1614 2247 1669 2290 De
1704 2247 1780 2291 hac

147 2319 299 2362 dicitur
339 2321 375 2362 111
419 2319 533 2363 Dec⁰.
569 2320 754 2362 eiusdem
789 2319 827 2363 S.
863 2318 1030 2376 Congr⁵.
1065 2321 1080 2341 ³
1114 2318 1355 2363 Collectioni
1391 2319 1603 2375 praelixo:
1655 2330 1780 2375 (1113111

148 2389 416 2433 Decretorum
451 2389 703 2446 Syllogem...
734 2390 811 2433 Leo
838 2390 909 2435 PP.
938 2389 1027 2433 Xlll
1067 2405 1086 2430 «
1110 2392 1355 2433 auctoritate
1379 2402 1450 2432 sua
1477 2388 1620 2445 Aplca.
1639 2401 1782 2445 appro-

149 2459 274 2515 bavit,
310 2465 348 2503 et
382 2462 437 2502 uti
473 2460 754 2503 authenticam
789 2460 840 2504 ab
874 2459 1066 2503 omnibus
1102 2460 1358 2502 retinendam
1394 2473 1482 2502 esse
1508 2460 1780 2516 praecepit».

267 2531 384 2573 Anno
424 2531 525 2573 1901
567 2533 658 2573 linis
691 2536 751 2574 est
786 2533 1003 2587 impositus
1036 2531 1205 2573 editioni
1247 2530 1400 2574 Romae
1438 2529 1490 2573 ab
1523 2542 1629 2572 anno
1665 2529 1778 2572 1898

148 2604 334 2658 inceptae
367 2605 504 2658 operis
538 2604 574 2644 111
611 2604 794 2659 quinque
823 2602 1032 2644 volumina
1068 2595 1243 2657 digesti:
1284 2600 1501 2644 «Decreta
1535 2600 1772 2643 authentica

146 2672 182 2715 S.
209 2672 358 2729 (Iongr.
385 2672 566 2724 Rittium,
599 2674 663 2716 cui
699 2674 874 2716 accessit
902 2671 1097 2715 Volumen
1136 2670 1183 2714 Vl
1215 2685 1286 2715 seu
1323 2671 1538 2728 Appendix
1575 2684 1595 2713 a
1634 2671 1700 2713 Pio
1737 2669 1768 2713 X

263 2827 273 2847 1
302 2825 378 2859 CO.
408 2825 453 2868 V,
483 2826 563 2860 558.
596 2846 637 2850 —
664 2826 677 2847 2
703 2825 748 2859 23
775 2825 850 2859 Iul.
881 2825 983 2861 1898.
1010 2845 1053 2849 -
1079 2825 1093 2846 3
1122 2824 1164 2857 19
1191 2824 1293 2869 Aug.
1327 2825 1429 2858 1882.
