1950 3313
160 151 230 184 262
533 147 617 182 L1B.
637 146 680 181 V.
700 167 711 172 -
731 147 842 182 PARS
860 148 932 182 ΙΙΙ.
954 168 966 173 -
986 148 1043 183 De
1059 151 1194 193 poenis
1212 151 1255 182 in
1271 147 1413 182 delicta
1462 146 1556 181 Can.
1583 146 1787 184 2356-‘2357

162 273 249 325 post
285 269 568 320 monitionem,
599 280 676 324 pro
709 265 878 310 diversa
908 271 1054 310 reatus
1087 269 1211 310 etiam
1245 280 1297 310 ex
1330 265 1526 310 scandalo
1565 280 1658 310 cum
1698 266 1789 310 aliis

159 340 481 383 circumstantiis
516 332 793 382 mensuranda
823 338 1051 396 φάυίῑαίθ,
1086 338 1337 382 disiunctive
1379 337 1791 381 emcommzmieemur

160 411 210 454 de
243 422 324 467 qua
355 411 539 465 graviori
573 421 748 453 censura
781 408 903 453 Cone.
938 408 1049 455 Trid.
1084 412 1140 453 ait
1173 409 1212 452 ¹:
1257 407 1504 461 «Quamvis
1547 421 1787 452 excommu-

160 482 376 523 nicationis
408 479 571 536 gladius
605 493 759 523 nervus
791 483 843 523 sit
875 479 1183 524 ecclesiasticae
1215 478 1472 536 disciplinae,
1507 483 1545 522 et
1578 479 1629 523 ad
1660 481 1789 523 conti—

160 551 318 594 nendos
351 553 389 593 in
424 550 558 594 officio
593 550 764 608 populos
800 550 919 594 valde
951 550 1162 604 salutaris;
1198 550 1336 594 sobrie
1369 554 1523 605 tamen,
1557 562 1791 607 magnaque

159 624 530 678 ciscumspectione
554 622 814 666 exercendus
837 627 919 676 est3
953 635 1048 666 cum
1073 623 1329 679 experientia
1352 622 1512 675 doceat,
1532 623 1564 664 si
1588 625 1789 665 temere...

160 695 399 747 incutiatur,
432 695 563 749 magis
596 695 818 744 contemni,
861 705 984 751 quam
1031 693 1261 744 formidari,
1304 698 1343 736 et
1387 693 1612 749 pernicIem
1657 694 1792 749 potius

162 777 322 820 parere,
355 776 479 821 quam
513 763 687 807 salutem
712 780 753 817 »,
786 763 850 807 vel
877 763 1099 822 personali
1131 762 1370 820 interdicto,
1403 765 1522 807 cuius
1569 765 1792 807 canonicos

159 835 331 878 effectus
366 840 553 879 recenset
585 847 674 878 can.
711 835 837 889 2275,
871 835 1070 878 alterutra
1103 848 1202 891 ergo
1245 847 1435 889 censura,
1460 838 1502 877 ut
1534 833 1788 878 declaratum

160 911 234 960 est,
255 905 499 964 plectantur
520 906 809 964 delinquentes
833 906 1025 962 bigamia.
1051 905 1172 949 «Lex
1196 910 1333 949 autem
1355 907 1634 962 praeceptivis
1653 904 1792 949 verbis

162 976 387 1035 loquitur»
424 976 535 1034 (can.
569 977 696 1031 2223,
729 979 754 1032 g
788 976 844 1034 3).

281 1048 378 1092 199.
414 1049 486 1094 De
518 1051 774 1094 adulteriis
796 1052 845 1095 et
867 1052 1039 1105 stupro
1062 1048 1179 1092 adest
1199 1050 1237 1091 in
1264 1046 1547 1091 D'ecretalibus
1571 1046 1713 1090 titulus
1738 1047 1790 1089 16

161 1118 271 1162 Libri
305 1117 366 1163 V.¹
400 1118 486 1162 Non
521 1119 652 1162 solum
688 1118 792 1163 haec
824 1119 990 1173 delicta,
1023 1119 1093 1162 sed
1127 1121 1263 1162 omnia
1290 1120 1610 1162 incontinentiae
1642 1117 1790 1162 delicta

162 1192 424 1248 persequitur
455 1188 590 1233 Codex
613 1192 650 1232 in
672 1189 842 1248 reliquis
861 1189 983 1233 huius
1001 1189 1123 1233 Tituli
1143 1203 1195 1233 ss.
1215 1188 1456 1233 canonibus.
1478 1188 1634 1232 Memor
1652 1193 1789 1235 tamen

159 1260 268 1318 quod
295 1260 467 1304 «clerici
488 1260 639 1304 debent
657 1263 908 1304 sanctiorem
928 1273 1026 1317 prae
1044 1260 1159 1304 laicis
1180 1263 1306 1303 vitam
1330 1261 1519 1304 ducere»
1548 1259 1790 1317 (can.1‘24),

161 1331 359 1375 laicorum
387 1333 595 1388 praedicta
620 1334 793 1376 crimina
818 1344 908 1375 can.
929 1331 1041 1375 2357
1069 1334 1183 1388 punit
1205 1331 1282 1375 sub
1304 1333 1491 1388 sequenti
1512 1331 1788 1374 distinctione.

159 1404 185 1456 ξ
206 1405 239 1445 1.
252 1401 373 1445 Laicz'
388 1402 594 1459 baptizati,
609 1405 673 1445 vir
687 1402 904 1458 mulierve,
924 1401 1109 1460 leqitime
1126 1402 1355 1446 secundum
1377 1403 1438 1445 ius
1458 1404 1636 1458 patrium
1650 1414 1790 1445 acom-

163 1475 316 1529 petenti
342 1473 478 1517 iudice
502 1472 696 1516 damnati
727 1471 769 1529 a)
789 1472 834 1516 ob
858 1472 1013 1516 delicta
1036 1475 1095 1516 sic
1117 1471 1321 1529 appellata
1347 1476 1513 1528 propter
1535 1473 1790 1515 sanctionem

162 1543 377 1600 poenalem
395 1543 518 1587 huius
535 1545 718 1596 canonis,
737 1549 883 1587 contra
901 1549 1065 1586 seoelum
1079 1542 1272 1599 Decalogi
1293 1547 1573 1599 praeceptum,
1587 1542 1658 1585 sed
1681 1554 1793 1599 prae-

161 1616 245 1658 cise
273 1629 365 1657 cum
396 1613 640 1661 minoribus,
674 1616 744 1672 qui
778 1627 827 1657 an
862 1617 1121 1658 consentiant
1157 1614 1218 1657 vel
1255 1618 1430 1657 renuant
1470 1625 1613 1669 parum
1655 1613 1791 1667 refert,

161 1685 390 1729 dummodo
424 1685 463 1728 hi
497 1688 577 1728 sint
610 1684 728 1743 infra
762 1690 943 1728 aetatem
965 1684 1174 1728 sesrdecim
1197 1698 1404 1728 annorum
1426 1689 1510 1727 tam
1530 1686 1645 1741 pueri
1665 1695 1790 1740 quam

163 1756 339 1812 puellae,
372 1761 496 1814 atque
530 1756 598 1799 illa
631 1759 709 1799 sint
744 1756 796 1799 de
820 1758 927 1800 tacto
951 1756 1184 1812 commissa,
1207 1755 1270 1798 rel
1294 1757 1389 1798 item
1419 1754 1648 1811 «legitime
1681 1754 1792 1797 ‹lam-

161 1829 244 1870 nati
270 1843 289 1868 »
330 1826 371 1884 b)
405 1826 451 1870 ob
484 1832 691 1885 stuprum,
726 1827 835 1885 quod
872 1829 1038 1884 proprie
1071 1832 1132 1870 est
1169 1826 1355 1870 «illicita
1396 1827 1568 1882 virginis
1615 1824 1789 1869 deflora-

162 1900 217 1940 tio
241 1913 280 1952 >›,
314 1898 384 1941 sed
421 1901 459 1941 in
493 1911 614 1942 sensu
649 1900 750 1941 iuris
782 1897 972 1952 habetur,
1008 1897 1173 1955 quando
1209 1896 1357 1940 mulier
1398 1899 1515 1953 virgo
1556 1895 1620 1939 vel
1667 1895 1791 1939 vidua

167 1984 188 2009 <r
214 1969 277 2012 vel
311 1982 506 2025 oppressa
545 1971 597 2023 vi,
632 1974 702 2012 aut
734 1971 875 2012 territa
912 1971 1045 2021 minis,
1079 1973 1149 2012 aut
1181 1968 1352 2012 seducta
1388 1967 1598 2011 blanditiis
1630 1971 1670 2010 et
1705 1979 1792 2018 pro-

162 2040 426 2083 missionibus
459 2052 576 2096 passa
610 2041 732 2083 fuerit
764 2040 1077 2083 deflorationem
1115 2039 1176 2083 vel
1211 2044 1348 2083 actum
1384 2037 1644 2081 inhonestum
1679 2050 1790 2080 com-

165 2110 364 2167 pletum»
405 2110 433 2162 ²,
469 2113 521 2153 ita
557 2110 665 2168 quod
700 2109 751 2154 ob
784 2111 1068 2154 seductionem
1104 2110 1256 2153 dicitur
1288 2108 1479 2166 simplex,
1519 2109 1586 2151 cui
1628 2113 1790 2150 contra—

161 2181 431 2238 (listinguitur
467 2181 706 2236 violentum,
742 2181 781 2238 c)
816 2181 867 2225 ob
904 2180 1135 2224 sodomiam
1168 2193 1338 2236 nempe:
1377 2192 1648 2223 venereorum
1695 2191 1792 2222 usus

162 2265 261 2309 erga
297 2252 524 2296 indebitum
559 2265 705 2295 sexum
739 2257 809 2295 aut
845 2264 928 2306 vaS,
963 2251 1007 2309 d)
1033 2251 1085 2294 ob
1108 2251 1312 2293 incestum
1344 2253 1486 2293 stricto
1509 2263 1631 2293 sensu
1656 2262 1793 2305 sump-

163 2327 266 2377 tum,
299 2323 407 2380 quod
443 2328 502 2366 est
541 2322 752 2366 «illicitus
784 2322 1029 2366 concubitus
1064 2324 1168 2365 inter
1201 2323 1532 2377 consanguineos
1558 2320 1620 2363 vel
1647 2320 1791 2362 affines

164 2396 202 2436 in
238 2393 369 2450 gradu
406 2396 531 2437 vetito
574 2393 624 2436 ad
669 2393 998 2437 contrabendum
1046 2394 1354 2436 matrimonium
1401 2394 1668 2435 existentes»
1708 2380 1737 2445 ἑ,
1770 2402 1792 2433 a

162 2478 245 2522 quo
277 2467 508 2508 secernitur
541 2466 722 2508 incestus
755 2463 836 2507 lato
868 2476 991 2506 sensu
1024 2462 1384 2519 comprehendens
1421 2462 1655 2505 «illicitum
1699 2473 1792 2505 con-

163 2535 348 2579 cubitum
385 2538 490 2578 inter
524 2547 722 2592 personas
754 2533 956 2584 habitum,
990 2547 1096 2591 quae
1131 2534 1428 2590 impedimento
1462 2535 1683 2577 dirimente
1721 2532 1791 2576 de-

163 2609 346 2650 tinentur
378 2606 427 2649 ad
463 2606 791 2650 contrahendum
828 2608 934 2649 inter
966 2618 1009 2649 se
1033 2607 1341 2648 matrimonium
1367 2621 1406 2646 ».
1431 2604 1547 2648 Nunc
1572 2617 1672 2647 vero
1695 2605 1791 2661 quia

168 2693 188 2718 <c
213 2680 252 2720 in
288 2679 429 2733 poenis
463 2677 682 2733 benignior
715 2681 774 2720 est
807 2679 1092 2733 interpretatio
1125 2677 1312 2719 facienda
1339 2692 1358 2716 >³
1399 2676 1507 2732 (can.
1533 2675 1660 2727 2219,
1682 2674 1710 2732 ξ
1734 2673 1792 2730 1),

281 2807 292 2828 1
321 2806 411 2851 Cap.
440 2806 461 2840 3
487 2817 579 2840 sess.
606 2805 719 2839 XXV
746 2807 791 2839 de
817 2805 955 2844 re1.„—
982 2805 996 2826 2
1015 2804 1142 2839 Santi.
1165 2805 1455 2840 Praelectiones
1474 2804 1572 2838 iuris
1597 2803 1789 2838 canonici.

162 2853 424 2934 {iitb'Xxgiltig
454 2853 558 2934 {XL
586 2863 624 2886 n.
653 2853 687 2886 6.
719 2873 761 2878 —-
787 2854 800 2875 3
826 2852 950 2886 Santi.
982 2852 1272 2888 praelectiones
1291 2852 1389 2887 iuris
1407 2852 1599 2887 canonici.
1628 2851 1714 2885 Lib.
1743 2850 1790 2890 V,
