1950 3313
135 185 202 218 122
645 182 727 216 Lm.
755 181 783 215 Ι.
811 201 823 206 -
851 181 1023 215 Normae
1052 181 1252 225 yenerales

135 305 173 345 in
209 302 297 358 lege
331 306 400 344 aut
433 301 681 344 documento
719 301 903 356 expressi
938 298 1136 356 explicite
1172 298 1309 342 verbis
1342 299 1467 351 diem,
1511 299 1676 357 aliquod
1702 301 1758 343 sa-

131 378 241 417 ctum
275 370 599 428 designantibus,
620 369 682 413 vel
715 369 920 428 implicite
951 369 1208 427 assiynetur,
1242 375 1447 428 quatenus
1480 370 1665 414 clausula
1701 373 1758 414 in-

131 444 275 487 dicans
307 447 469 498 tempus
504 443 797 497 praesupponit
829 454 878 484 ex
914 442 973 483 rei
998 445 1144 484 natura
1171 440 1232 484 vel
1258 440 1428 484 alterius
1451 443 1621 484 canonis
1647 454 1759 498 prae-

131 517 283 570 scripto
317 513 424 556 diem
459 518 653 556 actumve
687 511 940 568 singularem
973 524 995 554 a
1031 524 1111 568 quo
1147 513 1318 569 incipiat
1351 511 1480 556 illud:

252 585 309 627 1.0
343 582 505 627 Menses
547 587 629 627 tam
675 596 779 626 unus
821 594 945 640 quam
986 582 1124 639 plures
1166 587 1205 625 et
1248 583 1351 625 anni
1393 583 1598 637 similiter,
1637 585 1755 640 queis

136 660 342 711 «tempus
384 658 584 697 constat»
625 658 667 697 ut
709 656 824 696 initio
855 653 911 711 §2
944 658 1168 696 sumantur
1210 666 1374 710 semper
1414 658 1542 711 prout
1580 658 1679 696 sunt
1712 653 1754 696 in

130 724 376 768 calendario
410 727 649 768 evenientes
682 727 720 767 in
755 724 1019 779 adimplenda
1053 723 1143 780 lege
1186 723 1247 767 vel
1293 726 1332 766 in
1377 724 1627 768 documento
1662 737 1757 767 exe·

132 796 311 854 quendo.

251 867 329 911 Sed
366 866 536 910 ulterius
568 867 848 923 distinguendi
882 871 977 910 sunt
1007 879 1139 910 casus.
1171 892 1217 896 —
1255 866 1312 909 2⁰
1334 866 1379 909 Si
1405 866 1609 909 terminus
1633 880 1658 909 a
1683 880 1761 925 quo

132 939 364 993 assignatus
396 937 626 981 secundum
660 939 962 993 expositionem
996 937 1149 981 dictam
1173 936 1385 980 coincidat
1410 951 1500 980 cum
1525 937 1649 980 initio
1676 936 1764 980 diei

132 1021 203 1051 seu
249 1008 384 1051 media
425 1012 542 1051 nocte
583 1008 695 1051 illum
743 1008 1033 1064 praecedente,
1067 1010 1163 1064 quia
1204 1011 1263 1060 sic
1298 1008 1600 1052 rationabiliter
1634 1010 1760 1052 asseri

134 1084 278 1135 potest,
311 1093 372 1121 (ια’.
405 1093 468 1136 [μ’.
504 1078 584 1122 (luo
618 1079 884 1122 vacationum
926 1092 1087 1122 menses
1126 1093 1151 1122 a
1194 1078 1264 1122 die
1298 1081 1353 1133 15
1387 1079 1568 1136 Auqusti
1611 1078 1759 1122 intelli—

131 1150 267 1206 genda
301 1150 517 1203 inclusive,
549 1150 713 1208 primus
746 1149 836 1193 a'ies
868 1163 940 1193 seu
980 1165 998 1191 (‹
1023 1163 1043 1193 a
1078 1163 1201 1207 quo»
1242 1149 1298 1192 ad
1331 1148 1581 1207 capiendam
1619 1164 1759 1192 mime-

132 1220 337 1263 rationem
373 1221 533 1264 dierum
570 1223 767 1277 temporis
801 1233 1039 1277 expressam
1075 1226 1350 1279 computetur,
1389 1225 1430 1264 et
1468 1220 1559 1275 hoc,
1599 1223 1758 1264 etiamsi

132 1290 234 1335 haec
268 1296 426 1334 constet
457 1291 604 1335 diebus
643 1296 799 1334 tantum
846 1292 950 1334 intra
997 1304 1179 1334 mensem
1228 1290 1290 1334 vel
1337 1289 1682 1345 hebdomadibus,
1722 1296 1760 1334 et

132 1366 294 1419 tempus
316 1361 493 1418 finiatur
515 1362 742 1419 incipiente
765 1361 912 1405 ultimo
935 1361 1004 1405 die
1026 1360 1211 1404 eiusdem
1234 1361 1413 1416 numeri,
1433 1366 1518 1404 tum
1541 1363 1752 1419 sequentis

134 1435 287 1475 mensis
313 1432 375 1476 vel
403 1433 533 1476 ultimi
559 1435 710 1476 mensis
734 1434 1034 1476 numerationis
1057 1433 1191 1490 quoad
1219 1432 1395 1476 litteram
1415 1437 1466 1486 3),
1492 1436 1576 1475 tum
1604 1434 1756 1475 mensis

130 1503 317 1546 eiusdem
352 1506 529 1547 nominis
563 1518 635 1561 pro
670 1504 803 1548 littera
838 1503 892 1559 b),
915 1509 1000 1547 tum
1031 1504 1260 1547 «eiusdem
1297 1505 1457 1546 numeri
1480 1519 1499 1544 ))
1528 1504 1656 1546 idest:
1692 1517 1762 1546 nu-

134 1576 373 1617 merationis
405 1575 566 1618 dierum
605 1575 667 1618 vel
701 1580 988 1618 contentorum
1034 1577 1072 1617 in
1117 1574 1391 1618 hebdomadis
1428 1574 1564 1631 quoad
1601 1565 1755 1617 litteras

132 1644 174 1700 0)
207 1649 245 1687 01
279 1644 337 1701 d).

252 1715 367 1759 Alter
408 1729 527 1760 casus
569 1722 630 1760 est
664 1717 721 1759 3.0
757 1717 803 1760 Si
837 1717 1040 1760 terminus
1072 1732 1095 1759 a
1136 1731 1214 1774 quo
1253 1719 1486 1772 assignatus
1529 1716 1758 1759 secundum

129 1788 431 1842 expositionem
455 1800 578 1844 supra
604 1789 777 1844 positam
802 1793 896 1832 ante
921 1794 1061 1831 num.m
1092 1788 1155 1832 [¹¹¹
1178 1801 1261 1830 non
1284 1786 1494 1830 reincidat
1519 1800 1609 1829 cum
1633 1786 1760 1829 initio

130 1854 232 1910 diei,
265 1859 360 1914 quia
396 1857 695 1901 rationabiliter
727 1859 912 1902 creditur
944 1872 1024 1901 non
1058 1858 1259 1901 accidisse
1285 1859 1438 1901 factum
1464 1857 1598 1900 media
1627 1861 1759 1910 nocte,

130 1940 195 1968 etr.
227 1941 291 1983 qr.
326 1927 509 1971 decimus
551 1934 729 1986 (1111111113
774 1929 930 1972 aetatis
972 1943 1124 1981 aniius,
1161 1931 1229 1987 qui
1266 1931 1525 1972 nativitatem
1562 1927 1759 1984 implicat,

132 2011 270 2040 [initus
302 1999 547 2050 novitiatus,
580 2003 649 2056 qui
690 2016 707 2041 ((
736 2003 877 2057 incipit
921 2002 1182 2056 susceptione
1226 1999 1391 2043 habitus
1426 1999 1489 2042 vel
1524 1999 1604 2042 alio
1638 1999 1761 2042 modo

134 2070 173 2110 in
208 2069 570 2113 constitutionibus
603 2073 901 2127 praescripto»
941 2071 1049 2126 (0311.
1088 2071 1205 2127 553),
1239 2069 1451 2113 octiduum
1485 2083 1508 2112 a
1544 2068 1761 2112 vacatione

130 2137 245 2181 sedis
277 2140 528 2197 episcopalis
567 2141 804 2198 «Episcopi
840 2146 984 2197 morte,
1021 2143 1334 2185 renunciatione
1367 2154 1387 2184 a
1421 2140 1607 2184 Romano
1633 2140 1761 2182 Ponti-

135 2210 211 2252 tice
230 2215 456 2266 acceptata,
474 2211 741 2255 translatione
760 2225 807 2256 ac
827 2215 1059 2269 privatione
1078 2212 1280 2268 Episcopo
1301 2210 1761 2268 11111111313)>(0311.430,

134 2281 159 2332 ἓ
184 2279 239 2336 1),
264 2279 507 2323 decendium
531 2282 586 2324 ad
609 2282 910 2340 appellandum
934 2296 987 2326 «a
1015 2285 1156 2326 notitia
1183 2281 1472 2338 publicationis
1494 2283 1754 2324 sententiae»

130 2349 240 2405 (can.
279 2351 421 2405 1881),
454 2358 544 2407 etc,
578 2359 753 2409 excepto
788 2356 997 2397 rarissimo
1031 2366 1128 2397 casu
1167 2366 1247 2411 quo
1286 2352 1476 2408 exempla
1522 2351 1758 2394 huiusmodi

130 2420 330 2464 caderent
362 2428 474 2465 certo
507 2423 583 2466 sub
617 2426 675 2466 n.‘'
711 2424 782 2475 2⁰,
815 2425 981 2482 primus
1013 2423 1103 2467 dies
1137 2426 1242 2466 intra
1287 2437 1410 2481 quom
1444 2422 1594 2466 accidit
1632 2437 1652 2462 «
1680 2426 1758 2464 ter-

134 2492 269 2534 minus
303 2504 323 2534 a
358 2506 438 2549 quo
462 2508 480 2533 )>
519 2507 570 2535 ne
603 2500 864 2551 computetur
905 2494 1051 2551 supple
1093 2508 1143 2537 ex
1189 2494 1246 2537 n.⁰
1282 2494 1340 2536 025>
1381 2509 1400 2534 (‹
1422 2493 1473 2536 ad
1508 2491 1756 2549 explendam

133 2565 496 2606 numerationem»
541 2565 701 2607 dierum
749 2568 945 2621 temporis
983 2577 1224 2621 expressam
1261 2569 1300 2607 et
1346 2570 1505 2621 tempus
1537 2568 1759 2620 supputan-

131 2632 230 2676 dum
275 2633 451 2689 finiatur
502 2634 666 2692 expleto
711 2635 857 2679 ultimo
911 2636 993 2690 (lie,
1040 2650 1112 2680 seu
1157 2649 1252 2679 cum
1298 2636 1433 2678 media
1478 2639 1596 2677 nocte
1643 2633 1757 2676 illum

131 2703 421 2761 subsequente,
456 2703 639 2747 eiusdem
673 2706 837 2748 numeri
868 2708 974 2749 sicut
1008 2709 1047 2749 in
1081 2707 1139 2751 nf'
1176 2705 1233 2748 ‘’2.⁰
1268 2704 1568 2760 interpretandi
1606 2717 1678 2760 pro
1701 2704 1758 2746 di-

137 2776 265 2817 versis
299 2774 459 2819 litteris.

251 2846 426 2899 Quando
446 2860 585 2890 mense
608 2852 677 2890 aut
703 2847 911 2891 mensibus
940 2864 959 2888 «
980 2853 1142 2905 tempus
1164 2851 1383 2901 constet»,
1408 2859 1510 2902 opus
1534 2847 1610 2888 erit
1634 2857 1760 2902 quan-

131 2916 270 2973 doque
304 2919 363 2959 n.⁰
399 2917 457 2959 AEs'
495 2916 614 2970 Quod
646 2918 683 2960 si
715 2918 869 2960 mensis
904 2920 941 2961 in
975 2932 1056 2976 quo
1090 2923 1252 2974 tempus
1281 2919 1460 2971 tiniatur,
1484 2915 1552 2959 die
1574 2914 1757 2958 eiusdem
