1950 3313
109 165 154 200 68
570 161 654 194 Lm.
682 160 729 193 V.
758 179 772 184 -
799 159 908 192 PARS
934 158 985 191 ΙΙ.
1015 178 1028 183 -
1054 158 1111 192 De
1130 161 1268 202 poenis
1442 162 1446 165 ’
1525 156 1618 190 Can.
1643 155 1738 190 2226

111 284 294 329 remedio
330 281 487 338 poenali
525 280 628 322 ultra
665 291 854 335 poenam,
879 282 963 320 tum
1006 289 1161 334 poenae
1198 277 1354 334 absque
1389 280 1549 332 patrato
1587 275 1738 318 delicto

111 356 349 399 decernitur
385 365 456 408 per
489 363 668 393 canones
703 349 814 392 2234
850 352 890 391 et
923 348 1050 392 2235.

230 425 296 466 46.
332 423 583 467 subiectio
617 422 716 476 legi
749 423 1085 476 praeceptove
1117 420 1314 476 poenali
1339 420 1376 460 in
1401 431 1555 474 genere
1578 418 1637 460 sic
1671 416 1740 459 de-

111 498 309 540 cernitur.
349 493 447 534 Γαη.
481 493 621 534 2226.
655 490 683 548 ἓ
717 493 751 532 1.
793 489 953 533 Poenae
986 488 1157 533 cuilibet
1191 489 1296 532 latae
1329 490 1557 532 sententiae
1584 492 1655 530 aut
1686 488 1740 530 se-

114 566 264 609 rendae
298 563 489 606 (almerae
522 561 605 619 leyt'
639 574 867 618 perquam
915 560 981 603 illa
1015 563 1209 603 statuitur
1242 565 1316 602 aul
1356 564 1580 617 praecepto
1613 558 1740 614 Supe-

114 638 232 679 rioris
270 634 331 677 vel
378 633 538 686 iudicis,
573 633 682 689 quod
730 646 802 688 per
837 631 945 675 illam
991 644 1163 687 poenam
1214 636 1411 686 urgetur3
1446 629 1650 673 obnooeius
1683 634 1742 671 est

113 708 246 750 omnis
279 710 318 747 et
351 704 461 747 solus
496 703 576 754 ille,
602 703 673 760 qm'
696 702 785 760 [eye
817 707 891 745 aut
922 707 1147 760 praecepto
1183 701 1332 745 talibus
1362 707 1527 743 leuetur
1558 699 1745 758 quolibet

112 791 162 821 ex
199 778 367 829 motivo,
408 774 494 817 mse·
536 787 733 831 eoepresse
766 775 803 816 in
839 773 994 816 eisdem
1044 772 1105 816 vel
1142 773 1243 815 alias
1287 773 1470 828 legitime
1504 777 1556 815 ai)
1595 771 1741 814 eadem

115 860 244 904 poena
277 846 505 901 eoeimalur,
540 847 659 888 sicuti
693 844 816 887 datur
849 843 1088 900 exemplum
1117 845 1153 885 in
1180 855 1269 887 can.
1305 843 1432 897 2227,
1455 843 1539 901 ἓ2.
1565 869 1617 872 -
1641 841 1742 885 Nor-

115 931 221 962 mam
260 921 344 974 ipse
369 916 560 961 Clemens
596 915 646 958 lll
680 915 851 958 tradidit
884 916 922 956 in
948 927 1038 970 cap.
1064 914 1112 956 21
1136 923 1167 954 *(‹
1189 914 1240 957 de
1273 917 1476 957 sententia
1510 927 1746 957 excommu-

114 990 375 1032 nicationis»
414 985 480 1045 (V,
516 987 588 1042 39)
626 985 671 1040 X7
707 986 879 1029 dicens:
920 990 1003 1028 «et
1036 984 1163 1027 Nobis
1197 986 1269 1027 tuit
1293 998 1340 1027 ex
1367 988 1435 1027 tua
1470 988 1586 1040 parte
1619 996 1743 1040 quae-

112 1062 250 1112 situm,
278 1063 413 1101 utrum
435 1060 466 1100 si
488 1059 645 1114 quisita
664 1057 1014 1112 pronuntiaverit:
1040 1057 1228 1112 quisquis
1254 1056 1405 1097 i'urtum
1424 1056 1566 1097 iecerit
1583 1067 1744 1097 excom-

116 1131 349 1172 municatus
382 1131 460 1171 sit:
498 1128 598 1170 llaec
633 1126 840 1183 generalis
872 1125 1056 1169 clausula
1082 1126 1131 1168 ad
1164 1127 1291 1181 ipsius
1324 1126 1747 1168 excommunicatoris

111 1199 298 1243 subditos
343 1200 557 1250 reseratur„
594 1212 643 1241 an
689 1197 942 1254 generaliter
981 1196 1231 1239 extendatur
1274 1196 1324 1239 ad
1370 1209 1527 1250 omnes,
1563 1197 1632 1252 qui
1666 1208 1744 1237 non

115 1275 210 1314 sunt
243 1271 292 1313 de
328 1270 612 1313 iurisdictione
656 1269 802 1311 illius?
836 1267 897 1310 Ad
933 1267 1041 1324 quod
1078 1267 1256 1310 dicimus
1290 1267 1398 1324 quod
1434 1266 1511 1310 hac
1544 1268 1745 1310 sententia

117 1355 196 1384 non
233 1344 307 1383 nisi
343 1341 495 1384 subditi
531 1340 798 1394 obligantur:
834 1340 908 1381 nisi
934 1339 1036 1381 forte
1062 1338 1152 1394 plus
1185 1338 1407 1380 contulerit
1442 1339 1573 1381 maior
1606 1342 1645 1380 et
1669 1336 1745 1380 lar-

116 1415 206 1468 gior
239 1414 464 1455 auctoritas
497 1411 793 1467 delegantis».

232 1482 260 1540 ξ
290 1485 333 1526 2.
370 1482 483 1525 Licet
519 1482 587 1524 leoe
617 1480 828 1538 poenalis,
863 1484 922 1524 sic
955 1482 1062 1524 dicta
1084 1480 1136 1524 ol)
1171 1493 1343 1537 poenam
1383 1483 1418 1522 in
1455 1492 1503 1523 ea
1537 1484 1749 1533 statutam,

112 1554 326 1612 posterior
361 1559 550 1610 respectu
600 1553 783 1604 alteriuS‚
817 1554 882 1596 cui
919 1552 1078 1608 poenali
1129 1564 1295 1608 quoque
1338 1550 1506 1607 obroyet
1539 1550 1749 1593 anteriori

119 1625 462 1681 promulgatione,
497 1626 593 1681 quia
629 1624 762 1667 eidem
798 1625 999 1679 opposita,
1033 1622 1109 1666 sub
1143 1623 1408 1665 conditione:
1443 1621 1480 1664 si
1515 1626 1652 1664 tamen
1685 1619 1749 1663 de-

118 1695 264 1738 lictum
295 1696 500 1737 adversus
533 1697 783 1737 anteriorem
821 1693 969 1750 legem,
1004 1696 1099 1750 quia
1140 1691 1307 1750 quando
1341 1691 1409 1734 lem
1437 1691 1652 1749 posterior
1683 1703 1748 1733 su-

119 1767 302 1823 pradicta
340 1765 429 1808 lata
464 1771 537 1814 est,
572 1778 743 1821 nempe:
781 1764 1057 1821 promulgata,
1083 1778 1130 1807 eo
1153 1763 1262 1821 quod
1300 1778 1319 1804 ((
1343 1762 1455 1819 leges
1481 1764 1751 1805 instituuntur

116 1851 209 1881 euni
247 1837 563 1893 promulgantur
593 1853 608 1876 1>
649 1836 758 1893 (can.
794 1837 818 1879 8
852 1838 876 1890 ξ
913 1835 970 1892 l),
1006 1835 1092 1877 iam
1125 1834 1389 1878 commissum
1416 1839 1523 1886 erat,
1556 1835 1750 1890 quamvis

119 1909 299 1951 nondum
337 1909 563 1951 iudicatum
592 1921 666 1950 nec
697 1909 884 1963 punitum
912 1911 954 1950 ut
990 1911 1100 1962 patet
1122 1919 1171 1949 ex
1197 1905 1236 1962 ξι
1262 1907 1516 1962 praescripto
1548 1906 1751 1961 sequenti,

117 1978 375 2037 applicanda
409 1984 468 2020 est
502 1991 521 2021 a
559 1979 695 2021 iudico
733 1978 795 2021 vel
831 1981 1055 2033 superiore
1104 1976 1172 2019 leoe
1203 1976 1400 2019 alterutra
1439 1989 1510 2018 reo
1542 1973 1751 2033 favorabi-

117 2050 213 2099 lior,
240 2050 276 2092 id
304 2054 391 2092 est:
427 2052 545 2092 cuius
579 2062 708 2105 poena
744 2053 893 2092 statuta
931 2050 1069 2090 mitior
1094 2052 1167 2101 est,
1194 2047 1257 2090 vel
1294 2047 1473 2102 adauget
1497 2046 1635 2089 delicti
1660 2058 1751 2088 con-

117 2121 306 2163 ditiones.
345 2120 646 2175 Praeseriptuin
687 2119 806 2162 valde
841 2132 1035 2176 aequum,
1068 2132 1162 2162 nam
1197 2120 1334 2174 agitur
1367 2118 1418 2160 de
1452 2129 1583 2173 poena
1617 2117 1749 2159 feren-

115 2192 192 2234 dae
225 2193 466 2245 sententiae‚
503 2196 641 2246 utpote
675 2190 935 2246 applicanda.
970 2189 1087 2234 Unde
1120 2191 1151 2232 si
1188 2191 1326 2232 mitior
1358 2192 1418 2231 est
1441 2190 1480 2230 in
1517 2187 1608 2243 lege
1641 2192 1751 2230 ante—

117 2263 227 2316 riori,
265 2261 369 2304 lianc
402 2260 545 2303 subeat
580 2264 741 2316 oportet
775 2274 881 2313 reus,
917 2262 984 2316 qui
1011 2259 1134 2302 talem
1170 2259 1323 2315 legem,
1356 2259 1464 2301 dum>
1494 2270 1541 2301 ea
1575 2259 1750 2313 vigeret,

115 2337 175 2375 est
227 2336 534 2387 transgressus3
590 2334 621 2373 si
659 2334 796 2373 mitior
843 2336 904 2374 est
949 2331 1312 2387 qualitercumque
1357 2341 1487 2385 poena
1534 2329 1750 2384 posterior7

118 2403 223 2446 lianc
247 2402 386 2446 subire
410 2407 585 2458 oportet,
609 2404 704 2459 quia
731 2415 839 2444 nunc
864 2403 1078 2457 temporis,
1102 2414 1173 2444 seu
1200 2400 1290 2456 lege
1316 2402 1545 2456 posteriore
1573 2401 1750 2455 vigente,

116 2475 313 2530 Superior
348 2478 463 2529 paret
498 2473 577 2529 legi
613 2473 826 2528 applicans
867 2477 1060 2515 statutam
1103 2484 1292 2528 poenam.
1325 2470 1367 2513 In
1404 2475 1579 2527 utroque
1613 2474 1748 2513 autem

117 2558 215 2588 casu
250 2549 443 2587 servatur
478 2558 562 2599 reg.
598 2546 698 2587 iuris
733 2543 786 2586 49
821 2545 860 2586 in
897 2543 968 2586 6⁰:
1008 2559 1030 2584 ((
1054 2543 1094 2585 ln
1123 2545 1264 2598 poenis
1298 2541 1499 2598 benignor
1534 2545 1596 2584 est
1629 2543 1752 2584 inter-

122 2618 294 2672 pretatio
330 2615 515 2658 tricienda
543 2631 581 2657 )).

235 2685 263 2743 ξ
295 2686 337 2728 3.
375 2683 495 2737 Quod
527 2685 565 2727 se⁴
598 2684 667 2726 lea*
697 2684 910 2742 posterior
952 2683 1282 2740 promulgatione
1318 2681 1440 2725 tollat
1474 2682 1605 2739 leyem
1637 2686 1749 2724 ante-

122 2759 270 2799 riorem
309 2756 538 2813 poenalem,
574 2756 701 2798 idest:
737 2758 825 2798 eius
861 2758 1161 2811 praescriptum
1191 2766 1238 2797 ac
1271 2753 1415 2796 saltem
1451 2756 1753 2810 consequenter

123 2841 294 2883 poenam
331 2829 622 2879 accessor-iam„
657 2826 719 2868 rel
754 2826 990 2883 relinquens
1030 2827 1346 2881 praescriptum,
1387 2824 1590 2868 «tollat»
1628 2824 1754 2866 adne-

124 2911 216 2940 xam
252 2900 286 2941 ei
320 2912 497 2955 poenum
534 2902 697 2939 {anteon
743 2897 846 2940 latae
881 2901 948 2939 aut
984 2896 1177 2938 terendae
1211 2898 1453 2949 sententiae,
1487 2893 1589 2937 llaec
1622 2905 1753 2949 poena
