1950 3313
128 183 216 218 Can.
243 182 452 217 2205-2206
518 181 601 215 Tm
627 181 677 216 U.
705 202 716 206 -
744 183 799 216 De
826 185 1130 227 iwipzzhibile'tate
1156 186 1284 220 delicti
1311 189 1376 220 ele.
1713 190 1757 222 25

131 303 396 358 repercussit,
429 303 624 357 quamvis
662 303 742 343 rim
782 304 817 342 vi
855 303 1069 357 repellere,
1103 318 1245 347 omnes
1280 305 1390 361 leges
1423 311 1458 348 et
1494 310 1628 348 omnia
1671 310 1755 349 iura

133 374 386 429 permittant,
421 373 516 428 quia
553 376 689 413 tamen
727 373 764 414 id
802 372 921 415 debet
959 375 1044 416 lieri
1079 389 1170 417 eum
1210 376 1492 419 moderamine
1528 378 1759 432 inculpatae

130 443 283 487 tutelae
318 455 395 485 non
431 442 480 485 ad
517 442 760 485 sumendam
811 443 1047 489 vinditiani,
1093 446 1160 487 sed
1197 446 1244 487 ad
1281 449 1469 489 iniuriam
1519 448 1755 503 propulsan-

128 515 238 567 dam,
278 513 404 571 (quod
441 513 556 555 deest
587 526 752 568 semper
788 516 824 555 in
850 514 959 556 solae
986 519 1291 570 minorationis
1313 518 1468 573 rausa),
1496 531 1572 560 non
1597 519 1758 561 iidotnr

130 586 237 628 idem
273 584 468 628 sacerdos
501 597 520 624 a
558 597 685 639 poena
723 583 934 626 homicidii
973 588 1132 640 penitus
1165 590 1369 636 excusari,
1403 592 1486 630 tum
1525 591 1679 631 rationi·
1705 592 1759 630 in-

128 657 346 699 strumenti
382 667 475 698 cum
511 667 592 711 quo
628 657 712 709 ipse
749 658 963 710 percussit,
998 657 1104 711 quod
1146 670 1238 698 runi
1274 671 1402 711 erare
1440 661 1504 706 sit,
1545 673 1620 700 non
1656 660 1754 701 sotvt

129 727 263 770 levem
301 726 462 782 plagam
500 726 678 768 inl'erre:
713 729 796 767 tum
845 728 1000 768 ratione
1042 730 1166 781 partis
1202 730 1236 769 in
1273 742 1350 784 qna
1387 731 1454 771 l'uit
1493 730 1558 773 ille
1593 744 1754 785 peri-us-

127 811 210 850 sus,
246 800 283 840 in
319 808 401 854 qna
435 796 486 839 de
514 795 676 838 modico
711 798 791 837 ictu
827 798 918 852 quis
953 795 1157 839 letlialiter
1189 797 1289 840 solet
1326 798 1491 841 iaedi».

246 868 422 911 Demum
474 867 727 923 «legitimae
774 866 968 909 tutelae»
1014 868 1335 911 declarationem
1387 874 1563 913 eontinet
1610 885 1696 927 rap.
1733 873 1756 913 3

135 940 230 983 «de
263 941 466 982 sententia
512 940 1042 981 excommunicationis...»
1082 941 1140 983 tit.
1184 938 1369 985 XXXlX.
1408 940 1489 985 Lib.
1530 940 1569 985 Υ,
1609 941 1654 986 X.
1691 943 1756 985 ubi

127 1011 246 1054 Alex.
283 1009 329 1052 ΙΙΙ
365 1012 424 1053 sic
460 1009 692 1065 respondit:
733 1024 750 1048 «
776 1009 814 1052 Si
845 1023 940 1051 tero
974 1009 1171 1052 clericum
1212 1013 1291 1052 vini
1328 1010 1402 1053 sibi
1440 1014 1679 1055 inferentem
1720 1015 1755 1054 xi

127 1084 221 1139 quis
256 1080 440 1137 repellat.
478 1080 539 1123 vel
568 1079 730 1123 laedat:
767 1093 844 1122 non
881 1079 1000 1122 debet
1038 1085 1205 1136 propter
1239 1080 1314 1123 lioc
1349 1082 1397 1124 ad
1423 1082 1569 1125 Sedeni
1591 1083 1760 1137 Aposto-

129 1153 248 1196 licam
286 1153 535 1195 transmitti:
571 1154 601 1193 si
639 1153 676 1193 in
710 1152 936 1194 continenti
977 1153 1054 1193 rim
1096 1153 1131 1193 ri
1169 1151 1366 1207 repellat:
1402 1166 1493 1194 cum
1524 1155 1603 1195 xim
1635 1156 1668 1194 xi
1698 1167 1755 1194 re-

127 1223 281 1280 pellere
315 1236 458 1266 omnes
493 1222 605 1278 leges
638 1224 861 1278 omniaque
898 1224 983 1264 iura
1021 1225 1272 1278 permittant.
1298 1248 1349 1253 —
1375 1222 1457 1266 Nec
1483 1223 1548 1265 ille
1580 1224 1754 1280 compel-

127 1295 274 1338 lendus
306 1299 364 1337 est
400 1294 448 1336 ad
485 1293 632 1337 Sedem
654 1292 934 1349 Apostolicam
961 1295 1113 1339 venire,
1137 1296 1204 1350 qui
1227 1296 1263 1335 in
1285 1293 1480 1337 clericum
1501 1308 1593 1337 eum
1617 1309 1758 1346 uxore,

128 1371 272 1416 matre,
306 1378 462 1419 sorore,
500 1364 561 1408 vel
599 1364 680 1407 filia
717 1366 883 1420 propria
921 1366 1095 1420 turpiter
1132 1367 1360 1410 inventum,
1397 1377 1541 1408 manus
1575 1368 1756 1408 iniecerit

129 1437 342 1480 violentas.
378 1436 596 1481 Caeterum
631 1438 662 1479 si
699 1438 737 1478 in
772 1441 914 1492 stupro
951 1435 1011 1478 vel
1048 1435 1265 1489 adulterio,
1287 1436 1395 1492 quod
1421 1439 1639 1479 committit
1662 1450 1755 1479 eum

126 1521 187 1563 ea,
232 1521 338 1566 quae
382 1510 515 1565 ipsum
563 1511 614 1551 ita
657 1510 844 1564 proxima
889 1509 1259 1563 consanguinitatis
1293 1506 1396 1550 linea
1433 1520 1509 1549 non
1545 1511 1757 1563 contingit,

125 1581 297 1636 ceperit,
321 1584 390 1622 aut
426 1581 463 1621 in
499 1591 592 1622 eum
632 1577 835 1621 violentas
871 1590 1016 1620 manus
1050 1580 1250 1630 iniecerit,
1286 1591 1362 1620 non
1403 1580 1477 1620 erit
1512 1592 1531 1620 a
1556 1581 1755 1620 sententia

68 1648 71 1659 ²
128 1649 236 1694 illius
269 1651 715 1694 excommunicationis
749 1651 1007 1693 immunis».

242 1721 313 1765 19.
350 1723 605 1767 Passionis
638 1722 856 1766 influxus
889 1722 1055 1777 quoad
1089 1722 1520 1776 imputabiiitatem
1547 1720 1755 1776 undequa-

126 1805 208 1848 que
241 1794 464 1848 exponitur
496 1805 516 1835 a
552 1806 642 1834 caiz.
677 1793 817 1835 2206.
858 1790 1015 1846 Passio,
1051 1804 1226 1846 nempe:
1274 1801 1406 1833 motus
1442 1804 1512 1833 seu
1549 1790 1757 1833 inclinatio

127 1862 367 1906 facultatum
402 1865 697 1906 sensitivarum
735 1866 1003 1910 internarum,
1044 1876 1079 1902 r.
1099 1876 1159 1916 gr.
1183 1874 1312 1915 amor,
1337 1862 1491 1913 odium,
1517 1864 1588 1909 ira,
1613 1861 1649 1902 xi
1671 1862 1756 1918 fne-

124 1934 184 1976 srit
217 1933 458 1977 voluntarie
490 1947 539 1977 ex
576 1939 691 1990 parte
716 1933 839 1985 illius,
873 1936 941 1991 qui
968 1933 1089 1977 talem
1118 1938 1271 1975 motum
1307 1935 1442 1981 sentit,
1469 1937 1506 1974 et
1530 1931 1760 1974 deliberate

124 2005 260 2061 quoad
287 2005 458 2061 vplenam
494 2007 583 2048 eius
618 2009 752 2048 motus
784 2007 1076 2062 cognitionem,
1114 2004 1244 2047 idest:
1279 2007 1580 2059 consequenter
1602 2001 1752 2045 delibe-

125 2080 238 2119 ratae
276 2075 474 2120 voluntati
510 2076 551 2133 a)
585 2076 771 2119 eoecilala
810 2090 844 2118 v.
881 2090 941 2132 gr.
969 2089 1039 2132 per
1065 2074 1233 2118 liberam
1256 2075 1641 2128 receptaeiniuriae
1665 2085 1756 2115 eon-

123 2148 419 2191 siderationem
456 2150 494 2190 in
529 2147 644 2190 illum
682 2148 822 2206 tinem,
856 2146 917 2189 rel
952 2146 993 2202 b)
1028 2145 1207 2196 icamia,
1250 2145 1346 2188 dum
1385 2146 1551 2201 praei-ie
1587 2144 1752 2186 inclina-

125 2222 189 2261 tus
222 2218 290 2261 tali
326 2223 456 2269 aestu,
493 2220 668 2274 positive
702 2218 771 2261 dat
795 2207 838 2261 ei
866 2217 1091 2274 pabulum:
1127 2218 1184 2259 sic
1209 2215 1415 2258 declarata
1457 2230 1474 2254 ε(
1503 2216 1673 2269 passio»
1702 2215 1752 2255 ad

124 2288 227 2346 legis
260 2289 443 2345 poenalis
480 2288 1008 2345 violationemimpellens,
1045 2286 1414 2345 i'mpulubi'lilalem
1448 2285 1585 2328 delicti
1612 2283 1677 2327 illa
1704 2284 1754 2326 de

123 2373 247 2404 causa
290 2363 453 2415 sequuti
496 2361 638 2418 potius
681 2365 823 2418 anyer,
863 2373 956 2403 cum
997 2358 1267 2401 «deliberata
1307 2357 1538 2399 voluntas»
1568 2356 1616 2397 ad
1654 2355 1754 2411 tegis

127 2431 390 2475 violationem
425 2431 648 2488 dupliciter
681 2433 912 2488 pei-veniat,
939 2443 1115 2486 nempe:
1151 2440 1326 2472 causans
1366 2430 1594 2484 passionem
1640 2432 1675 2469 et
1713 2425 1752 2467 il-

125 2502 204 2545 lam
241 2515 445 2560 peragens
490 2503 769 2546 violationem.
816 2502 941 2545 Porro
977 2500 1041 2543 illa
1089 2502 1221 2555 passio
1260 2500 1431 2541 excitari
1478 2502 1619 2553 potest,
1655 2498 1750 2552 quin

123 2573 241 2617 nobis
273 2579 398 2632 queat
432 2573 550 2630 plene
583 2575 752 2617 attribui
789 2572 1012 2626 moraliter,
1048 2584 1140 2614 cum
1176 2570 1280 2612 desit
1302 2574 1435 2611 motus
1461 2567 1567 2610 illius
1601 2569 1748 2609 exeita-

124 2647 178 2688 tio
211 2650 281 2688 aut
313 2647 483 2688 nutritio
515 2659 638 2702 supra
673 2645 922 2697 declaratae,
959 2648 996 2686 et
1032 2646 1248 2698 propterea
1282 2639 1421 2683 subdit
1445 2652 1598 2681 canon:
1633 2651 1750 2677 sei-us

122 2729 213 2759 eam
253 2732 271 2756 ((
297 2716 657 2772 imputabilitatem
683 2732 704 2757 »
745 2716 1025 2772 provenientis
1060 2712 1152 2755 inde
1180 2710 1411 2753 violationis
1447 2710 1546 2765 legis
1571 2707 1752 2764 poenalis

121 2787 275 2830 minuit
305 2786 403 2845 plus
424 2787 627 2841 minusve,
652 2789 747 2844 quia
776 2788 986 2840 passiones
1010 2788 1093 2826 tum
1122 2786 1298 2824 mentem
1324 2779 1563 2823 obnubilant
1590 2784 1672 2819 tum
1698 2778 1747 2819 ad

126 2858 350 2902 voluntatis
372 2858 644 2902 deiectionem
672 2857 857 2909 tendunt,
878 2856 946 2898 sed
970 2868 1047 2912 pro
1071 2853 1234 2896 diverso
1254 2850 1468 2908 passionis
1490 2862 1560 2891 seu
1587 2847 1748 2891 illorum

122 2929 384 2973 diversorum
407 2933 592 2972 motuum
617 2934 750 2983 aestu,
770 2940 893 2985 quem
920 2926 974 2968 illi
1001 2928 1037 2967 in
1063 2925 1305 2979 sanguinem
1326 2920 1522 2963 inducunt
1542 2917 1746 2974 aequipol-
