1950 3313
66 182 158 219 Can.
185 184 389 218 2327-‘23'28
439 184 523 218 Tt'r.
550 185 639 219 XII.
662 206 672 211 -
695 187 750 220 Dc
768 189 916 221 ‹leth-tis·
934 193 1067 223 cantra
1090 192 1311 233 ruliyemwm
1620 194 1687 228 ‘317

65 316 137 359 pro
171 302 447 359 eleemosynis
481 304 684 346 faciendis
718 305 993 361 indulgentias
1018 309 1125 351 t'acit.
1153 335 1201 339 —
1228 309 1482 365 'l'cmporalia
1509 313 1614 353 enim
1642 313 1689 353 ad

63 373 293 430 spiritualia
327 374 586 427 ordinantur,
624 377 717 430 qnia
756 384 920 432 propter
952 379 1177 433 spiritualia
1213 379 1411 422 debemus
1447 384 1500 423 nti
1537 386 1691 437 tempn-

65 444 232 488 ralibus.
268 443 316 487 Et
351 444 441 487 ideo
476 457 548 500 pro
586 446 883 501 temporalibus
915 449 1157 503 simpliciter
1197 463 1273 492 non
1310 456 1437 506 potest
1480 454 1565 493 lieri
1603 452 1689 507 (svn

63 515 256 572 concedi)
276 514 546 572 indulgentia,
581 515 650 558 sed
689 530 760 571 pro
799 518 1093 573 temporalibus
1127 521 1324 562 ordinatis
1357 522 1405 563 ad
1440 523 1689 577 spit·itualia;

64 588 170 629 sicut
202 591 260 629 est
296 587 500 642 repressio
536 587 799 629 inimicorum
837 587 1059 635 Ecclesiae,
1084 592 1151 646 qni
1189 604 1327 645 pacem
1365 591 1571 634 Ecclesiae
1608 607 1693 648 por-

67 655 254 709 turbant3
293 655 355 699 vel
390 657 496 699 sicut
531 659 784 699 constructio
820 656 1113 710 Ecclesiarnm,
1138 665 1174 701 et
1209 660 1380 703 aliarum
1417 661 1693 718 elcemosyna-

69 740 157 769 rum
194 727 369 783 largitio.
404 726 453 769 Et
489 739 560 781 per
594 726 672 770 boc
708 732 815 783 patet
851 728 958 784 quod
995 742 1072 771 non
1107 732 1155 771 sit
1193 730 1243 773 ibi
1278 733 1577 788 sinmnia,‹ptia
1614 747 1690 774 non

67 797 189 841 datur
220 797 435 854 spirituale
471 811 543 854 pro
578 798 811 854 temporali,
835 799 904 841 scd
933 813 1006 855 pro
1028 800 1229 855 spirituali
1257 817 1294 842 ».
1321 801 1372 843 lta
1404 806 1445 845 Ι).
1471 802 1644 845 'l‘ltnmas
1665 804 1690 847 ¹.

70 869 196 925 lgitur
219 869 419 926 praedicti
444 883 517 926 per
541 882 741 913 canonem
766 868 1009 925 plectuntur
1044 870 1131 927 ipso
1164 871 1276 928 sacto
1310 878 1502 927 ‹piacstns
1535 888 1691 915 (zi-rom-

67 939 352 984 mum'calione
395 939 495 984 Secti
539 939 807 998 Apostolt'cae
850 941 1100 998 siinpliciler
1143 948 1372 994 reservata,
1405 957 1509 1000 qnae
1544 947 1691 987 inserta

68 1012 139 1054 t'nit
174 1011 393 1055 undecima
431 1013 468 1054 in
503 1016 630 1054 const.
670 1027 689 1051 <‹
715 1011 977 1067 Apostolicae
1011 1013 1127 1055 Sedis
1155 1028 1174 1053 2>
1216 1013 1270 1055 l'ii
1307 1012 1373 1065 tx,
1407 1015 1474 1056 sed
1521 1017 1693 1057 omissae

67 1087 160 1125 sunt
194 1082 426 1126 clausulae:
454 1098 476 1123 «
500 1087 583 1125 tum
609 1096 658 1125 ex
687 1082 778 1125 aliis
801 1085 945 1138 gratiis
967 1083 1250 1139 spiritualibus
1273 1100 1313 1137 »,
1335 1089 1416 1126 tum
1442 1087 1509 1139 qni
1535 1099 1695 1127 excom-

70 1155 360 1196 municationis
392 1165 567 1196 censura
604 1152 839 1209 plectuntur
874 1155 911 1195 in
947 1158 1073 1199 const.
1110 1154 1165 1196 Pii
1206 1152 1233 1195 V
1273 1171 1294 1194 «
1312 1154 1442 1208 Quam
1482 1155 1643 1209 plenum
1674 1174 1690 1194 »

70 1224 91 1266 2
128 1224 208 1268 lan.
248 1225 371 1278 1569,
409 1223 635 1267 videlicet:
674 1240 695 1265 ‹<
718 1223 933 1280 Episcopis
967 1225 1245 1277 inferiores»,
1281 1223 1496 1280 propterea
1535 1227 1696 1267 Codicis

67 1297 549 1338 excommunicationem
576 1294 766 1351 Episcopi
801 1308 966 1352 qnoque
1000 1308 1078 1337 non
1114 1295 1327 1351 etl'ngiunt.

187 1366 284 1410 167.
326 1368 511 1413 Contra
560 1368 832 1412 violatores
880 1369 1176 1412 cadaverum
1225 1368 1301 1412 vel
1350 1368 1697 1423 sepulcrorum,

68 1438 163 1494 quia
208 1436 310 1480 haec
356 1436 479 1480 rebus
522 1439 652 1480 sacris
695 1441 981 1490 accensentur,
1018 1439 1191 1493 insurgit
1234 1439 1456 1480 auctoritas
1492 1436 1697 1479 Ecclesiae

69 1509 271 1563 coactiva,
304 1510 425 1552 sicuti
460 1521 548 1551 mos
581 1510 670 1551 eius
704 1509 777 1551 t'uit
810 1521 1006 1564 expressa
1042 1510 1079 1550 in
1119 1509 1246 1550 veteri
1286 1510 1387 1550 iure.
1426 1506 1524 1549 Can.
1558 1508 1696 1549 3338.

73 1577 155 1632 Qui
187 1577 398 1622 Ecclesiae
441 1578 634 1622 subditur
674 1584 712 1622 et
748 1577 956 1621 cadavera
1001 1577 1062 1621 rel
1096 1578 1288 1636 sepulcra
1338 1583 1594 1620 mortuorum
1645 1577 1696 1620 ibi

69 1649 331 1692 conditorum
360 1650 399 1705 a)
424 1649 479 1692 acl
504 1649 669 1708 furtum
693 1654 850 1693 tantum
877 1663 926 1692 ex
952 1650 1176 1692 intentione
1201 1648 1515 1705 perficiendum,
1539 1650 1696 1691 etiamsi

71 1720 147 1764 boc
181 1721 416 1768 frustretur,
441 1723 537 1777 quia
571 1719 763 1764 subditur
796 1719 859 1762 vel
892 1719 1022 1762 alium
1059 1719 1213 1762 malum
1246 1719 1364 1775 finem
1399 1719 1533 1776 quoad
1570 1721 1697 1760 intcn-

71 1793 222 1834 tionem
258 1790 300 1848 b)
336 1790 557 1834 violaverit
595 1791 645 1834 de
686 1792 806 1844 t‘acto,
842 1791 969 1834 idest:
1015 1793 1295 1833 irreverenter
1338 1803 1410 1846 pro
1454 1792 1511 1832 rei
1555 1794 1697 1832 natura

71 1863 325 1916 tractaverit,
348 1875 384 1904 V.
409 1875 469 1917 gr.
498 1861 599 1905 baec
633 1862 906 1918 effringendo,
941 1861 1007 1905 illa
1044 1861 1310 1905 exbnmando
1343 1860 1608 1913 clandestine,
1638 1859 1697 1902 rel

73 1930 177 1975 male
225 1932 456 1986 tractando,
491 1931 532 1988 a)
568 1931 793 1976 interdicto
839 1932 1071 1990 personali,
1105 1934 1223 1975 cuius
1269 1932 1438 1974 effectus
1486 1934 1699 1974 enumerat

69 2014 159 2047 can.
196 2002 324 2057 2275,
355 2002 576 2060 puniatur,
612 2015 718 2061 quae
754 2016 898 2060 poena,
932 2004 1125 2061 quamvis
1158 2002 1350 2045 terendae
1382 2003 1620 2055 sententiae,
1647 2003 1700 2041 in-

72 2072 280 2130 telligatur
313 2074 364 2117 de
398 2086 572 2117 censura
607 2074 656 2117 ad
690 2073 1027 2118 satisfaciendum
1055 2073 1416 2130 reparandumque
1444 2071 1698 2124 scandalum,

72 2156 166 2188 nam
201 2147 256 2188 uti
294 2157 425 2202 poena
462 2145 715 2188 vindicativa
759 2144 929 2189 deberet
968 2146 1229 2201 interpretari
1265 2145 1316 2187 de
1354 2142 1616 2185 «interdicto
1649 2140 1699 2184 ab

73 2218 260 2272 ingressu
293 2215 495 2260 ecclesiae
518 2231 540 2257 »
563 2216 612 2259 ad
648 2212 836 2259 normam
870 2228 960 2259 can.
997 2215 1125 2270 2291,
1150 2215 1208 2269 2⁰,
1231 2214 1301 2258 sed
1338 2213 1607 2270 praeferenda
1641 2217 1697 2254 cst

73 2288 184 2343 prior
218 2288 516 2343 interpretatio,
550 2299 643 2330 nam
685 2302 704 2327 «
729 2289 767 2329 in
802 2286 929 2330 dubio
963 2290 1284 2343 praesumuntur
1316 2296 1556 2328 censurae»
1591 2283 1698 2339 (can.

73 2358 199 2412 2255,
225 2356 282 2414 2),
318 2357 630 2415 notandumque
663 2362 723 2402 est
754 2358 863 2415 quod
889 2373 911 2399 «
935 2357 999 2404 lex
1035 2361 1174 2400 utatur
1210 2355 1346 2399 verbis
1378 2356 1651 2411 praeceptivis
1676 2370 1694 2393 »

73 2427 182 2485 (can.
208 2428 334 2483 2223,
358 2431 383 2482 ἓ
408 2428 466 2486 3),
501 2427 544 2486 b)
578 2429 634 2471 sit
671 2428 762 2487 ipso
796 2428 910 2486 facto
938 2427 1115 2486 infamis
1137 2440 1229 2471 cum
1255 2425 1471 2469 effectibus
1501 2424 1698 2473 iuridicis,

72 2513 175 2557 qnos
209 2501 335 2543 refert
357 2513 447 2545 can.
476 2500 604 2555 2294,
637 2502 662 2554 ἓ
698 2501 733 2555 1,
759 2505 798 2543 et
822 2499 1013 2551 clericus,
1042 2515 1063 2539 «
1086 2499 1240 2541 divinis
1265 2499 1500 2540 ministeriis
1525 2510 1595 2552 per
1619 2497 1696 2551 pri-

74 2583 182 2614 mam
226 2570 371 2614 saltem
417 2576 629 2615 tonsuram
674 2573 977 2627 mancipatus»
1027 2571 1135 2627 (can.
1172 2569 1268 2621 108,
1310 2568 1337 2626 g
1382 2567 1436 2624 t),
1477 2572 1697 2624 praeterea

74 2641 178 2684 idest
211 2641 249 2697 c)
272 2639 510 2699 deponatur
533 2642 725 2699 equidem
754 2654 826 2698 per
850 2640 1085 2684 iudicialem
1111 2641 1355 2683 sententiam
1376 2650 1467 2681 cmn
1489 2635 1698 2679 ellectibns

73 2725 122 2755 ex
148 2723 239 2756 can.
263 2711 391 2765 2303,
415 2714 446 2756 si
471 2711 650 2756 clericus
672 2713 794 2756 suerit
819 2715 856 2755 in
881 2714 1024 2765 sacris,
1058 2723 1152 2754 nam
1181 2709 1357 2753 clericus
1386 2710 1517 2750 minor
1541 2705 1697 2749 t'acilins

74 2784 112 2825 in
146 2786 296 2826 statum
333 2782 520 2826 laicalem
556 2783 840 2828 reduceretur.

193 2935 205 2958 1
233 2934 370 2981 Suppl.
399 2947 435 2980 q.
463 2936 509 2970 26
535 2947 569 2972 a.
596 2936 618 2970 3
644 2935 711 2970 sed
737 2940 873 2970 contra
898 2939 939 2969 et
963 2945 1064 2978 corp.
