1950 3313
132 188 228 225 can.
256 189 349 224 2271
539 189 624 223 ΤΙΤ.
654 190 762 225 VIII.
785 212 794 218 -
816 193 870 227 Dc
893 199 1029 238 poenis
1056 199 1352 233 medicinalibus
1693 207 1756 237 145³

134 308 274 352 lnnoc.
309 308 381 352 ΙΙΙ;
423 308 549 352 «Nos
582 311 708 366 igitur
741 315 919 367 cognito,
953 316 1060 371 quod
1097 331 1144 359 ex
1182 318 1247 360 tali
1283 321 1591 371 consuetudine,
1611 325 1641 364 si
1676 337 1753 379 qna

135 381 254 434 foret,
277 379 611 436 disrumperetur
645 393 799 424 nervus
832 384 1134 433 ecclesiasticae
1168 388 1422 445 disciplinae,
1442 394 1568 447 ipsam
1595 393 1644 435 de
1668 408 1757 436 eon-

133 464 254 495 sensu
290 451 462 494 fratrum
498 456 733 495 nostrorum
768 454 963 497 duximus
998 459 1235 501 irritandai'n
1266 479 1300 502 ».
1327 460 1432 517 Ergo
1468 464 1758 506 irrationabilis

133 527 194 566 est
226 521 446 566 censenda.

251 592 339 637 Non
383 593 504 636 aliter
546 606 594 637 ac
639 596 676 637 in
721 601 848 638 const.
889 612 907 637 «
934 597 1050 640 Alma
1096 605 1267 642 mater»
1305 604 1437 646 aiebat
1485 604 1608 647 llonit'.
1650 605 1753 647 l'lll:

137 679 159 705 «
183 663 414 707 Adlicimus
457 668 684 721 praeterea.
720 666 827 722 quod
872 668 1044 723 singulis
1077 669 1222 713 diebus
1257 674 1292 713 in
1328 674 1511 715 eeclesiis
1544 681 1581 717 et
1618 689 1754 717 numa-

132 737 269 778 steriis
301 734 449 778 Missae
482 735 748 779 celebrentur
781 735 909 794 (quod
945 752 1051 782 nunc
1086 746 1158 789 est.
1184 746 1223 784 ut
1260 744 1373 796 intra,
1400 744 1689 801 limitandum).
1716 752 1752 788 et

131 806 211 850 alia
234 806 427 850 dicantur
448 806 590 850 divina
616 808 764 863 otlicia,
787 810 891 852 sicut
917 812 1050 866 prius:
1085 811 1286 855 submissa
1323 818 1454 857 tamen
1492 829 1603 863 roi-e.
1625 819 1755 859 ianuis

131 877 295 929 clausis.
330 881 705 922 excommunicatis
748 892 795 922 ac
840 881 1068 925 interdictis
1111 883 1288 926 exclusis
1322 897 1445 938 inune
1484 888 1531 928 ad
1569 902 1751 930 normam

131 961 222 992 can.
244 949 370 1003 2259,
389 949 417 1007 ἓ
436 949 460 992 2
480 949 588 1006 quod
611 949 701 993 illos
718 951 915 1007 singulos,
935 953 1067 1009 quoad
1091 955 1162 996 lios
1185 968 1281 997 vero
1299 956 1481 1012 singulos
1500 957 1547 998 ad
1570 972 1751 1000 normam

131 1033 220 1064 can.
257 1020 384 1073 2275,
423 1021 479 1072 10,
514 1026 719 1078 quatenus
753 1035 830 1065 una
868 1023 929 1066 rel
964 1023 1125 1081 aliquae
1171 1039 1369 1081 personae
1413 1040 1488 1068 non
1529 1028 1752 1070 subintelli-

131 1096 282 1148 gantur
318 1091 444 1135 verbo
479 1094 721 1148 “privatim
749 1129 773 1148 „
809 1097 1035 1150 praesentis
1077 1099 1276 1151 canonisy,
1310 1101 1347 1139 et
1381 1100 1590 1153 campanis
1633 1101 1751 1141 etiam

132 1175 210 1205 non
246 1161 428 1219 pulsatis.
463 1162 511 1206 Et
536 1179 554 1204 ³>
595 1166 859 1221 prosequitur
894 1165 1098 1209 Pontifex:
1139 1171 1263 1209 «tam
1299 1170 1483 1210 canonici
1518 1182 1638 1225 quam
1674 1169 1752 1210 vle-

133 1235 205 1277 rici
241 1233 511 1278 ecclesiarum
549 1237 586 1277 in
622 1234 773 1292 quibus
806 1236 1115 1281 distributiones
1148 1239 1411 1295 quotidianae
1437 1238 1527 1291 illis,
1555 1242 1620 1295 qui
1649 1239 1756 1281 boris

131 1306 334 1348 intersunt
368 1307 579 1350 canonicis
614 1306 822 1350 tribuunt:
857 1310 888 1350 si
923 1308 972 1351 ad
1008 1309 1140 1352 otlicia
1176 1322 1252 1351 non
1293 1312 1477 1352 venerint
1506 1310 1754 1365 supradicta,

130 1375 442 1420 distributiones
460 1377 628 1421 easdem
647 1380 860 1421 amittant:
880 1381 983 1422 sicut
1005 1380 1222 1423 interdicto
1243 1381 1460 1436 perderent
1482 1394 1558 1423 non
1579 1386 1753 1424 extante.

129 1449 161 1491 si
186 1447 338 1491 divinis
370 1448 516 1492 officiis
548 1462 630 1492 non
664 1449 855 1493 adessent
878 1466 916 1493 )).
938 1449 1043 1494 Hinc
1066 1454 1252 1508 sequitur
1276 1451 1327 1494 ob
1352 1454 1563 1508 paritatem
1591 1453 1756 1494 rationis

130 1531 273 1562 omnes
307 1518 495 1573 clericos,
519 1522 608 1563 sive
641 1520 878 1564 saeculares
900 1524 989 1565 sire
1024 1523 1248 1578 religiosos.
1273 1525 1340 1580 qui
1376 1523 1424 1566 ad
1460 1522 1629 1566 eliorum
1654 1522 1754 1563 olili-

129 1595 281 1647 gantur
312 1593 442 1634 teneri
476 1593 583 1635 sicut
619 1594 734 1648 prius
758 1593 807 1635 ad
834 1609 852 1632 «
879 1593 1066 1636 divinum
1092 1594 1286 1648 officium,
1311 1595 1419 1652 quod
1445 1594 1753 1650 compreliemlit

131 1660 402 1717 psalmodiam
446 1661 641 1706 horarum
687 1667 980 1708 canonicarum
1017 1670 1055 1708 et
1088 1664 1449 1709 celebrationem...
1484 1665 1628 1708 Missae
1660 1679 1755 1708 con-

133 1732 380 1776 ventualis»
434 1733 543 1792 (can.
594 1735 692 1789 413,
732 1738 756 1789 g
796 1735 851 1793 Q),
897 1741 935 1779 et
989 1739 1070 1779 «in
1123 1736 1389 1793 religionibus
1435 1739 1523 1779 sire
1573 1739 1752 1780 virorum

129 1805 219 1846 sive
253 1803 489 1855 mulierum,
524 1806 674 1863 quibus
707 1813 768 1851 est
800 1807 915 1851 chori
950 1807 1145 1864 obligatio
1170 1824 1208 1857 n,
1244 1809 1434 1865 equidem
1479 1808 1527 1851 ad
1569 1820 1751 1850 normam

129 1887 218 1919 can.
255 1875 352 1918 610.

247 1943 393 1999 Quoad
428 1947 507 1991 alia
545 1962 643 1992 vero
680 1962 811 2005 sacra,
848 1951 1086 1993 moderatur
1129 1963 1257 1993 canon
1301 1952 1486 2007 sequenti
1532 1950 1651 1992 modo
1695 1952 1755 1992 ius

132 2021 250 2060 vetus
281 2007 358 2062 sub
391 2017 451 2062 n.⁰
483 2021 543 2062 2⁰.
581 2018 625 2063 ln
657 2020 835 2064 eeclesia
868 2035 963 2064 vero
996 2022 1036 2078 a)
1071 2021 1321 2073 cathedrali,
1348 2023 1412 2064 cui
1448 2020 1753 2077 aequiparanda

128 2090 189 2130 est
221 2088 396 2132 ecclesia
421 2089 652 2135 Abbatialis
688 2092 750 2135 vel
788 2091 1034 2140 Praelatitia.
1056 2091 1097 2149 b)
1122 2091 1306 2135 eeclesiis
1336 2090 1646 2149 paroecialibus
1678 2093 1754 2132 sin-

128 2158 236 2215 gulis
259 2159 382 2216 c)i‘el
413 2160 455 2203 in
490 2161 665 2205 ecclesia
690 2177 798 2221 quae
830 2163 954 2206 imica
987 2163 1043 2206 sil
1075 2163 1116 2206 iii
1152 2162 1303 2221 oppido
1327 2165 1447 2206 etiam
1485 2161 1751 2218 parvo,qu‹›d

128 2231 235 2274 intra
270 2234 504 2287 paroeciam
539 2235 663 2277 situm
697 2236 761 2290 sit,
796 2234 840 2277 iii
872 2235 1008 2293 iisque
1040 2234 1157 2288 solis,
1189 2233 1372 2277 clausula
1411 2233 1635 2276 excludens
1677 2232 1754 2275 alia

128 2299 217 2344 loca
249 2314 367 2346 sacra
403 2303 693 2360 religiosorum
726 2319 893 2364 quoque
927 2310 1230 2362 exemptorum‚
1254 2307 1328 2347 nisi
1358 2318 1421 2346 «a
1456 2304 1559 2347 Sede
1583 2305 1754 2359 Aposto-

128 2370 205 2415 lica
238 2371 396 2417 directe
428 2374 563 2418 eidem
590 2374 819 2434 (religioni)
842 2390 1083 2420 concessum
1121 2377 1240 2419 suerit
1265 2392 1284 2416 ))
1323 2375 1526 2431 derogans
1560 2373 1652 2416 huic
1687 2386 1754 2415 nu-

128 2454 243 2485 mero
286 2443 568 2501 privilegium,
599 2446 910 2504 permittuntur
950 2450 987 2490 vi
1032 2448 1214 2496 canonis,
1250 2459 1325 2487 non
1372 2447 1472 2487 t'acta
1516 2445 1751 2499 ceteroquin

129 2511 384 2558 relaxatione
403 2516 624 2561 interdicti.
648 2517 690 2575 a)
716 2518 840 2561 unius
860 2517 1016 2561 Missae
1040 2523 1200 2574 praeter
1224 2517 1343 2559 aliam
1370 2514 1699 2557 ‹ronx‘entualem
1720 2515 1750 2554 si

127 2583 262 2638 detur,
283 2584 521 2643 celebratio,
541 2589 716 2645 singulis
734 2590 900 2647 quidem
922 2589 1067 2633 diebus
1086 2602 1132 2632 ex
1156 2589 1366 2631 indetinito
1394 2586 1533 2638 verbo,
1554 2587 1592 2641 1))
1618 2599 1749 2627 iis-ser-

128 2654 240 2698 vatio
264 2656 524 2701 sanctissimi
546 2659 826 2709 Sacrameizli,
851 2674 972 2704 causa
998 2662 1237 2716 praesertim
1268 2657 1423 2708 viatici,
1450 2661 1558 2700 iuxta
1584 2671 1671 2712 cap.
1699 2657 1748 2697 ΞΠ

131 2725 228 2769 «de
260 2730 463 2772 sententia
488 2734 973 2775 excommunii-ationis...
999 2747 1020 2771 ›>
1048 2729 1111 2787 (Y.
1133 2730 1205 2786 239)
1227 2729 1255 2772 Χ
1284 2730 1507 2771 dicentem:
1543 2746 1557 2764 «
1589 2728 1751 2768 l'ermit-

125 2797 252 2852 timus
269 2797 541 2843 ecclesiarum
561 2804 761 2845 ministris
783 2802 908 2845 semel
937 2805 973 2844 in
1000 2800 1372 2856 hebdomada(l10<·
1397 2802 1545 2840 omisso
1570 2797 1692 2839 xerbo
1713 2799 1749 2838 in

126 2869 303 2926 canone)
337 2873 525 2927 tempore
569 2873 792 2926 interd1cti,
829 2886 904 2915 non
951 2872 1119 2928 pulsatis
1152 2873 1375 2927 campanis,
1413 2883 1510 2911 iove
1549 2868 1748 2910 submissa

127 2937 274 2991 (idestz
323 2942 412 2984 sine
459 2942 616 3000 cantu),
653 2945 786 2987 ianuis
834 2943 996 2992 clausis.
1031 2943 1400 2986 excommunicatis
1442 2945 1477 2981 et
1525 2938 1751 2981 interdictis
