1950 3313
611 194 615 200 ι
638 175 694 210 De
720 177 866 221 leyibzcs
891 188 935 211 ac
962 178 1073 212 libris
1101 179 1298 223 litzwssqicis
1717 180 1784 215 183

154 293 319 350 ligionis
342 295 601 349 excellentia,
620 300 657 338 et
681 303 832 353 quanta
857 311 955 342 cura
980 301 1029 342 sit
1054 298 1288 342 adhibenda
1313 298 1364 343 ab
1390 298 1586 354 Ecclesia,
1613 314 1660 344 ne
1685 302 1783 359 quid

156 367 309 422 irrepat
344 368 380 409 in
418 365 593 422 publicis
628 368 838 424 religionis
870 369 1043 422 actibus,
1088 358 1159 412 vel*
1190 370 1283 413 tillei
1325 384 1402 413 non
1427 372 1685 415 concordans
1724 372 1787 416 vel

80 448 85 451 ”
153 436 514 495 qualitercumque
547 441 881 494 superstitionem
917 442 1145 483 continens.
1181 440 1282 483 Nam
1305 443 1342 484 in
1373 444 1456 484 veri
1481 441 1550 484 Dei
1571 442 1684 486 cultu
1711 456 1790 487 non

153 506 287 550 solum
323 520 394 563 per
426 507 743 564 irreligiositatis
784 510 993 554 ‹let'ectum
1037 514 1197 567 peccari
1245 516 1388 567 potest,
1432 513 1501 555 sed
1547 515 1669 556 etiam
1720 528 1792 570 per

153 591 386 635 excessum,
411 582 604 636 quamvis
639 594 715 623 non
753 584 789 624 in
826 584 1068 639 quantitate,
1104 585 1199 639 quia
1235 582 1344 626 Deus
1368 585 1514 626 merito
1538 597 1789 640 superexce-

155 649 213 692 ‹lit
249 663 411 692 omnem
447 662 467 693 a
504 650 620 694 nobis
655 655 895 708 praestitum
931 653 1100 707 cultum,
1135 653 1206 696 sed
1249 667 1319 709 per
1342 657 1653 710 corruptionem
1681 656 1790 699 modi

155 722 193 762 in
231 720 342 763 cultu
371 722 470 777 ipso.

272 790 459 847 Denique
493 794 593 835 iuris
619 793 795 850 liturgici
821 797 1098 851 cognitionem
1134 795 1420 839 sacerdotibus
1443 800 1693 853 praesertim
1720 811 1789 841 ne-

147 865 375 905 cessariam
409 877 497 907 esse
533 869 642 920 patet
677 865 825 921 legenti
860 879 899 923 q.
943 865 1062 910 XClll
1098 869 1135 909 in
1172 866 1259 909 ll-ll
1280 868 1474 910 Summae
1498 866 1785 924 Theologicae.

151 934 263 976 Sicut
302 934 555 990 Augustinus
577 935 705 979 dicit:
745 952 765 977 ((
792 937 1056 980 mendacium
1083 939 1263 981 maxime
1289 939 1566 994 perniciosum
1587 943 1647 981 est
1679 939 1787 996 quod

151 1004 196 1046 fit
220 1007 257 1047 iu
284 1004 344 1047 his
367 1018 472 1063 quae
496 1006 546 1049 ad
566 1006 835 1051 christianam
864 1008 1106 1064 religionem
1139 1011 1342 1065 pertinent
1364 1010 1375 1031 ²
1397 1025 1435 1053 ».
1464 1009 1586 1052 Porro
1615 1025 1635 1050 <c
1656 1015 1787 1066 potest

149 1077 393 1132 contingere
427 1076 581 1120 falsitas
615 1079 653 1120 in
688 1080 882 1121 exteriori
912 1078 1024 1122 cultu
1055 1092 1103 1122 ex·
1132 1084 1247 1135 parte
1270 1079 1469 1132 colentis;
1503 1085 1541 1124 et
1577 1080 1651 1124 hoc
1678 1093 1790 1137 prae-

151 1148 272 1202 cipue
306 1148 343 1189 in
378 1147 491 1190 cultu
525 1151 751 1203 communi,
794 1151 863 1207 qui
909 1163 981 1206 per
1024 1151 1233 1193 ministros
1275 1150 1496 1194 exhibetur
1530 1153 1567 1194 in
1614 1164 1784 1208 persona

151 1220 275 1261 totius
309 1217 529 1262 Ecclesiae.
565 1220 678 1263 Sicut
711 1222 820 1263 enim
845 1220 1032 1264 falsarius
1065 1225 1171 1264 esset
1207 1223 1277 1279 qui
1303 1221 1440 1279 aliqua
1470 1227 1718 1278 proponeret
1736 1236 1785 1267 ex

150 1293 266 1345 parte
299 1289 474 1333 alicuius
507 1303 612 1348 quae
648 1304 725 1333 non
759 1296 894 1334 essent
927 1294 962 1335 ei
997 1294 1233 1345 commissa,
1269 1295 1322 1336 ita
1350 1295 1496 1336 vitium
1517 1293 1705 1337 salsitatis
1731 1296 1788 1337 in-

147 1361 281 1402 currit
313 1362 383 1417 qui
416 1373 464 1403 ex
501 1365 616 1417 parte
648 1361 860 1405 Ecclesiae
898 1361 1055 1405 cultum
1099 1361 1268 1406 exhibet
1312 1362 1396 1406 Deo
1438 1368 1581 1407 contra
1619 1364 1784 1407 modum

150 1429 293 1473 divina
336 1433 581 1475 auctoritate
612 1431 664 1476 ab
698 1431 883 1476 Ecclesia
921 1435 1205 1488 constitutum,
1249 1438 1287 1477 et
1322 1436 1360 1477 in
1394 1433 1580 1478 Ecclesia
1612 1448 1784 1479 consue-

151 1505 236 1544 tum
263 1517 283 1542 ³>
311 1500 338 1542 ².
365 1527 418 1532 —
445 1502 541 1545 ltem
582 1518 602 1543 ((
627 1503 718 1546 linis
751 1503 882 1546 (livini
917 1503 1052 1547 cultus
1085 1508 1143 1547 est
1169 1508 1211 1547 ut
1236 1503 1357 1547 bomo
1385 1504 1466 1548 Deo
1500 1505 1569 1548 (let
1593 1505 1784 1562 gloriam,

149 1577 190 1615 et
224 1574 260 1615 ei
293 1585 336 1615 se
368 1572 560 1617 subiiciat
605 1579 741 1617 mente
784 1579 823 1617 et
866 1588 1083 1631 corpore...
1126 1576 1165 1618 Si
1209 1580 1346 1619 autem
1392 1576 1546 1634 aliquid
1583 1578 1625 1619 tit
1661 1577 1785 1634 quod,

149 1648 352 1700 quantum
387 1649 447 1687 est
479 1644 530 1688 (le
562 1658 620 1698 se,
643 1658 722 1688 non
748 1633 925 1702 pertinet
947 1646 997 1689 acl
1024 1646 1095 1689 Dei
1121 1646 1310 1703 gloriam,
1337 1660 1469 1705 neque
1493 1648 1541 1691 ad
1569 1648 1645 1691 hoc
1679 1648 1786 1705 quod

153 1727 269 1757 mens
310 1714 490 1758 hominis
532 1716 688 1759 feratur
726 1718 764 1759 in
810 1715 939 1760 Deum
980 1722 1048 1760 aut
1092 1717 1200 1774 quod
1242 1720 1378 1761 carnis
1427 1721 1789 1776 concupiscentiae

152 1785 411 1829 inordinatae
455 1788 727 1841 retrenentur,
771 1793 840 1831 aut
882 1790 1006 1831 etiam
1039 1791 1070 1831 si
1105 1790 1156 1832 sit
1192 1794 1356 1845 praeter
1396 1789 1465 1833 Dei
1502 1795 1539 1833 et
1580 1790 1788 1834 Ecclesiae

152 1857 463 1909 institutionem,
501 1857 562 1900 vel
599 1862 741 1900 contra
787 1859 1129 1902 consuetudinem
1177 1872 1456 1915 communem,
1496 1873 1604 1918 quae
1642 1874 1787 1904 secun-

150 1927 249 1970 (lum
285 1929 562 1984 Augustinum
599 1942 671 1985 pro
706 1929 796 1986 lege
820 1929 1010 1973 habenda
1043 1935 1115 1981 est,
1141 1935 1271 1974 totum
1308 1930 1384 1974 hoc
1426 1932 1700 1988 reputandum
1726 1938 1785 1976 est

148 1999 407 2054 superfluum
442 2004 482 2042 et
513 2002 859 2056 superstitiosum,
883 2003 979 2058 quia
1014 2003 1051 2044 in
1077 2001 1354 2046 exterioribus
1386 2003 1520 2046 solum
1556 2006 1787 2048 consistens

148 2069 200 2113 ail
237 2071 474 2113 interiorem
513 2069 582 2114 l)ei
617 2071 772 2114 cultum
810 2085 887 2114 non
924 2074 1144 2128 pertinet»
1174 2074 1203 2115 ³.

274 2141 368 2186 164.
402 2144 582 2188 Fontes
606 2144 723 2188 iuris
747 2144 958 2200 liturgici
990 2148 1083 2186 sant
1117 2156 1163 2187 ea
1197 2157 1247 2187 ex
1281 2144 1431 2201 quibus
1465 2151 1695 2201 promanat,
1723 2146 1785 2189 vel

147 2213 246 2269 quia
290 2212 473 2255 condunt
507 2215 639 2269 ipsum
674 2215 779 2257 sicut
824 2213 1079 2270 legislatores
1124 2219 1376 2272 possuntque
1419 2216 1620 2272 appellari
1658 2218 1787 2260 fontes

148 2282 327 2338 essendi,
365 2283 427 2327 vel
462 2286 557 2341 quia
591 2288 686 2327 sunt
731 2284 842 2328 velut
886 2285 1149 2341 receptacula
1188 2288 1316 2342 ipsius
1350 2288 1464 2341 iuris,
1499 2286 1590 2331 libri
1633 2301 1779 2344 nempe

153 2353 347 2410 liturgici,
386 2355 448 2397 vel
485 2354 694 2411 liturgiam
729 2354 966 2399 authentice
1000 2358 1280 2412 respicientes,
1315 2369 1362 2401 ac
1396 2357 1476 2401 dici
1520 2364 1673 2415 queunt
1699 2359 1785 2401 t'on-

151 2428 212 2467 tes
244 2425 535 2481 cognoscendi.
571 2425 628 2469 De
663 2425 725 2470 bis
758 2427 949 2470 omnibus
992 2426 1253 2483 explananda
1297 2432 1357 2471 est
1395 2430 1433 2471 in
1477 2442 1632 2485 genere
1666 2429 1785 2473 (lisci-

152 2493 262 2551 plina
298 2497 455 2552 vigens.

273 2566 371 2609 165.
406 2568 581 2620 Quoad
625 2571 871 2616 Ecclesias
913 2572 1194 2617 orientales.
1237 2571 1388 2615 Beneil.
1434 2569 1524 2613 xlv
1570 2573 1606 2613 in
1642 2570 1779 2614 (Ionst.

159 2651 179 2676 ((
203 2635 502 2681 Demandatam
527 2654 547 2680 »
572 2639 586 2661 ‘4
620 2642 703 2683 ait:
753 2640 856 2683 «De
900 2640 1047 2684 ritibus
1096 2643 1221 2697 igitur
1260 2647 1297 2685 et
1343 2641 1527 2684 moribus
1570 2641 1778 2684 Ecclesiae

149 2718 328 2762 graecae
361 2707 458 2750 illud
496 2710 700 2762 imprimis
733 2713 961 2766 generatim
996 2712 1261 2754 statuentium
1301 2711 1578 2758 (lecrevimus,
1625 2713 1777 2754 nemini

152 2776 330 2831 licuisse,
354 2783 423 2821 aut
450 2779 586 2823 licere.
611 2783 760 2837 quovis
784 2781 913 2835 titulo,
938 2787 977 2824 et
1000 2781 1137 2824 colore
1171 2786 1207 2824 et
1243 2794 1507 2839 quacumque
1531 2785 1774 2825 auctoritate

271 2885 278 2904 ²
307 2884 362 2917 De
392 2884 608 2923 mendacio.
638 2897 719 2930 cap.
757 2888 812 2928 14,
852 2887 890 2920 in
920 2887 1042 2930 princ.
1073 2907 1116 2911 —
1143 2888 1155 2908 ‘³
1182 2887 1271 2921 Loc.
1300 2887 1366 2920 cit.
1396 2898 1429 2920 a.
1462 2889 1492 2920 1.
1522 2899 1552 2920 c.
1578 2908 1620 2911 —
1646 2888 1659 2909 3
1687 2887 1777 2921 Loc.

149 2931 219 2965 cit.
249 2942 282 2966 a.
310 2931 344 2964 ·2.
375 2942 406 2964 c.
436 2952 479 2956 —
505 2932 519 2954 4
546 2933 591 2966 24
618 2933 709 2966 Dec.
739 2933 839 2973 1743,
866 2937 884 2975 ξ
911 2937 944 2967 ὅ.
