1950 3313
145 141 238 177 Gan.
265 140 470 177 2388-2389
520 139 604 174 Trr.
634 139 761 174 XVII.
791 160 803 165 -
830 140 886 175 De
912 142 985 176 (let.
1007 154 1037 176 c.
1059 143 1171 187 obliy.
1195 145 1284 176 stat.
1307 143 1392 176 cler.
1674 137 1676 139 ’
1702 144 1772 178 303

143 261 376 305 intellectus
409 260 468 318 (v.
503 272 563 315 gr.
599 260 694 316 quia
723 259 872 302 mulier
897 260 1112 315 ignorabat
1137 261 1414 304 conditionem
1443 262 1644 318 regularis
1676 275 1769 306 cum

143 346 225 391 quo
258 330 543 384 contrahebat,
578 329 640 373 vel
687 332 815 386 ipsam
863 345 1034 387 poenam
1072 332 1311 389 adnexam),
1344 335 1433 375 six-e
1467 345 1514 375 ex
1551 337 1666 388 parte
1704 347 1771 375 vo-

145 402 325 453 luntatis,
350 403 535 445 eximit»
564 399 615 443 ab
639 403 1071 445 excommunicatione
1097 402 1172 445 liae
1198 403 1462 453 incurrenda,
1487 405 1561 445 nisi
1586 403 1773 446 affectata

143 476 195 516 sit
228 473 476 530 ignorantia,
511 470 620 528 (ean.
648 471 775 521 2229,
810 474 834 525 ἓ
861 472 905 523 t,
943 473 999 529 2),
1023 473 1125 515 alias
1148 473 1297 529 singuli
1325 473 1521 529 praedicti
1550 473 1774 515 ineurrnnt

146 544 187 586 in
221 541 693 586 excommunicationem
718 541 833 584 latae
855 543 1090 585 sententiae
1113 542 1211 585 Sesti
1233 543 1499 600 Apostolicae
1526 543 1777 601 simpliciter

148 618 418 668 reservatam,
452 617 491 656 et
525 612 628 656 haee
661 617 721 656 est
756 614 886 669 prima
921 616 1091 656 canonis
1126 626 1241 670 pars:
1279 640 1329 644 —
1365 613 1508 656 elerici
1538 620 1776 672 praeterea,

149 690 191 728 ut
222 696 362 740 supra,
396 683 434 726 si
467 682 631 734 moniti,
657 688 839 741 tempore
867 682 916 725 ab
945 682 1178 727 Ordinario
1212 689 1471 740 competente
1504 685 1553 727 ad
1590 699 1774 728 normam

147 767 236 799 can.
279 755 389 798 1566
421 767 500 812 pro
535 753 831 797 adiunctorum
859 753 1107 797 diversitate
1136 755 1377 812 praefinito,
1402 770 1481 797 non
1520 755 1777 813 resipuerint

150 840 221 884 per
265 838 409 869 veram
455 826 764 882 poenitentiam,
809 824 1098 882 deqradentur
1141 838 1269 882 poena
1315 826 1509 869 ferendae
1551 830 1778 870 sententiae

151 897 429 953 praeceptivis
477 894 617 939 verbis
664 908 875 952 expressa,
910 901 948 939 et
987 908 1093 953 quae
1133 914 1147 934 «
1175 895 1418 952 degradatio
1452 898 1489 939 in
1523 910 1565 939 se
1598 899 1779 940 continet

149 967 466 1024 depositionem,
500 970 742 1022 perpetuam
779 968 1054 1022 privationem
1091 965 1256 1009 babitus
1289 965 1556 1009 ecelesiastici
1591 971 1629 1010 et
1664 967 1780 1009 redu-

149 1040 326 1082 ctionem
362 1037 503 1081 eleriei
537 1037 587 1080 ad
624 1041 775 1080 statum
812 1036 1045 1080 laicalem»
1083 1039 1187 1093 (ean.
1226 1037 1353 1090 2305,
1385 1037 1413 1095 ξ
1444 1036 1506 1094 1);
1542 1042 1580 1080 et
1613 1037 1781 1093 explicit

152 1120 347 1166 praesens
380 1121 510 1152 canon
545 1110 628 1152 sie:
663 1108 782 1164 firmo
812 1108 1079 1166 praescripto
1104 1122 1193 1150 ean.
1221 1110 1322 1160 188,
1346 1122 1384 1152 n.
1409 1110 1451 1151 5.
1475 1108 1661 1152 Scilicet:
1692 1124 1710 1148 a
1731 1109 1781 1152 ob

150 1181 318 1224 tacitam
354 1181 709 1223 renunciationem
745 1178 796 1223 ab
831 1181 917 1236 ipso
943 1181 1030 1222 iure
1054 1179 1277 1222 admissam
1304 1178 1511 1236 quaelibet
1544 1180 1676 1222 officia
1715 1192 1781 1222 ra-

151 1255 245 1294 eant
280 1253 367 1307 ipso
402 1251 507 1294 sacto
541 1255 581 1294 et
612 1252 700 1293 sine
736 1249 816 1293 ulla
850 1249 1149 1303 declaratione,
1169 1252 1200 1292 si
1227 1250 1426 1293 clericus:
1463 1250 1550 1294 ...5⁰
1575 1249 1782 1293 Matrinio-

152 1323 282 1375 nium,
315 1323 438 1365 etiam
474 1320 598 1365 civile
631 1325 805 1377 tantum,
839 1325 883 1364 ut
915 1323 1044 1373 aiunt,
1079 1323 1395 1364 contraxerit».

270 1392 289 1449 ξ
324 1392 363 1435 2.
402 1390 524 1446 Quod
554 1392 592 1434 si
624 1392 710 1434 sint
758 1391 799 1448 a)
830 1390 1018 1450 professi
1062 1396 1247 1434 rotoruni
1286 1390 1538 1449 simplicium
1575 1391 1612 1446 b)
1642 1405 1785 1449 perpe-

155 1469 321 1507 tuorum
355 1462 396 1520 a)
433 1468 518 1506 tam
563 1463 603 1505 in
644 1462 875 1506 Ordinibus
919 1462 1076 1506 exclusi
1124 1475 1145 1506 a
1196 1463 1460 1519 praecedenti
1511 1462 1784 1519 paragrapho,

157 1547 194 1575 v.
227 1547 288 1591 gr.
325 1533 434 1591 (can.
468 1533 567 1589 488,
601 1547 638 1577 n.
674 1534 738 1590 7⁰)
778 1533 1041 1590 «religiosae
1074 1545 1250 1591 quarum
1290 1537 1382 1576 vota
1406 1547 1455 1576 ex
1482 1535 1664 1576 instituto
1692 1538 1787 1576 sunt

153 1604 384 1659 sollemnia,
419 1605 489 1648 sed
527 1618 600 1661 pro
633 1604 843 1662 aliquibus
875 1603 976 1648 loeis
1007 1617 1056 1648 ex
1087 1603 1350 1660 Apostolicae
1382 1604 1499 1648 Sedis
1533 1606 1786 1660 praescripto

154 1680 250 1719 sunt
281 1675 548 1732 simplicia»,
583 1677 706 1718 etiam
742 1676 913 1732 professi
960 1674 1183 1718 triennales
1225 1672 1430 1719 Ordinum
1466 1678 1559 1718 ante
1594 1675 1645 1717 19
1680 1674 1785 1729 Maii,

158 1745 199 1803 b)
234 1759 359 1803 quam
392 1745 436 1788 in
474 1744 880 1803 Conyreyationibus
911 1745 1139 1803 reliqiosis,
1173 1738 1325 1801 ornnes,
1361 1750 1404 1788 ut
1436 1758 1580 1802 supra,
1603 1744 1786 1789 seilicet:

157 1819 196 1859 in
231 1819 258 1871 g
292 1815 349 1870 1⁰,
383 1816 569 1873 singulos
601 1830 743 1860 eorum
779 1821 818 1859 et
850 1829 946 1860 eum
980 1816 1119 1874 aliquo
1156 1816 1218 1859 vel
1253 1815 1390 1873 aliqua
1424 1829 1473 1859 ex
1509 1815 1571 1859 liis
1609 1831 1628 1856 <c
1655 1817 1790 1858 matri-

159 1889 358 1939 monium,
392 1889 515 1930 etiam
550 1886 732 1931 civiliter
765 1891 923 1930 tantum
958 1886 1205 1930 contrahere
1238 1891 1605 1943 praesumentes»,
1629 1900 1787 1929 ercom-

158 1957 390 2001 municatio
425 1963 535 2000 tenet
569 1957 685 2000 latae
716 1951 951 2000 sententiae
989 1956 1221 2001 Ordinario
1256 1962 1485 2001 reservata.
1522 1973 1544 1998 «
1566 1955 1705 2009 Quare
1738 1956 1789 2000 ab

158 2041 205 2072 ea
240 2027 415 2086 quilibet
446 2025 696 2085 Ordinarius
729 2027 797 2086 (ad
834 2040 1021 2071 normam
1056 2040 1147 2071 ean.
1180 2028 1276 2081 198,
1309 2026 1337 2085 ξ
1372 2026 1413 2084 1)
1456 2026 1674 2071 absolvere
1719 2041 1786 2083 po-

158 2103 235 2142 test
267 2112 364 2142 suos
395 2098 596 2153 subditos,
632 2098 709 2142 loci
748 2112 844 2142 vero
887 2096 1136 2143 Ordinarius
1179 2100 1302 2142 etiam
1350 2100 1627 2155 peregrinos»
1681 2098 1790 2154 (ean.

160 2169 290 2225 2253,
324 2169 400 2227 3⁰).

281 2240 380 2284 232.
402 2242 642 2288 Delictum
663 2245 836 2287 contra
853 2243 1013 2298 legem
1028 2242 1523 2288 vitaevcommunisffi
1538 2238 1640 2283 Can.
1651 2242 1788 2282 2385).

158 2310 371 2369 Reliyiosi
394 2311 524 2369 leqein
548 2311 660 2355 vitae
682 2311 912 2355 eommunis
938 2310 1307 2355 constitutionibus
1325 2310 1619 2368 praescriptae
1649 2315 1791 2353 contra

163 2381 252 2425 illas
284 2381 328 2424 in
359 2395 406 2424 re
438 2381 635 2436 notabili,
666 2395 762 2426 eum
795 2384 914 2439 gravi
949 2395 1048 2439 ergo
1079 2386 1262 2439 peceato,
1288 2380 1504 2437 violantes,
1540 2380 1571 2423 l0
1602 2380 1792 2437 yrariter

163 2457 429 2509 moneantur,
462 2457 502 2496 et
535 2452 588 2496 11⁰
622 2452 913 2496 emendatione
952 2466 1034 2496 non
1080 2457 1239 2506 secuta,
1275 2456 1444 2508 propter
1489 2452 1790 2506 reparationem

164 2535 244 2566 non
278 2523 432 2572 datam,
468 2523 531 2567 vel
566 2523 715 2567 melius
749 2528 918 2580 propter
951 2523 1282 2577 reincidentiam,
1321 2538 1343 2563 «
1367 2514 1592 2565 lex‘utitur
1627 2532 1791 2577 praece-

166 2595 291 2650 ptivis
327 2592 465 2637 verbis
486 2609 507 2635 1>
549 2593 658 2652 (can.
694 2594 822 2648 2223,
853 2594 881 2652 ξ
915 2593 958 2651 3)
989 2593 1228 2652 puniantur
1255 2592 1382 2635 etiam
1411 2591 1652 2649 privatione
1686 2590 1792 2632 roris

165 2663 328 2706 activae
360 2668 399 2706 et
429 2664 626 2721 passivae
657 2670 697 2708 et
730 2664 800 2708 111⁰
833 2664 910 2708 sub
944 2664 1195 2718 conditione,
1218 2663 1256 2706 si
1275 2662 1521 2720 Superiores
1544 2661 1641 2709 sint,
1665 2660 1791 2702 eliani

167 2733 302 2792 officii.
337 2733 562 2778 Recolatur
595 2748 739 2779 norma
773 2747 864 2779 can.
899 2734 1026 2789 2223,
1049 2734 1077 2792 g
1116 2735 1129 2777 l
1168 2733 1346 2778 seilicet:
1376 2748 1397 2773 «
1422 2732 1461 2775 ln
1498 2733 1636 2788 poenis
1668 2730 1792 2786 appli-

167 2805 310 2849 candis
342 2805 468 2849 iudex
503 2808 645 2863 nequit
677 2818 852 2862 poenam
895 2805 1213 2849 determinatam
1258 2816 1424 2860 augere,
1460 2804 1535 2845 nisi
1568 2800 1794 2844 extraordi-

169 2877 283 2920 naria
321 2875 517 2920 adiuncta
560 2878 835 2933 aggravantia
870 2876 908 2919 id
944 2878 1174 2932 exigant».
1209 2873 1285 2918 Hie
1318 2885 1447 2917 canon
1487 2870 1794 2915 «societatibus
