1950 3313
162 160 228 194 134
622 159 705 192 Lm.
736 159 781 192 V.
810 179 822 184 -
851 159 959 193 PARS
985 159 1036 194 II.
1066 180 1079 185 -
1104 160 1162 195 De
1181 163 1319 205 poenis
1573 161 1666 198 Can.
1692 162 1785 198 2261

155 280 352 322 canonice
387 278 583 330 innodati,
619 283 986 334 praesumpserunt
1023 278 1084 322 vel
1121 285 1391 336 praesumunt
1414 280 1547 324 officia
1572 280 1786 325 celebrare

156 349 313 401 divina,
347 337 646 392 rationabiliter
691 351 843 404 poteris
875 348 1068 393 omnibus
1113 349 1326 395 beneficiis
1361 351 1654 396 ecclesiasticis
1695 365 1787 408 spo-

158 420 320 463 liare».
355 419 460 462 Hinc
495 421 532 461 in
566 418 718 462 Missali
754 419 871 463 Rom.
904 419 981 464 sub
1015 423 1075 463 tit.
1113 420 1216 465 «De
1249 421 1481 466 defectibus
1530 424 1568 465 in
1603 422 1788 466 celebra-

156 493 265 534 tione
298 490 676 545 occurrentibus»,
711 503 800 547 cap.
837 490 935 547 Vlll,
974 492 1068 535 «de
1117 492 1347 537 defectibus
1379 493 1659 550 dispositionis
1701 496 1786 537 ani-

158 574 248 604 mae
267 577 286 602 1)
325 563 383 604 sic
417 561 615 617 legimus:
655 577 678 603 «
702 562 734 604 1.
759 563 799 606 Si
833 565 968 620 quis...
1002 566 1430 608 excommunicatus...
1465 563 1669 608 celebret:
1694 577 1788 608 con-

157 633 240 675 ticit
289 632 455 688 quidem
504 633 834 689 Sacramentum,
877 634 947 677 sed
997 637 1244 691 gravissime
1289 640 1444 692 peccat,
1488 640 1571 679 tam
1620 640 1787 692 propter

158 702 516 758 Communionem,
561 716 684 761 quam
720 704 888 761 indigne
921 707 1060 760 sumit,
1104 717 1227 762 quam
1264 710 1431 762 propter
1463 708 1785 763 exequutionem

157 771 378 828 Ordinum,
412 787 518 832 quae
552 774 628 819 sibi
663 780 751 818 erat
785 775 1002 819 interdicta
1027 791 1065 817 ».

278 845 501 888 Persectius
533 847 730 902 exprimit
763 845 872 889 hunc
904 846 1094 889 effectum
1128 861 1219 889 can.
1252 849 1387 890 2261.
1422 873 1474 878 -—
1509 850 1534 901 ἓ
1566 851 1602 890 1.
1639 846 1785 890 Proin·-

156 915 275 958 belar
306 916 702 965 eoecomrmcm'catus,
741 921 781 960 ut
815 916 1038 972 plurimum
1073 930 1191 961 sacro
1231 918 1442 974 praeditus
1479 919 1638 969 ordine,
1672 918 1788 961 licite

156 986 437 1030 Sacramenta
471 989 593 1030 etiam
630 987 826 1044 Baptismi
861 1001 939 1031 non
974 988 1170 1032 solemnis
1192 1002 1240 1032 ac
1264 988 1529 1043 Matrimonii,
1564 995 1602 1032 e!
1636 989 1786 1032 Sacra-

154 1057 372 1115 mentalz'a,
406 1058 614 1116 quaelibet
656 1059 708 1102 dc
754 1073 795 1102 re
830 1062 1087 1116 permanenti
1123 1059 1323 1116 conficere
1355 1065 1393 1103 et
1427 1061 1572 1104 eadem
1608 1060 1787 1118 aliaque,

153 1142 260 1187 quae
294 1131 332 1172 in
367 1130 599 1173 actionibus
622 1130 718 1173 solis
741 1132 980 1185 consistant,
1005 1131 1267 1186 nn'm'strare,
1291 1134 1485 1189 quamvis
1516 1131 1594 1175 hoc
1627 1136 1786 1174 tantum

156 1201 239 1256 liat,
278 1214 314 1244 v.
349 1214 409 1257 gr.
462 1203 498 1243 in
533 1207 641 1244 ssma
675 1201 925 1245 eucharistia
975 1204 1264 1257 ministranda,
1297 1205 1395 1260 quin
1445 1204 1672 1259 attingatur
1715 1216 1788 1259 per

156 1270 265 1314 hunc
301 1271 606 1328 paragraphum
646 1272 836 1318 validitas
871 1275 1000 1329 ipsius
1032 1286 1198 1331 quoque
1231 1276 1479 1316 sacramenti
1507 1273 1786 1317 Poenitentiae

157 1342 220 1385 vel
246 1339 416 1387 Ordinis
439 1347 561 1400 atque
585 1345 886 1400 cuiuscumque
909 1344 1234 1387 sacramentalis.
1271 1344 1326 1387 lta
1351 1344 1521 1401 explicit
1552 1344 1630 1388 1106
1668 1357 1784 1400 prae-

156 1416 380 1469 scriptum:
424 1413 555 1456 salvis
588 1414 899 1471 eoeceptz'one'bus
933 1417 1042 1458 circa
1093 1414 1313 1459 liceitatem
1357 1420 1540 1468 actuum,
1575 1429 1682 1473 quae
1723 1428 1782 1457 se-

157 1489 343 1541 quantur
377 1487 414 1527 in
451 1490 627 1542 utroque
660 1485 716 1538 ἓ

276 1554 660 1611 lnterpretationein
696 1557 833 1599 datam
877 1556 917 1614 §i
953 1557 990 1599 2¹
1024 1556 1100 1600 sub
1134 1570 1291 1600 canone
1326 1557 1437 1600 2239
1471 1559 1691 1601 confirmat
1734 1571 1783 1600 ex

154 1626 343 1682 analogia
378 1629 465 1680 ἐζ).
493 1625 669 1681 Fideles,
696 1630 791 1684 quia
826 1627 864 1670 hi
902 1632 1059 1671 tantum
1096 1631 1157 1671 ius
1191 1627 1342 1672 habent
1374 1628 1424 1671 ad
1460 1633 1720 1672 sacramenta
1745 1633 1783 1671 et

154 1697 469 1740 sacramentalia
517 1699 794 1754 suscipienda,
828 1698 944 1742 salvo
989 1699 1255 1757 praescripto
1286 1698 1314 1757 ξ
1344 1701 1375 1743 3
1422 1704 1591 1756 propter
1639 1700 1783 1743 distin-

155 1771 332 1811 ctionem
380 1771 479 1811 iuris
524 1775 676 1825 praec.s
710 1772 815 1813 inter
848 1773 1232 1814 excommunicatos
1282 1770 1474 1814 toleratos
1506 1775 1546 1814 et
1581 1771 1785 1826 vitandos,

148 1844 327 1896 possunt
355 1841 391 1881 vi
428 1841 636 1895 praefatae
669 1840 912 1884 tolerantiae
935 1855 986 1884 eoe
1009 1841 1193 1898 qualibet
1216 1841 1345 1895 t'usta,
1369 1841 1495 1885 idest:
1529 1843 1786 1884 necessitatis

158 1909 219 1952 vel
256 1910 441 1953 utilitatis
475 1924 616 1964 causa,
651 1925 728 1954 non
765 1925 837 1968 pro
870 1912 1040 1955 arbitrio
1075 1912 1127 1955 ob
1160 1914 1602 1956 excommunicationis
1652 1925 1785 1968 respe—

156 1985 266 2024 ctum
312 1986 350 2023 et
397 1984 745 2025 excommunicati
796 1983 1164 2038 indispositionem,
1198 1982 1247 2025 ab
1290 1982 1647 2026 eoeconwmnicato
1696 1985 1784 2026 iure

157 2050 262 2094 latae
294 2055 522 2095 sententiae
555 2055 677 2095 etiam
712 2053 881 2109 speciali
920 2053 981 2096 vel
1015 2053 1313 2109 specialissimo
1353 2053 1473 2097 modo
1508 2054 1782 2096 Sacramenta

156 2121 362 2179 quaelibet
397 2128 434 2165 el
481 2136 770 2180 quaecumque
805 2124 1144 2167 Sacrameizlalia
1189 2130 1343 2182 petere,
1378 2127 1500 2167 etiam
1534 2122 1784 2167 ‘devotionis

156 2205 295 2245 causa,
329 2193 509 2235 maxime
541 2194 578 2235 si
611 2194 690 2236 alii
739 2194 927 2236 'ninistri
972 2194 1125 2248 desint,
1158 2208 1239 2251 quo
1288 2197 1326 2237 in
1360 2207 1456 2238 casu
1490 2195 1605 2238 deest
1653 2207 1781 2250 prava

157 2263 399 2319 indisposite
449 2265 631 2307 fortassis
675 2264 726 2308 ob
770 2267 1245 2308 excommunicationem
1289 2268 1539 2320 cooperatio,
1585 2270 1624 2308 et
1672 2271 1781 2315 tanc,

157 2334 282 2377 idest:
318 2334 393 2377 hac
428 2337 555 2390 posita
589 2335 839 2390 conditione,
868 2336 928 2378 vel
964 2349 1012 2379 ex
1050 2335 1117 2378 illa
1150 2348 1288 2389 causa,
1313 2336 1695 2379 ercommum‘calas
1717 2349 1781 2378 re-

155 2405 337 2462 quisitus
367 2411 503 2462 potes!
539 2406 661 2460 licite,
695 2406 745 2449 ad
781 2405 1099 2462 prohibitionem
1134 2406 1174 2464 ξι
1211 2419 1346 2462 praec.
1380 2407 1490 2464 quod
1515 2409 1675 2461 attinet,
1709 2407 1781 2450 sed

156 2488 234 2518 non
275 2481 449 2530 tenetur,
501 2478 574 2519 uisi
625 2481 771 2533 urgeat
813 2479 996 2520 caritatis
1045 2477 1109 2520 vel
1157 2479 1334 2520 iustitiae
1378 2477 1588 2533 obligatio,
1637 2477 1781 2520 eadem

155 2546 363 2589 declarata
403 2548 712 2590 «Sacramenta
747 2555 786 2591 et
818 2547 1181 2591 Sacramentalia»
1219 2547 1380 2604 singula
1415 2539 1676 2603 mamistrare,
1703 2561 1783 2591 non

154 2617 438 2661 Eucharistiae
471 2623 775 2661 sacramentum
815 2618 878 2662 vel
921 2618 1272 2662 sacramentalem
1319 2632 1402 2662 rein
1437 2619 1667 2672 conficere,
1711 2618 1780 2662 sed

154 2701 248 2731 cum
275 2702 323 2731 ex
361 2691 496 2745 priore
528 2689 569 2747 §¹
605 2694 718 2745 parte
757 2692 900 2732 «iusta
935 2702 1096 2733 causa»
1137 2689 1299 2745 petendi
1325 2689 1473 2733 debeat
1507 2694 1662 2743 extare,
1686 2688 1780 2733 sub-

157 2759 290 2803 ditur:
326 2773 455 2816 neqae
488 2759 576 2802 ulla
610 2762 732 2803 etiam
770 2761 969 2803 indirecte
1004 2765 1168 2803 tenetur
1190 2760 1445 2817 obliqalionc
1472 2762 1664 2817 quamvis
1699 2759 1779 2802 levi

156 2843 324 2872 causam
351 2844 374 2872 a
397 2830 639 2887 requirente
669 2830 960 2888 percontandi.
998 2831 1081 2873 lino
1115 2844 1380 2887 praesumere
1407 2836 1537 2887 potest
1562 2830 1672 2873 illam
1695 2832 1781 2873 exi-

153 2905 277 2957 stere,
312 2903 387 2944 nisi
422 2903 653 2958 oppositum
688 2904 724 2945 ei
758 2907 871 2945 certo
907 2904 1146 2945 innotescat.
