1950 3313
103 171 173 204 244
473 169 556 219 Lus..
580 168 624 200 V.
647 188 659 192 -
680 167 788 201 PARS
810 167 878 201 ΙΙΙ.
900 188 912 192 -
932 168 987 202 De
1000 171 1138 212 poenis·
1155 170 1199 202 in
1215 169 1354 203 delicta
1405 167 1498 203 Gan.
1525 167 1730 203 2345-‘2347

103 289 298 333 ordinum
330 287 594 330 eoeseeatione
614 300 685 330 seu
711 302 733 328 ((
755 286 806 331 ab
839 289 949 330 omni
977 291 1071 330 actu
1107 289 1316 343 potestatis
1349 287 1506 330 ordinis
1541 293 1730 344 receptae

105 374 176 417 per
209 359 511 402 ordinationem
534 373 554 399 »
578 357 630 402 ob
663 370 752 402 can.
779 357 905 409 2279,
931 359 955 411 ἓ
979 358 1017 411 ⁶2,
1043 358 1100 412 3⁰,
1135 358 1264 400 etiam
1293 363 1387 415 post
1421 357 1631 415 integram
1663 372 1730 400 sa-

104 429 386 488 tisfactionem
417 441 541 485 supra
587 430 826 486 requisitam
873 431 1042 485 praevie
1074 433 1113 471 el
1146 428 1448 472 absolutionem
1481 428 1533 472 ab
1564 442 1730 472 excom-

103 501 395 555 municatione,
427 499 507 554 sici,
543 501 701 542 ratione
749 499 1090 542 incardinationis
1130 499 1192 542 vel
1232 498 1402 542 alterius
1449 498 1730 551 subiectionis,

107 569 333 615 Ordinarii
364 568 544 613 arbitrio
577 570 711 627 quoad
748 574 911 626 tempus
943 569 1184 614 subeundae
1218 582 1388 626 poenae,
1422 571 1583 613 etiamsi
1612 570 1731 626 «per

102 641 268 685 modum
304 642 513 697 praecepti
558 645 674 684 extra
719 641 965 684 iudicium»
1005 640 1112 697 (can.
1150 641 1276 694 1933,
1309 642 1334 693 ξ
1367 639 1410 697 4)
1445 639 1731 698 suspendatur

98 725 227 769 poena
262 717 358 755 tunc
394 711 662 766 vindicativa,
697 717 735 755 et
774 727 795 753 ((
819 711 882 755 lex
920 714 1048 755 utitur
1083 711 1222 755 verbis
1256 713 1535 768 praeceptivis
1558 727 1578 752 »
1617 710 1726 768 (can.

100 784 229 838 2223,
262 786 287 838 ἓ
321 783 378 841 3).

220 855 314 900 188.
352 857 536 901 Contra
568 856 851 912 illegitimas
873 868 1034 900 rerum
1064 855 1509 900 ecclesiasticarum
1542 855 1726 900 aliena-

96 928 275 972 tiones.
300 952 352 956 —
381 924 480 967 Can.
515 926 654 981 2347.
690 922 836 967 Firma
870 923 911 981 a)
946 923 1147 966 nullitate
1179 929 1312 978 actus,
1345 923 1510 981 quando
1544 922 1645 966 haec
1678 925 1729 965 sit

94 1010 120 1040 a
153 1011 206 1040 ss.
238 996 466 1040 canonibus
510 995 573 1039 vel
618 995 719 1039 alias
761 995 945 1051 legitime
987 1000 1152 1049 statuta,
1185 1000 1224 1037 et
1262 993 1518 1051 obliqatione
1559 992 1728 1050 duplici,

93 1068 224 1111 eliam
255 1080 333 1125 per
365 1080 584 1109 censuram
617 1065 808 1124 uryeiida
839 1065 1068 1109 secundum
1104 1065 1217 1122 leges
1249 1070 1289 1109 et
1321 1067 1578 1109 auctoritatis
1615 1077 1726 1108 com-

95 1141 272 1196 petentis
314 1138 592 1195 prudentiam,
629 1136 669 1194 b)
706 1136 957 1180 restituendi
999 1135 1104 1180 boola
1141 1136 1363 1194 i'lleyiii'me
1394 1135 1618 1194 acquisita,
1651 1137 1729 1179 sci-

99 1210 220 1254 licet:
271 1222 364 1253 cum
414 1213 652 1252 contractus
701 1208 888 1252 nullitate
937 1213 1007 1251 aut
1054 1210 1295 1264 irritatione,
1331 1207 1370 1264 c)
1404 1222 1453 1250 ae
1494 1206 1729 1265 reparandi

92 1279 252 1323 damna
294 1278 406 1337 forte
448 1279 587 1334 illata,
622 1282 695 1322 etsi
735 1283 972 1322 contractus
1018 1278 1178 1322 validus
1220 1279 1396 1333 dicatur,
1430 1300 1485 1307 —
1519 1278 1591 1336 qui
1622 1277 1726 1321 bona

92 1351 396 1405 ecclesiastiea,
428 1351 613 1395 scilicet:
652 1350 955 1407 «temporalia,
987 1352 1077 1393 sive
1109 1349 1354 1406 corporalia,
1379 1355 1463 1392 tum
1499 1348 1726 1392 immobilia

96 1428 181 1466 tum
217 1422 398 1477 mobilia,
432 1425 521 1466 sive
565 1421 856 1479 incorporalia,
889 1433 998 1478 quae
1034 1420 1096 1464 vel
1130 1421 1179 1464 ad
1215 1420 1441 1464 Ecclesiam
1488 1422 1725 1463 universam

93 1499 136 1537 et
167 1494 217 1538 ad
252 1493 533 1551 Apostolicam
567 1493 715 1536 Sedem
755 1492 817 1535 vel
850 1493 901 1535 ad
935 1491 1058 1535 aliani
1094 1494 1132 1535 in
1169 1491 1350 1535 Ecclesia
1388 1503 1605 1547 personam
1641 1504 1725 1533 nio-

96 1564 225 1608 ralem
268 1567 545 1621 pertineant»
584 1563 690 1621 (can.
730 1563 854 1617 1497,
888 1564 916 1620 ξ
951 1562 1006 1620 1),
1041 1562 1082 1620 a)
1115 1562 1320 1616 alienare,
1354 1564 1406 1605 ita
1443 1567 1485 1605 ut
1517 1561 1726 1605 Ecclesiae

96 1638 159 1679 ius
192 1638 231 1678 in
266 1648 312 1679 ea
347 1634 451 1679 bona
475 1635 735 1678 deminutum
761 1636 939 1678 evaserit
964 1647 1036 1690 per
1059 1638 1331 1685 contractum,
1352 1632 1688 1690 praesumpserit
1713 1631 1725 1653 ¹

96 1707 205 1764 quod
242 1705 416 1750 verbum
462 1710 521 1749 est
562 1705 838 1762 supplendum
873 1718 923 1748 ex
958 1705 1260 1761 grammaticali
1306 1705 1613 1747 constructione
1650 1702 1726 1746 sub

97 1773 230 1820 littera
266 1776 307 1834 b)
341 1782 416 1820 aul
448 1777 490 1819 in
525 1776 580 1819 iis
613 1775 856 1819 alienandis
894 1789 1137 1818 eonsensum
1168 1774 1381 1832 praebere,
1420 1773 1634 1818 videlicet:
1669 1773 1725 1816 al-

94 1852 297 1891 terutrum
333 1852 479 1890 eontra
508 1847 780 1905 praescripta
813 1847 1031 1899 cair-534,
1063 1846 1092 1903 ξ
1127 1846 1140 1888 1
1175 1845 1228 1889 ibi
1263 1847 1529 1889 commentati
1563 1850 1602 1887 et
1634 1859 1723 1887 ecm.

95 1920 228 1973 1532,
254 1920 324 1976 qui
352 1922 656 1962 commentatus
691 1919 766 1960 fuit
790 1919 827 1960 in
853 1933 875 1958 «
898 1916 981 1960 Lib.
1015 1916 1080 1971 Ill,
1117 1916 1172 1959 De
1207 1915 1330 1959 rebus
1351 1931 1397 1970 »3
1422 1915 1727 1959 distribuuntur

95 2001 252 2045 poenae
286 1989 536 2045 infligendae
568 1993 692 2046 atque
717 1987 823 2032 latae
846 1990 1074 2031 sententiae
1099 1990 1212 2030 iuxta
1238 1986 1420 2030 valorem
1442 1988 1500 2029 rei
1523 1985 1726 2029 alienatae

94 2062 282 2118 sequenti
319 2060 468 2105 modo:
1397 2096 1399 2098 ,
1453 2064 1457 2066 “

213 2133 252 2173 1⁰
286 2131 331 2173 Si
373 2136 530 2188 ayatm·
567 2130 617 2173 de
656 2144 703 2173 re
736 2130 854 2173 cuius
884 2130 1067 2187 prelium
1102 2143 1183 2172 ozon
1216 2128 1378 2171 eoecedi't
1411 2127 1527 2171 mille
1560 2127 1726 2171 libellas

94 2214 241 2245 aureas
273 2215 322 2244 ex
358 2202 396 2245 S.
417 2201 583 2258 (longi-‚³
616 2201 937 2257 iurisprudentia
970 2213 1042 2243 seu
1077 2201 1254 2254 francos,
1287 2203 1358 2241 aut
1389 2198 1724 2255 aequivalentem

95 2275 134 2316 in
159 2275 340 2316 nummis
363 2273 453 2316 aliis
475 2285 697 2326 summam,
723 2277 819 2315 tuuc
842 2271 1040 2328 conyrm's
1060 2270 1208 2328 poenis
1231 2284 1255 2312 a
1279 2269 1466 2327 leyi'lz'mo
1499 2269 1726 2327 Superiore

94 2343 377 2386 eeclesiastico
421 2346 705 2401 unusquisque
753 2356 803 2386 ex
853 2331 1074 2398 praedictis
1122 2340 1458 2397 delinquentibus
1502 2340 1723 2397 puniatur.

95 2414 367 2471 Praeceptive
400 2427 528 2470 poena
564 2414 884 2457 indeterminata
917 2416 977 2455 est
1010 2424 1204 2468 expressa
1241 2411 1349 2466 (ean.
1385 2410 1513 2465 2217,
1545 2410 1573 2468 ἓ
1606 2410 1644 2465 1,
1685 2410 1723 2452 10

93 2490 133 2528 et
165 2497 257 2529 can.
294 2484 421 2540 2223,
454 2484 481 2543 ἓ
515 2484 571 2541 3).

213 2639 225 2660 1
252 2638 346 2672 Can.
375 2637 478 2671 2229.
504 2641 523 2679 ἓ
552 2640 581 2671 1.
614 2638 647 2670 A
672 2636 798 2671 nullis
835 2637 940 2670 latae
978 2634 1201 2670 sententiae
1238 2635 1375 2678 poenis
1414 2629 1642 2679 ignorantia
1671 2633 1724 2667 af-

92 2685 242 2720 fectata
267 2686 351 2720 sive
378 2685 479 2730 legis
505 2684 588 2719 sive
615 2684 737 2718 solius
763 2695 909 2729 poenae
935 2691 1111 2726 excusat,
1139 2681 1233 2715 licet
1266 2681 1331 2715 lex
1366 2682 1482 2716 verba
1507 2681 1553 2715 de
1579 2680 1723 2726 quibus

94 2734 137 2767 in
165 2736 184 2774 ξ
210 2734 231 2766 2
258 2732 473 2766 contineat.

216 2783 234 2821 ξ
259 2781 293 2813 2.
324 2779 365 2813 Si
391 2779 455 2813 lex
481 2778 624 2813 habeat:
650 2778 788 2812 verba:
811 2779 1137 2822 praesumpserit,
1159 2786 1281 2810 ausus
1298 2775 1434 2818 fuerit,
1451 2778 1625 2816 scienter,
1642 2777 1723 2809 stu-

94 2827 211 2867 diose,
242 2829 459 2868 temerarie,
480 2827 656 2860 consulto
681 2828 798 2870 eyerit
824 2825 950 2858 aliave
978 2823 1124 2858 similia
1149 2834 1247 2867 quae
1274 2824 1430 2868 plenam
1455 2822 1723 2867 cognitionem

96 2885 140 2907 ac
167 2874 489 2908 deliberationem
515 2873 700 2918 exigunt,
728 2872 928 2916 quaelibet,
955 2870 1279 2916 imputabilitatis
1306 2870 1533 2903 imminutio
1567 2870 1650 2904 sive
1677 2880 1724 2902 ex

97 2925 206 2964 parte
226 2921 456 2956 intellectus
476 2920 558 2955 sive
585 2931 633 2954 ex
659 2925 770 2964 parte
786 2919 1006 2953 voluntatis
1021 2918 1162 2952 eximit
1175 2930 1197 2951 a
1214 2917 1350 2962 poenis
1365 2917 1468 2952 latae
1484 2916 1720 2950 sententiae.
