1950 3313
92 128 102 138 l
126 155 197 189 256
498 153 584 186 Lm.
605 153 650 185 V.
673 172 685 177 -
705 152 815 186 PARS
832 152 905 186 111.
926 172 937 177 ·
956 152 1013 186 De
1026 155 1163 197 poenis
1182 155 1224 187 z'n
1242 153 1380 187 delicta
1541 132 1634 188 Gan.
1660 153 1753 188 2352

125 276 162 317 in
197 287 270 317 suo
303 286 455 330 genere
490 272 718 328 perfectum
752 271 982 315 secundum
1018 273 1309 328 proprietatem
1346 270 1569 314 verborum
1603 271 1748 328 legis»

124 345 232 402 (can.
271 343 416 400 2228),
448 342 695 400 plectuntur
728 345 767 385 vi
802 345 971 386 canonis
999 341 1121 386 buius
1154 356 1294 386 omnes
1330 344 1367 385 in
1413 341 1535 387 Conc.
1581 341 1754 387 Decreto

121 417 320 467 distincti,
354 414 538 472 qualibet
571 413 698 457 etiam
732 413 943 470 diym'tate
976 413 1078 457 laica
1115 413 1178 458 vel
1218 415 1497 458 ecclesiastica
1529 412 1753 472 fulyentes,

122 488 194 531 sed
234 502 253 528 «
277 487 316 530 S!
351 486 396 530 R.
431 484 476 528 E.
511 485 752 530 Cardinales
784 484 861 529 sub
895 484 1007 542 (hac)
1041 484 1131 541 lege
1164 484 1281 543 (qua)
1316 484 1476 542 poenali
1518 498 1598 528 non
1642 497 1752 527 com·

124 557 439 615 prehenduntur
461 572 483 597 »
521 556 570 600 ad
606 569 794 599 normam
829 568 919 600 can.
955 555 1083 611 2227,
1114 555 1142 614 ξ
1176 557 1214 607 2,
1249 556 1320 614 qui
1352 569 1514 614 quoquo
1546 554 1680 610 modo,
1714 568 1752 596 v.

122 643 182 685 gr.
218 630 354 680 minis,
391 629 455 681 νῆ,
482 632 592 671 metu
625 629 759 684 gravi,
791 629 1050 671 auctoritatis
1088 640 1175 681 usu,
1220 632 1370 685 coqant
1413 628 1591 684 proprie,
1625 626 1751 670 idest:

122 714 217 743 cum
252 700 415 755 effectu,
451 698 494 756 α)
528 698 615 741 sive
647 698 794 751 cirum,
828 700 897 756 qui
936 697 1091 741 «solus
1122 697 1347 754 baptizatus
1384 710 1543 741 sacram
1589 697 1751 740 ordina-

124 774 276 815 tionem
316 770 452 814 valide
486 772 675 826 recipit»
714 770 818 825 (can.
854 769 952 823 968,
986 768 1013 801 Q
1046 769 1098 824 l),
1132 767 1188 811 ad
1219 773 1375 811 statum
1399 767 1635 811 clericalem
1653 781 1752 825 ergo

129 856 247 900 «per
299 845 474 899 primam
517 841 662 885 saltem
707 845 964 883 tonsuram»
1002 842 1106 892 (can.
1143 839 1240 893 108,
1273 839 1302 897 ἓ
1336 839 1378 898 1)
1422 839 1753 897 amplectendum

126 916 304 970 proprie,
340 913 450 970 quod
484 912 568 956 dici
602 914 743 970 nequit
779 913 816 954 in
855 916 957 968 seq.s
990 909 1172 954 casibus:
1218 909 1259 967 a)
1309 926 1329 952 <c
1352 916 1395 954 ut
1436 913 1540 954 inter
1580 911 1753 955 ciericos

123 985 260 1029 denuo
294 984 576 1028 admittatur»
614 983 723 1040 (can.
749 981 866 1039 212),
894 982 957 1025 vel
983 981 1024 1039 b)
1053 997 1075 1022 ((
1099 985 1209 1024 metu
1234 984 1351 1038 gravi
1376 983 1562 1025 ordinem
1587 994 1750 1028 sacrum

126 1058 360 1112 recipiat»,
395 1054 461 1098 vel
495 1054 721 1106 ordinatus,
757 1055 827 1111 qui
861 1055 900 1111 c)
936 1058 1007 1096 aut
1043 1068 1063 1094 «
1088 1052 1139 1096 ab
1177 1053 1380 1109 Episcopo
1425 1053 1474 1096 ad
1519 1054 1753 1109 superiores

123 1127 291 1169 ordines
326 1126 589 1182 recipiendos
607 1130 780 1181 cogatur
802 1140 824 1165 ))
852 1125 1074 1168 adversum
1101 1131 1207 1170 cau.⁵
1231 1125 1329 1180 973,
1351 1127 1369 1179 ξ
1389 1124 1412 1167 2
1439 1125 1752 1180 praescriptum,

123 1196 167 1254 d)
202 1201 272 1240 aut
302 1197 352 1241 ad
390 1196 640 1239 manendum
678 1198 714 1238 in
747 1200 854 1239 statu
888 1195 1085 1250 clericali,
1126 1215 1140 1235 «
1172 1195 1234 1239 vel
1269 1195 1309 1252 e)
1333 1197 1530 1239 canonice
1558 1194 1750 1238 idoneum

124 1268 175 1312 ab
208 1268 353 1311 eodem
389 1272 495 1310 statu
530 1266 710 1311 clericali
745 1269 886 1319 (etiam
920 1266 1080 1324 coacte)
1114 1272 1371 1310 avertatur»
1399 1271 1541 1309 contra
1564 1277 1750 1309 normam

124 1345 232 1384 can.⁵
265 1339 362 1393 971,
398 1341 451 1382 ita
488 1342 531 1381 ut
562 1337 646 1381 sola
683 1339 857 1393 primam
893 1337 1016 1381 huius
1042 1340 1211 1381 canonis
1251 1342 1407 1394 partem
1450 1349 1644 1392 praesens
1686 1349 1750 1379 cu-

127 1412 243 1478 nonis
278 1412 577 1466 praescriptum
612 1410 817 1465 respiciat.
839 1434 892 1439 —
929 1409 1194 1466 Prosequitur
1226 1421 1377 1452 canon:
1412 1407 1598 1464 (supplet
1638 1423 1660 1448 «
1683 1409 1750 1465 qui

123 1494 290 1539 quoquo
326 1481 445 1523 modo
478 1479 697 1536 cogant»)
733 1479 880 1537 msice
911 1480 1047 1522 ‘vz'rzcm
1080 1482 1275 1523 omissum
1312 1482 1349 1522 iu
1374 1477 1659 1523 Conc.¹T1·id.¹
1683 1480 1750 1521 do-

124 1557 237 1595 creto
271 1557 345 1594 snat
378 1551 595 1594 mulierem
633 1553 897 1594 «invitam»
935 1557 973 1595 et
1006 1551 1234 1594 secundum
1269 1551 1575 1593 distinctionem
1609 1548 1662 1592 ibi
1687 1562 1753 1592 ox-

128 1636 325 1680 pressam,
359 1624 400 1679 a)
434 1621 489 1665 ad
521 1622 768 1680 reliyioaem
801 1622 1032 1679 quamlibet
1065 1624 1103 1664 in
1138 1634 1228 1665 can.
1264 1620 1751 1677 488,1⁰definitan12·n-

122 1693 399 1750 qrediemlam
435 1696 599 1750 proprie
624 1699 707 1736 tum
739 1710 757 1734 «
785 1693 989 1750 postulatu
1013 1709 1053 1747 )),
1080 1698 1162 1736 tum
1194 1708 1213 1734 ((
1238 1695 1440 1736 novitiatu
1463 1707 1486 1733 ))
1512 1691 1750 1747 singillatim

127 1769 237 1809 iuxta
274 1767 562 1821 inscriptiones
594 1767 775 1821 capitum
811 1763 823 1807 l
859 1768 898 1807 et
930 1763 964 1807 11
996 1764 1117 1807 Tituli
1153 1763 1207 1807 Xl
1236 1779 1254 1804 «
1279 1764 1329 1806 de
1353 1763 1603 1806 admissione
1626 1765 1664 1805 iu
1692 1775 1751 1806 re-

127 1837 320 1893 ligionem
347 1852 366 1877 ))
406 1835 491 1878 Lib.
527 1835 575 1889 ll7
610 1835 652 1893 b)
686 1834 750 1878 vel
772 1834 828 1878 ad
850 1828 1121 1878 emittendam
1143 1834 1371 1893 quamlibet
1393 1833 1635 1892 reliyiosam
1654 1847 1751 1891 pro-

124 1908 349 1966 fessionem
383 1909 623 1964 ceteroquin
658 1905 884 1950 invalidam
921 1908 1174 1962 praescripto
1207 1911 1315 1949 can}
1348 1905 1445 1959 572,
1478 1908 1503 1959 ἓ
1531 1907 1565 1958 1,
1585 1905 1642 1959 4⁰,
1670 1909 1751 1947 tam

125 1978 367 2022 sollenmem
403 1981 439 2021 in
475 1975 706 2023 Ordinibus
740 1991 864 2035 quam
895 1976 1125 2034 simplicem
1160 1979 1198 2019 in
1233 1976 1312 2019 illis
1353 1976 1414 2019 vel
1459 1974 1751 2032 Congregatio-

128 2049 259 2101 nibus,
296 2055 379 2092 lam
409 2054 658 2106 perpetuam
692 2051 729 2091 in
764 2047 827 2091 his
860 2061 984 2105 quam
1019 2047 1319 2106 temporariam
1352 2049 1390 2089 in
1425 2046 1617 2090 omnibus
1641 2058 1754 2102 prae·

125 2121 246 2164 dictis
281 2121 415 2163 forsan
453 2125 619 2176 propter
642 2121 840 2175 temporis
864 2121 1197 2175 prorogationem
1234 2120 1389 2174 praevii
1429 2118 1477 2160 ad
1509 2121 1750 2174 perpetuam

128 2192 421 2248 professionem
460 2193 570 2233 iuxta
605 2190 660 2247 ξω
695 2190 747 2232 2“”
782 2195 889 2233 can.⁵
923 2189 1018 2232 574.
1062 2215 1113 2220 ——
1148 2189 1252 2243 Quia
1292 2205 1314 2230 ‹<
1336 2201 1414 2231 non
1450 2187 1545 2231 licet
1577 2201 1749 2245 poenam

126 2263 178 2306 de
213 2274 385 2318 persona
419 2262 467 2304 ad
505 2274 720 2317 personam
760 2260 821 2303 vel
857 2260 907 2303 de
930 2273 1027 2303 casu
1051 2260 1101 2303 ad
1126 2272 1266 2303 casum
1294 2259 1535 2314 producere,
1561 2260 1753 2315 quamvis

129 2346 200 2390 par
233 2333 339 2376 adsit
374 2335 476 2376 ratio
500 2348 540 2386 )),
574 2334 744 2375 canonis
779 2333 1078 2387 praescriptum
1122 2343 1201 2373 non
1242 2329 1557 2386 comprehendit
1600 2330 1750 2386 profes-

126 2408 282 2449 sionem
317 2404 584 2448 emittendam
621 2407 658 2446 in
692 2402 959 2447 societatibus
992 2404 1267 2446 communiter
1293 2404 1521 2445 viventium
1553 2415 1665 2445 more
1690 2415 1751 2445 re-

128 2476 382 2533 ligiosorum,
417 2477 609 2532 quamvis
643 2487 769 2517 unum
804 2473 1036 2517 alterumve
1072 2477 1212 2516 votum
1247 2474 1449 2516 emittant.

243 2545 433 2603 Denique
465 2559 513 2588 eo
547 2545 654 2602 quod
684 2560 707 2586 c<
730 2547 766 2587 in
791 2543 942 2588 Codice
967 2543 1076 2586 nulla
1101 2544 1145 2586 lit
1170 2545 1379 2598 mentio‚...
1404 2548 1614 2600 tamquam
1634 2541 1750 2586 abro-

125 2622 221 2674 gata
274 2616 520 2660 habeatur»
570 2615 733 2660 Decreti
779 2614 1007 2658 Tridentini
1050 2613 1179 2657 altera
1225 2626 1332 2670 pars,
1377 2616 1415 2656 in
1459 2626 1538 2670 qua
1579 2628 1607 2654 ι(
1629 2613 1752 2656 simili

127 2701 292 2746 quoque
326 2686 580 2731 anathemati
614 2685 781 2729 subiicit
813 2683 1080 2741 (Concilium)
1114 2697 1195 2737 eos,
1231 2686 1298 2741 qui
1322 2688 1506 2728 sanctam
1533 2685 1754 2740 virginum,

131 2758 193 2801 vel
227 2759 403 2802 aliarum
439 2756 660 2800 mulierum
698 2756 966 2810 voluntatem,
1003 2755 1082 2798 veli
1117 2754 1362 2811 accipiendi,
1401 2754 1462 2797 vel
1511 2755 1591 2796 voti
1635 2756 1752 2797 emit-

128 2829 255 2883 tendi,
298 2841 464 2886 quoquo
513 2827 636 2871 modo
668 2829 756 2870 sine
799 2829 903 2870 iusta
947 2838 1070 2869 causa
1114 2825 1438 2881 impedierint».
1483 2823 1568 2866 Vim
1614 2828 1751 2869 autem

129 2913 206 2942 non
242 2901 380 2943 amisit
419 2898 530 2942 «lex
565 2900 666 2942 iuris
698 2898 830 2942 divini
872 2896 1113 2941 naturalis»
1162 2896 1270 2953 (ean.
1305 2896 1342 2950 6,
1379 2894 1455 2952 6⁰),
1497 2907 1578 2952 qua
1623 2894 1754 2938 tidelis
