1950 3313
673 169 714 193 lx
740 169 819 194 Hoc
846 160 1177 196 ComfflNTAmuM
1693 166 1735 199 51

233 278 277 321 3⁰
313 277 546 335 Presbyteri
581 280 692 322 iuxta
729 281 852 322 ritum
887 280 1158 324 ordinationis
1190 281 1430 338 Symbolum
1468 283 1737 339 apostolicum

112 349 353 393 solemniter
387 349 632 405 profitentur
665 354 885 407 antequam
931 352 1128 406 Spiritum
1173 352 1366 396 Sanctum
1403 353 1452 396 ad
1495 354 1737 397 remittenda

115 424 283 476 peccata
319 420 533 476 recipiant.

234 490 277 532 4⁰
310 488 509 533 Similiter
553 491 590 532 in
636 488 860 546 Episcopos
908 492 1179 535 consecrandi
1226 495 1262 535 in
1310 495 1436 549 ipsius
1481 496 1581 536 ritus
1625 496 1739 537 initio

114 562 226 604 iuxta
259 560 299 604 S.
336 559 478 604 Leonis
514 558 565 602 ix
599 559 840 616 Symbolum
890 575 960 617 per
1001 562 1167 605 modum
1213 565 1415 606 examinis
1460 564 1637 607 reddunt
1678 577 1737 607 ra-

112 633 265 675 tionem
296 630 405 683 fidei,
431 632 538 674 sicut
564 632 600 673 in
629 630 854 674 l'ontiticali
881 631 1065 675 Romano
1091 633 1399 689 praescribitur.
1425 633 1470 677 Et
1498 636 1734 692 priusquam

111 713 275 744 sacrum
313 702 509 743 viaticum
556 702 771 757 recipiant,
805 701 1035 744 secundum
1081 703 1403 745 (jaci-emoniatis
1439 703 1732 760 Episcoporum

113 769 322 814 rubricam
357 770 481 814 tidem
518 773 774 825 profitentur.

232 841 275 884 50
308 840 495 899 Denique
529 841 722 886 omnibus
746 848 887 886 notum
912 849 986 898 est,
1010 845 1118 901 quod
1156 847 1193 887 in
1227 858 1344 888 sacra
1370 845 1532 901 liturgia
1569 858 1735 889 iomana

112 912 267 969 pluries
297 914 347 955 sit
382 912 641 956 recitandum
676 913 967 970 Apostolorum
1001 915 1257 971 Symbolum
1288 918 1325 958 in
1372 916 1481 959 lioris
1514 918 1737 969 canonicis,

112 986 209 1027 item
244 985 283 1026 in
307 982 428 1027 Missa
460 997 627 1040 semper
652 983 751 1027 illud
775 989 899 1042 atque
918 985 1585 1043 Niceno-Constantinopolitanum
1614 999 1737 1043 quan-

112 1054 264 1112 doque,
287 1066 334 1098 ac
358 1054 527 1098 demum
569 1054 850 1111 «Symbolum
876 1055 1248 1102 Athanasianum...
1282 1057 1331 1100 ad
1369 1057 1545 1100 Primam
1574 1059 1610 1099 in
1638 1058 1737 1099 festo

112 1124 233 1168 Smae
265 1124 476 1168 Trinitatis
508 1129 547 1167 et
583 1127 620 1168 in
656 1124 896 1179 Dominicis,
933 1127 1220 1170 tantummodo
1254 1132 1340 1183 post
1387 1126 1657 1184 Epiphaniam
1701 1131 1737 1169 et

114 1195 381 1240 Pentecosten
417 1196 583 1253 quando
628 1195 678 1240 de
722 1199 781 1240 eis
826 1197 1149 1253 persolvendum
1194 1203 1252 1241 est
1292 1200 1488 1251 oliicium,
1522 1198 1635 1241 salva
1670 1211 1739 1240 ex-

111 1269 301 1323 ceptione
321 1266 377 1310 ›)².

229 1337 297 1381 46.
321 1340 395 1383 An
418 1340 749 1396 professionis
769 1340 887 1385 fidei
910 1342 1328 1397 praescriptiones
1353 1342 1620 1385 canonicae
1643 1341 1738 1385 sint

111 1411 441 1466 undequaque
473 1411 676 1466 sapiens
711 1413 963 1456 statutum.
1000 1437 1049 1440 ——
1091 1409 1286 1454 Rationes
1320 1412 1358 1452 in
1393 1412 1643 1453 contrarium
1683 1411 1738 1450 xi-

110 1480 310 1523 derentur
342 1485 576 1538 sequentes.
611 1479 729 1535 Nam,
773 1483 879 1524 sicut
912 1480 1134 1538 Apostolus
1176 1481 1275 1524 dicit
1308 1480 1429 1538 (Eph.
1465 1479 1527 1523 lv.
1565 1480 1623 1537 ὅ),
1658 1494 1739 1522 zena

112 1556 172 1593 est
214 1550 328 1607 fides.
372 1551 451 1595 Sed
496 1550 740 1608 Symbolum
776 1556 834 1595 est
871 1553 1071 1608 professio
1117 1552 1225 1596 tidei.
1268 1551 1376 1608 Ergo
1402 1554 1741 1595 inconvenienter

111 1621 290 1664 traditur
322 1620 539 1678 multiplex
573 1621 808 1678 symbolum
844 1634 891 1665 ac
927 1624 963 1664 in
999 1621 1226 1665 canonibus
1249 1621 1545 1678 praescribitur
1578 1621 1642 1678 (D.
1667 1620 1739 1663 Th.

113 1691 202 1735 loco
236 1691 429 1745 citando).

231 1762 470 1817 Praeterea,
495 1765 527 1807 si
551 1763 714 1807 dicatur
743 1765 781 1806 in
806 1762 1012 1818 Symbolis
1036 1776 1113 1806 non
1139 1765 1341 1807 contineri
1364 1763 1574 1807 diversam
1600 1762 1738 1811 tidem,

112 1835 455 1877 inconvenienter
489 1836 644 1877 iussum
689 1838 749 1877 est
791 1833 970 1877 diversis
1008 1833 1210 1890 symbolis
1256 1834 1454 1877 utendum
1491 1835 1528 1875 in
1562 1833 1739 1876 diversis

111 1904 290 1959 casibus,
314 1909 353 1948 et
386 1904 490 1948 adeo
524 1906 771 1960 necessario,
797 1909 838 1947 ut
875 1904 952 1960 legi
988 1906 1213 1948 canonicae
1248 1918 1324 1947 non
1359 1904 1544 1958 satisfiat,
1568 1905 1642 1946 nisi
1670 1916 1740 1959 per

111 1975 430 2019 determinatam
467 1975 702 2018 termulam.

231 2045 470 2098 Praeterea;
515 2047 760 2089 iniuriosum
806 2045 971 2089 videtur
1022 2047 1226 2102 profitenti
1272 2046 1410 2093 tidem,
1446 2045 1555 2103 quod
1601 2043 1652 2088 ab
1693 2057 1740 2087 eo

111 2118 304 2174 exigatur
336 2119 613 2160 iuramentum
639 2116 747 2174 quod
782 2116 906 2165 talem
942 2116 1065 2160 tidem
1102 2121 1237 2159 mente
1271 2119 1457 2171 retineat,
1483 2129 1530 2159 ac
1563 2117 1594 2159 si
1631 2128 1743 2157 men-

111 2187 278 2231 dacium
312 2187 416 2231 adeo
451 2189 729 2243 perniciosum
767 2186 889 2230 vellet
924 2187 1123 2244 proferre.

232 2258 472 2312 Praeterea,
496 2258 708 2314 superflue
735 2258 899 2301 videtur
923 2257 1106 2301 additam
1133 2257 1334 2301 formulae
1359 2258 1621 2314 professionis
1645 2255 1739 2298 tidei

112 2331 426 2385 promissionem
452 2329 607 2372 deiide
641 2328 857 2372 retinenda
892 2340 939 2372 ac
975 2331 1013 2371 in
1048 2328 1246 2372 subiectis
1268 2327 1553 2380 custodienda,
1588 2333 1625 2370 et
1650 2327 1740 2383 qui-

112 2398 206 2442 dem
229 2399 306 2443 sub
330 2401 577 2452 iuramento,
599 2399 765 2457 quando
791 2401 829 2441 in
857 2412 891 2442 c.
918 2398 941 2441 3
971 2414 991 2439 ((
1016 2399 1066 2442 de
1090 2397 1397 2442 cohabitatione
1421 2397 1665 2440 clericorum
1692 2408 1738 2439 ac

113 2468 336 2513 mulierum
357 2486 376 2511 »
408 2474 518 2514 vetat
541 2469 742 2524 Ecclesia,
765 2482 815 2513 ne
839 2482 860 2513 a
886 2469 1051 2513 clericis
1080 2468 1390 2513 concubinariis
1413 2470 1602 2524 exigatur
1633 2466 1743 2509 abiu-

113 2542 217 2584 ratio
250 2540 593 2584 concubinarum.

232 2610 272 2654 ln
306 2613 561 2655 contrarium
596 2611 715 2655 nobis
738 2612 889 2655 sufficit
913 2610 1126 2655 Ecclesiae
1150 2612 1393 2665 auctoritas,
1418 2610 1466 2652 de
1491 2622 1570 2665 qua
1597 2607 1744 2663 legitur

108 2682 266 2726 dictum
300 2693 323 2724 a
359 2681 562 2725 Domino:
602 2680 722 2735 «Qui
761 2695 833 2725 vos
864 2681 994 2737 audit,
1022 2694 1085 2724 me
1120 2681 1258 2729 audit;
1292 2685 1329 2724 et
1364 2682 1433 2737 qui
1471 2692 1541 2721 ios
1577 2679 1746 2734 spernit,

111 2765 178 2796 me
210 2754 369 2809 spernit
391 2770 406 2789 n
449 2751 566 2809 (Luc.
600 2765 635 2796 c.
672 2752 726 2796 ΞΟ
762 2766 799 2794 v.
838 2751 923 2809 16).

114 2917 136 2951 4
174 2872 238 2952 001
265 2869 618 2952 {ffagssgzubricae
645 2869 692 2904 ad
719 2881 893 2904 normam
922 2869 1053 2904 Const.
1085 2883 1102 2901 «
1120 2869 1266 2902 Divino
1293 2867 1432 2902 afflatu
1449 2879 1467 2900 ›
1496 2865 1574 2899 Tit.
1604 2864 1690 2899 VII.
1714 2864 1746 2898 3.
