1950 3313
636 162 721 195 Ti'r.
751 162 801 195 II.
835 181 847 187 -
878 162 934 196 De
960 162 1239 196 consuetudine
1686 162 1748 194 111

128 297 177 327 ex
215 282 289 326 boc
324 284 431 325 enim
469 283 554 337 ipso
582 280 774 323 videntur
797 280 1028 336 approbare
1053 280 1161 334 quod
1187 280 1442 323 consuetudo
1468 279 1693 322 introduxit
1716 298 1751 318 ».

131 353 255 396 Porro
289 355 326 394 in
364 351 474 394 Bulla
515 366 534 391 ((
555 350 777 393 Auctorem
815 351 908 393 lidei
936 367 954 391 »
987 350 1041 392 l'ii
1071 349 1116 392 ΥΙ
1144 350 1326 406 ¹legitur
1351 352 1387 392 in
1416 354 1475 392 n.⁰
1504 368 1518 386 «
1546 350 1582 392 ·.‘.
1609 349 1751 405 l'ropo-

127 426 233 476 sitio‚
269 436 374 480 quae
407 423 562 475 statuit,
598 426 837 477 potestatem
873 434 893 464 a
932 420 1013 463 Deo
1048 421 1184 464 (latam
1230 420 1454 474 Ecclesiae,
1495 425 1533 462 ut
1568 433 1751 462 commu-

130 497 340 538 nicaretur
375 491 624 549 pastoribus,
656 494 724 548 qui
759 497 853 534 sunt
885 494 973 534 eius
1007 494 1180 534 ministri
1218 505 1289 547 pro
1332 491 1462 534 salute
1496 493 1752 535 animarum:

128 568 185 609 sic
221 564 440 610 intellecta.
477 568 517 606 ut
552 576 572 606 a
597 566 894 606 communitate
929 563 1110 606 tidelium
1149 565 1185 604 in
1225 568 1407 618 pastores
1440 563 1654 604 derivetur
1687 575 1750 604 ec-

128 636 344 679 clesiastici
381 636 594 677 ministerii
631 647 677 677 ac
714 636 926 689 regiminis
971 638 1169 690 potestas3
1206 632 1411 676 haeretica
1436 649 1472 674 ».
1511 631 1614 675 Huic
1655 646 1754 687 ergo

130 705 383 750 damnationi
419 717 466 748 ac
502 707 710 761 praelatae
745 704 959 747 doctrinae
1003 709 1198 746 consonat
1244 718 1336 747 (τινι.
1368 706 1441 746 25.
1491 702 1753 745 Consuetudo

128 779 221 820 facti
259 776 298 818 ιή
324 775 515 819 Ecclesia
539 788 619 833 qua
653 778 849 819 societate
886 775 961 817 rim
988 774 1092 830 leqis
1115 774 1325 830 obligandi
1350 774 1399 817 ad
1426 773 1579 830 aliquid
1608 775 1754 816 t'acicn·

126 847 225 890 dum
264 847 326 889 vel
352 847 643 898 omittemlum,
670 848 866 888 irritantis
888 859 1054 903 quoque
1078 850 1215 888 actum
1241 847 1493 887 contrarium
1541 844 1601 885 tol
1645 846 1754 886 inlia-

128 917 324 961 bilitantis
354 930 588 973 personam,
626 932 650 958 u
690 930 891 959 consensu
933 916 1054 958 idest:
1090 921 1183 958 actu
1226 915 1449 957 voluntatis
1487 913 1753 970 approbantis

125 988 483 1037 consuetiulinem,
507 990 596 1030 sive
620 1000 841 1043 expressus
864 989 929 1040 sit,
952 989 1041 1029 sive
1067 988 1228 1033 tacitus,
1253 988 1342 1028 sive
1376 985 1520 1028 saltem
1549 998 1754 1041 praesum-

128 1064 218 1116 ptus
242 1059 512 1116 competentis
537 1058 779 1116 Superioris
817 1056 1093 1099 ecelesiastici
1130 1058 1312 1112 supremi
1355 1070 1426 1111 pro
1466 1058 1658 1098 universa
1686 1055 1756 1098 Ec-

126 1130 264 1181 clesia,
299 1127 510 1173 Ordinarii
537 1128 768 1184 legislativa
795 1132 994 1184 potestate
1028 1127 1200 1183 praediti
1235 1127 1370 1183 quoad
1403 1126 1600 1169 ecclesias
1631 1127 1752 1181 parti-

126 1201 303 1254 culares,
329 1200 448 1243 amice
485 1199 653 1243 oblinet.
695 1198 795 1242 Nam
837 1200 1014 1240 «omnis
1057 1197 1120 1240 lex
1163 1199 1438 1253 proficiscitur
1476 1196 1628 1254 (quoad
1673 1199 1752 1238 rim

126 1274 228 1325 eius)
261 1284 282 1314 a
309 1273 466 1314 ratione
490 1275 529 1313 et
555 1270 766 1313 voluntate
792 1268 1038 1325 legislatoris
1066 1285 1082 1307 n
1113 1270 1139 1310 2.
1179 1268 1252 1310 l'er
1275 1270 1505 1310 exteriores
1536 1282 1631 1309 vero
1657 1267 1757 1310 mul-

126 1342 313 1385 titudinis
335 1346 450 1385 aetus
476 1340 768 1396 multiplicatos
793 1341 999 1396 practicus
1024 1341 1192 1382 rationis
1215 1343 1439 1395 conceptus
1462 1351 1533 1380 seu
1553 1338 1755 1380 ordinatio

128 1415 296 1456 rationis
320 1412 608 1456 efficacissime
642 1410 880 1453 declaratur
919 1410 1023 1454 bene
1060 1410 1372 1452 determinatus.
1409 1408 1516 1465 Ergo
1554 1411 1585 1451 si
1621 1409 1753 1451 eidem

126 1483 298 1528 accedat
345 1482 593 1539 legislatoris
636 1486 752 1525 actus
799 1481 1022 1524 voluntatis
1064 1482 1353 1536 cognoscentis
1391 1492 1438 1523 ac
1476 1479 1761 1536 approbantis.

128 1554 226 1597 nihil
263 1554 377 1597 deest
413 1558 456 1596 ut
489 1553 765 1605 consuetudo,
807 1565 913 1609 quae
956 1554 993 1594 in
1041 1551 1118 1594 illis
1161 1553 1439 1594 exterioribus
1484 1550 1758 1593 multitudinis

128 1623 289 1667 actibus
322 1626 520 1678 consistit,
559 1626 640 1665 vim
678 1623 779 1679 legis
812 1622 973 1666 habeat.

245 1693 478 1750 Expressus
511 1707 740 1737 consensus
773 1698 833 1736 est
867 1706 960 1736 eum
997 1697 1236 1748 competens
1273 1693 1470 1748 Superior
1513 1691 1757 1735 eeclesiasti-

129 1778 202 1808 cus
235 1767 425 1808 conscius
458 1769 517 1807 est
551 1764 602 1807 de
637 1764 775 1820 populi
810 1763 1009 1817 moribus,
1042 1776 1194 1820 eosque
1219 1765 1394 1819 positive
1416 1761 1617 1819 approbat
1639 1764 1761 1817 signo

128 1836 267 1894 aliquo
292 1841 478 1879 externo.
503 1835 668 1879 Tacitus
691 1849 784 1878 cum
810 1836 1021 1890 cognoscit
1052 1836 1206 1891 optime
1239 1834 1551 1877 consuetudinis
1584 1835 1758 1876 existen-

130 1910 242 1961 tiam,
277 1920 455 1964 eamque
488 1906 650 1950 silentio
685 1909 896 1962 praeterit,
929 1919 1022 1949 cum
1060 1910 1192 1962 posset
1233 1910 1368 1948 tamen
1413 1907 1501 1947 sine
1544 1906 1661 1960 gravi
1699 1906 1754 1946 in-

129 1980 393 2021 convenienti
430 1990 520 2021 eam
558 1977 791 2034 repudiare.
825 1976 939 2019 'l'unc
973 1979 1081 2019 enim
1120 1976 1227 2019 valet
1263 1990 1347 2032 reg.
1383 1977 1483 2018 iuris
1527 1975 1579 2017 423
1625 1977 1662 2017 in
1699 1973 1756 2016 6⁰.

135 2065 154 2089 ((
179 2046 258 2101 Qui
295 2053 413 2103 tacet,
449 2050 684 2091 consentire
722 2048 946 2091 videtur».
980 2046 1212 2090 Consensus
1250 2047 1429 2103 denique
1470 2050 1758 2102 praesumptus

133 2119 194 2162 vel
230 2119 375 2176 legalis
407 2119 561 2162 dieitur
594 2118 661 2162 ille
694 2132 776 2176 quo
809 2120 1039 2174 generatim
1080 2117 1290 2173 legislator
1323 2117 1504 2159 admittit
1536 2121 1755 2159 consuetu-

128 2189 247 2233 dines
281 2191 455 2243 futuraS‚
487 2192 681 2247 quamvis
715 2194 900 2245 tempore
942 2202 1024 2246 quo
1065 2188 1317 2231 inducuntur
1361 2190 1522 2244 ignoret
1560 2186 1755 2243 singulas.

129 2259 375 2304 Huiusmodi
411 2273 657 2304 eonsensum
693 2262 905 2303 continent
938 2272 1028 2302 can.
1064 2259 1204 2301 27-29.

250 2331 317 2375 87.
368 2331 649 2377 Subiectum
703 2328 1069 2377 consuetudinis
1122 2331 1240 2375 iuris
1278 2331 1438 2372 eruitur
1485 2343 1532 2371 ex
1585 2330 1759 2384 paritate

129 2414 222 2444 cum
264 2401 368 2458 lege,
402 2405 521 2446 euius
558 2404 639 2444 vim
677 2406 888 2444 mutuatur
923 2401 988 2443 illa
1023 2400 1294 2444 consuetudo.
1330 2399 1436 2443 Hinc
1469 2401 1522 2443 ait
1557 2413 1648 2440 ean.
1682 2402 1755 2440 26.

134 2470 419 2515 Communitas
461 2475 551 2516 sive
601 2486 773 2529 persona
824 2471 991 2515 moralis
1039 2470 1270 2528 collegiatis
1302 2473 1368 2524 sit,
1400 2473 1489 2513 sive
1525 2481 1617 2516 nou,
1653 2482 1760 2525 qmw

129 2541 234 2599 leyis
257 2542 566 2586 ecclesiasticae
599 2543 674 2587 sibi
712 2545 903 2600 propriae
937 2542 1084 2585 saltem
1113 2541 1379 2599 recipiemlue
1408 2546 1600 2597 tanquam
1627 2538 1757 2582 subie-

129 2618 193 2657 cta
227 2613 362 2656 eidem
388 2627 524 2670 capam
546 2619 621 2664 est,
647 2614 775 2657 multo
803 2616 934 2670 magis
957 2616 988 2655 si
1024 2625 1115 2656 eam
1156 2614 1262 2655 serre
1302 2613 1424 2654 etiam
1453 2615 1596 2666 potest,
1625 2624 1660 2650 v.
1696 2623 1757 2664 gr.

129 2686 354 2740 capitulum
391 2685 525 2741 quoad
564 2688 726 2741 propria
751 2689 918 2738 statuta,
945 2697 1036 2727 nam
1067 2686 1171 2727 sicut
1200 2682 1326 2726 verbo
1353 2682 1531 2725 liumano
1565 2680 1626 2723 rel
1662 2682 1760 2722 scri-

131 2760 249 2812 ptura
285 2759 415 2811 potest
450 2755 517 2798 illa
541 2755 734 2810 condere,
760 2755 938 2811 idipsum
964 2768 1128 2811 quoque
1153 2756 1301 2810 poterit
1335 2766 1406 2808 per
1438 2756 1552 2794 actus
1579 2752 1757 2793 maxime

249 2907 259 2928 1
287 2906 332 2940 ‘28
358 2906 462 2950 Aug.
494 2906 596 2940 1794.
626 2925 666 2931 —
694 2905 707 2927 2
734 2905 781 2939 D.
811 2905 882 2938 Th.
912 2905 983 2938 loc.
1015 2904 1082 2938 eit.
1111 2915 1214 2947 corp.
