1950 3313
88 174 184 211 can.
211 173 417 209 2299-2300
537 174 622 208 Trr.
651 175 721 208 [X.
751 196 762 200 -
790 176 845 210 De
869 180 1002 220 poenis
1031 180 1276 214 vindicatiois
1643 180 1708 213 183

88 294 326 351 praedictis,
359 292 502 351 aliquo
538 298 698 336 tamum
732 295 967 339 ministerio
1001 311 1087 339 rum
1129 297 1272 340 iisdem
1300 304 1464 354 propter
1486 299 1709 356 ‹piodcnm-

89 378 170 422 que
204 367 406 408 motivum
442 364 675 421 coniuncto,
707 379 769 409 er.
802 379 865 422 qr.
900 367 1135 410 ministerio
1166 368 1457 424 praedimmli,
1487 368 1707 425 confessio-

89 449 162 478 ues
195 434 412 482 audiendi,
446 439 536 484 ete,
571 447 648 477 non
684 435 853 478 excluso
879 439 1103 479 ministerio
1130 441 1395 494 participatae
1419 439 1711 481 iurisdictionis

94 505 156 549 vel
191 507 560 550 administrationis
592 505 913 559 ecclesiasticae,
948 509 984 549 in
1023 521 1193 563 poenam
1228 508 1296 565 (de
1330 508 1478 565 quibus
1502 522 1606 551 iinnc
1631 511 1712 563 agi-

90 577 175 635 tur)
215 575 446 635 prohiberi,
492 578 587 633 quia
640 579 910 619 ministerium
955 578 1005 619 de
1051 582 1258 633 potestatis
1306 582 1502 622 exercitio
1547 582 1708 635 proprie

89 649 256 702 dicitur,
293 646 349 690 ad
381 652 539 690 certum
569 653 754 704 tempus:
787 661 864 690 non
899 653 1034 691 autem
1072 648 1164 691 liinc
1190 650 1629 706 imleterminatc,quia
1655 652 1707 691 in·

87 720 233 764 dueret
266 721 466 762 rationem
509 730 724 772 censurae,
763 732 836 761 nec
871 721 908 761 in
946 724 1202 775 perpetuum,
1236 722 1330 776 quia
1365 720 1454 762 talis
1488 719 1705 776 prohibitio

89 793 152 834 ius
183 792 418 847 attingeret,
452 802 499 833 ac
533 789 732 833 incideret
765 788 841 832 sub
874 789 931 832 n.⁰
966 790 1009 831 40
1046 790 1328 846 praecedentis
1361 793 1540 833 canonis.

210 861 380 918 Propter
413 862 613 903 motivum
649 859 751 916 legis
773 859 1077 903 ecclesiasticae
1110 860 1217 917 (can.
1254 860 1330 902 9Ἶί
1368 860 1395 914 ξ
1431 861 1483 916 t),
1516 874 1593 917 qua
1624 876 1641 899 «
1670 866 1708 903 ut

89 935 182 991 quis
226 931 336 975 licite
380 931 563 974 ordinari
609 933 734 987 possit
775 933 1074 988 requiritur:...
1110 931 1169 973 7.⁰
1203 930 1359 973 'l'itulus
1402 933 1634 980 cationicns,
1677 933 1707 972 si

88 1008 236 1060 agatur
269 1003 320 1046 de
353 1001 569 1046 ordinibus
602 1001 885 1056 maioribus»,
912 1001 1006 1044 inde
1031 1001 1160 1057 logice
1189 1002 1415 1044 derivatur.
1440 1002 1546 1057 (prod
1572 1003 1710 1043 statuit

89 1077 114 1129 ξ
144 1075 189 1118 3.
223 1073 378 1131 Nequit
410 1072 587 1115 clericus
618 1072 797 1129 privari,
822 1086 892 1115 seu
928 1071 1028 1115 haec
1064 1085 1140 1114 non
1175 1074 1400 1114 sustinetur
1423 1076 1614 1127 tanquam
1644 1084 1708 1113 xa-

91 1145 187 1200 lida,
221 1143 415 1201 beneficio
439 1149 513 1186 aut
531 1143 746 1202 pensione,
764 1155 811 1186 ac
835 1144 1037 1185 omittitur
1063 1145 1368 1199 patrimonium,
1396 1147 1532 1198 tttpotc
1554 1144 1708 1197 privata

90 1216 230 1260 elerici
268 1217 512 1272 proprietas,
547 1214 665 1257 euius
701 1213 824 1257 tilulo
858 1213 1081 1256 ordinatus
1103 1212 1202 1270 fuit,
1236 1213 1320 1255 uisi
1343 1212 1550 1256 Ecclesiae
1585 1215 1710 1255 inten-

90 1292 176 1331 tum
212 1300 260 1330 ex
296 1289 420 1330 citata
454 1285 545 1343 lege
577 1285 739 1329 salvum
774 1287 839 1339 sit,
874 1285 910 1327 id
948 1289 1030 1328 est:
1071 1283 1244 1326 aliunde
1281 1297 1316 1325 r.
1350 1297 1411 1340 gr.
1456 1288 1620 1339 propter
1664 1283 1713 1325 le-

89 1360 248 1402 ctiones
281 1359 319 1400 in
353 1356 584 1401 Seminario
608 1355 820 1400 habendas
846 1355 908 1398 vel
943 1354 1061 1398 aliter
1084 1354 1173 1397 eius
1197 1353 1395 1397 honestae
1416 1353 1714 1395 sustentationi

87 1427 381 1488 provideatur,
406 1428 469 1472 vel
497 1441 570 1484 per
594 1431 726 1484 ipsum
752 1427 932 1471 iudicem
957 1430 1028 1469 aut
1061 1438 1132 1482 per
1155 1422 1439 1477 Ordinarium‚
1462 1423 1575 1466 salt-o
1596 1437 1714 1480 prae-

88 1500 247 1559 scripto
279 1514 370 1542 cau.
404 1500 532 1542 „9303
565 1498 801 1542 huiusmodi
837 1499 1110 1554 privationem
1145 1498 1372 1546 statuentis,
1406 1497 1503 1552 quin
1537 1492 1712 1538 Ordina-

91 1574 177 1614 rius
209 1573 299 1614 iure
332 1575 506 1627 cogatur
539 1570 587 1613 ad
625 1569 734 1612 illam
772 1570 1067 1625 provisionem,
1101 1569 1182 1610 imo
1215 1571 1253 1610 et
1296 1579 1383 1609 can
1417 1568 1556 1618 3304,
1592 1577 1715 1622 quan-

90 1643 228 1700 doque
261 1643 500 1685 excusantis
541 1639 593 1684 ab
637 1639 704 1683 illa
739 1639 1014 1696 providentia,
1054 1650 1178 1695 quam
1217 1634 1504 1681 «Oi-dinarius
1537 1649 1608 1692 pro
1641 1649 1711 1678 sna

90 1716 262 1757 caritate
295 1725 486 1756 curare»
526 1713 564 1754 in
599 1711 668 1754 illo
701 1713 768 1754 cit.
803 1723 961 1754 canone
994 1709 1245 1753 decernitur,

212 1783 307 1827 133.
345 1785 417 1830 De
451 1784 729 1840 privatione
761 1783 825 1827 ad
857 1785 1050 1837 tempus
1084 1781 1282 1825 habitus
1315 1780 1633 1824 ecclesiastici
1657 1779 1713 1819 sic

89 1855 277 1899 decernit
309 1868 399 1898 ean.
433 1855 560 1897 2300
592 1866 719 1910 agens
757 1855 889 1909 primo
923 1852 973 1895 de
1005 1853 1154 1904 causis,
1188 1862 1293 1906 quae
1316 1850 1364 1892 ad
1401 1862 1489 1892 eam
1527 1849 1711 1904 infligen-

90 1926 185 1970 dam
221 1926 457 1969 iudicantur
489 1924 753 1968 sufficientes.
790 1922 835 1965 Si
867 1921 1044 1965 clericus
1076 1920 1264 1978 quilibet,
1297 1920 1367 1963 sed
1404 1921 1643 1976 praesertim
1675 1920 1711 1960 in

89 1999 232 2052 sacris,
267 1999 361 2054 quia
401 1996 622 2040 «clericus
655 1996 788 2037 minor
830 1993 879 2037 ad
914 1997 1064 2036 statum
1106 1991 1292 2035 laicalem
1319 1991 1459 2034 reduci
1487 1994 1714 2032 mereretur

25 2115 28 2118 Α
89 2067 303 2114 Ordinarii
337 2067 550 2111 decreto»
588 2066 638 2109 ad
673 2077 860 2108 normam
896 2076 985 2107 can.
1022 2063 1120 2116 G2¹11,
1151 2062 1179 2120 ἓ
1214 2062 1252 2104 ⁶2,
1287 2062 1326 2106 Si
1362 2074 1461 2117 ergo
1495 2060 1562 2103 ille
1591 2075 1610 2099 «
1634 2059 1711 2103 cle-

90 2142 244 2183 ricus»
282 2137 323 2195 a)
354 2137 505 2196 yravia
537 2135 741 2179 scaudala
773 2133 973 2193 praebeat
1005 2147 1054 2177 ex
1090 2133 1211 2176 modo
1257 2132 1425 2175 vivendi
1473 2130 1534 2174 vel
1569 2144 1618 2173 ex
1644 2130 1712 2173 de-

92 2210 212 2265 lictis,
247 2208 289 2267 b)
323 2214 361 2252 et
398 2207 579 2251 monitus
612 2221 691 2250 uou
724 2194 949 2264 resipiscat
983 2216 1134 2261 pravos
1168 2216 1302 2246 mores
1338 2202 1547 2253 mutand0,
1581 2200 1620 2257 c)
1646 2214 1716 2242 nec

88 2280 339 2324 scandalum
372 2279 467 2323 inde
501 2279 710 2335 profluens
743 2281 867 2334 queat
900 2275 1029 2318 aliter
1062 2274 1287 2331 prudenter
1320 2287 1365 2317 ac
1391 2275 1478 2316 iure
1500 2271 1715 2320 removeri,

90 2352 142 2396 de
164 2364 246 2409 quo
270 2350 395 2394 iudex
420 2352 458 2393 in
492 2351 695 2393 sententia
730 2348 987 2404 pronunciet,
1016 2350 1154 2404 potest
1186 2344 1371 2390 iuterim.
1408 2343 1535 2386 idest:
1571 2342 1717 2398 perdu-

92 2428 208 2466 rante
239 2420 422 2466 scandali
458 2421 622 2474 effectu,
653 2417 822 2476 privari
858 2417 952 2460 iure
990 2414 1210 2474 deserendi
1244 2413 1428 2457 lealn'tum
1466 2411 1714 2455 eeclesiasti-

92 2506 197 2543 ωιτη,
231 2496 365 2549 prouti
401 2491 502 2535 baec
536 2503 665 2548 poena
698 2494 758 2533 est
791 2487 1000 2532 declarata
1047 2489 1084 2529 in
1128 2498 1218 2529 can.
1250 2486 1377 2538 2298,
1422 2498 1458 2526 n.
1483 2484 1549 2533 9⁰3
1594 2486 1715 2538 atque

92 2563 376 2607 decernuntur
398 2562 568 2606 eftectus
591 2560 755 2604 iuridici
781 2550 936 2616 poenae
961 2556 1183 2610 liuismodi,
1204 2555 1379 2599 addente
1403 2566 1581 2597 canone:
1611 2565 1715 2608 quae

88 2633 288 2692 privatio,
312 2632 411 2676 dum
430 2632 654 2691 perdurat,
676 2629 899 2687 seeumfert
925 2631 962 2670 vi
989 2627 1109 2671 liuius
1131 2629 1302 2670 canonis
1330 2627 1371 2678 a)
1392 2623 1710 2680 prohibitionem

92 2703 307 2761 poenalem
346 2702 569 2746 eseereeudi
600 2701 840 2745 ministeria
873 2698 1042 2757 [μιαροῖς
1075 2696 1358 2740 ecelesiastica
1394 2697 1547 2737 ratione
1579 2694 1712 2735 cuius-

92 2775 191 2820 libet
223 2777 448 2833 potestatis‚
481 2787 529 2818 ac
564 2774 806 2829 praesertim
841 2771 1010 2823 ordinis,
1035 2774 1073 2811 e!
1109 2767 1150 2823 b)
1172 2766 1449 2824 privationem
1477 2762 1716 2822 pririleqio·

89 2860 186 2889 rum
218 2844 496 2899 clericalium,
528 2857 635 2902 quae
670 2846 952 2886 memorantur
985 2842 1023 2882 in
1058 2850 1146 2882 can.
1178 2837 1377 2881 tto-112.
1403 2836 1595 2892 quamtis
1627 2844 1716 2875 can.

93 2917 176 2961 123
205 2917 353 2961 horum
388 2917 652 2960 amissionem
687 2915 822 2957 edicat
857 2926 907 2956 ex
946 2911 1223 2967 «privatione
1258 2911 1452 2963 perpetua
1479 2906 1577 2947 iuris
1610 2902 1717 2945 det'e-
