1950 3313
211 164 232 196 2
672 159 757 193 Lm.
787 158 832 191 V.
862 178 874 182 -
901 157 1011 191 PARS
1036 157 1067 190 Ι.
1097 177 1109 182 -
1136 157 1192 192 De
1217 159 1369 192 delictis

211 295 258 324 ex
296 279 481 336 pluribus
515 292 561 321 ac
594 278 829 321 successive
863 275 1062 318 ordinatis
1085 275 1245 319 actibus
1268 278 1587 329 servandorum,
1611 279 1655 317 ut
1685 279 1838 318 veritas

212 352 412 394 factorum
447 362 493 391 ac
529 353 636 390 recta
661 359 865 389 canonum
890 345 1111 402 applicatio
1143 345 1425 402 singularibus
1457 345 1621 389 casibus
1652 344 1835 388 obtinea-

212 425 286 463 tur.
312 424 511 476 quantum
537 418 716 459 humana
739 415 919 459 conditio
944 429 1064 459 nosse
1087 408 1194 459 sinit.
1230 415 1307 459 Sed
1344 415 1542 464 Ecclesia,
1568 417 1625 458 uti
1659 417 1838 458 societas

212 492 403 546 perlecta,
439 488 591 545 pollere
625 486 747 530 debet
781 486 846 529 illa
881 486 1036 529 efficaci
1083 491 1282 542 potestate
1315 487 1364 529 ad
1403 485 1479 529 boc
1513 488 1759 533 necessaria,
1794 490 1837 529 ut

209 563 296 603 eius
329 559 527 607 membra,
562 570 667 614 quae
701 557 885 599 ordinem
922 553 1223 599 statutum‘non
1248 561 1419 600 servant
1442 559 1513 611 sic,
1540 557 1697 599 utfinis
1733 555 1834 599 mul-

209 635 291 673 tum
329 629 584 685 periclitetur
615 630 704 670 sive
738 629 774 669 iu
811 629 869 669 eis
901 627 1074 683 singulis
1110 632 1278 683 propter
1312 627 1679 670 sanctificationem
1716 639 1837 683 quae·

210 701 392 749 rendam,
426 702 514 742 sive
548 701 585 740 in
620 697 710 741 aliis
746 702 911 753 propter
934 697 1175 740 scandalum
1205 697 1266 741 vel
1293 697 1449 740 ordinis
1483 697 1646 741 socialis
1680 702 1834 753 pertur-

210 771 428 817 bationem,
463 782 612 825 cogere
645 772 767 826 queat
803 768 893 810 illos
927 767 1069 810 tideles
1104 767 1273 824 physice
1311 767 1373 810 vel
1417 767 1640 821 moraliter,
1673 767 1723 810 ad
1758 767 1836 811 hoc

209 847 263 894 ut,
297 841 405 898 quod
440 844 585 895 sponte
619 840 794 896 exsequi·
828 830 889 881 vel
926 840 1116 880 omittere
1151 837 1307 887 nolunt,
1333 837 1482 881 saltem
1509 837 1560 881 ob
1584 838 1720 881 damni
1745 837 1834 882 sub·

204 912 327 955 eundi
362 913 551 954 timorem
586 910 663 953 sibi
699 913 882 965 pareant,
925 908 987 951 vel
1021 908 1465 957 subeundodamnum
1501 909 1662 952 discant
1697 911 1769 965 ipsi
1812 921 1833 952 a

208 984 410 1038 pravitate
441 981 635 1024 recedere
659 984 782 1037 atque
806 978 1002 1022 scandalo
1029 978 1092 1021 vel
1121 971 1421 1034 perturbationi
1450 979 1684 1034 praedictis,
1708 992 1836 1034 quan—

206 1058 292 1095 tum
329 1051 521 1108 possibile
554 1053 617 1099 sit,
653 1050 881 1093 remedium
917 1050 1126 1092 afferatur.
1281 1043 1283 1045 ’

325 1123 361 1166 ⁶3.
397 1124 570 1168 Delicti
604 1124 756 1167 notio.
784 1147 835 1151 -—
863 1120 902 1163 ln
928 1120 1177 1163 authenticis
1201 1118 1518 1163 collectionibus
1542 1124 1665 1176 atque
1689 1119 1837 1162 Docto-

208 1207 295 1237 rum
331 1193 446 1237 libris
483 1193 607 1236 verba
642 1192 838 1235 delictum
875 1195 915 1233 et
948 1188 1103 1234 crimen
1138 1193 1373 1246 promiscue
1398 1194 1662 1246 usurpantur.
1695 1188 1835 1233 Codex

204 1269 356 1318 autern,
391 1266 548 1306 etiamsi
584 1263 661 1306 hoc
697 1261 945 1306 vocabulum
980 1261 1116 1304 adhuc
1140 1261 1349 1314 adhibeat,
1379 1274 1415 1304 v.
1441 1274 1500 1317 gr.
1527 1273 1705 1303 canones
1737 1273 1833 1303 con-

205 1335 306 1378 dens
338 1335 389 1377 de
423 1334 574 1377 iudicio
619 1333 838 1385 criminali,
875 1332 972 1375 illud
1008 1331 1153 1375 delicti
1189 1331 1362 1375 verbum
1410 1331 1616 1387 praetulit,
1653 1332 1837 1374 fortassis

206 1403 379 1448 alterum
408 1404 799 1459 ,relinquendol'oro
824 1402 954 1457 civili,
973 1402 1042 1445 ubi
1069 1405 1199 1459 magis
1232 1407 1292 1445 est
1327 1404 1363 1444 in
1401 1415 1491 1455 usu,
1515 1404 1634 1444 sicuti
1660 1406 1697 1444 et
1718 1400 1833 1460 „civili

204 1477 414 1519 societati.v
438 1474 521 1518 Nec
554 1477 640 1517 sine
675 1477 833 1518 ratione
868 1476 920 1516 ita
955 1475 1051 1529 egit,
1075 1476 1106 1516 si
1134 1473 1306 1516 verbum
1338 1472 1476 1515 delicti
1511 1484 1532 1515 a
1567 1471 1838 1515 derelictione

195 1548 298 1604 ‘viae
331 1545 486 1589 dictum
523 1546 822 1600 putaverimus.
861 1544 918 1587 Ad
954 1546 1072 1587 cuius
1095 1544 1349 1587 evidentiam
1376 1543 1724 1586 considerandum
1760 1545 1836 1595 est,

204 1616 311 1672 quod
346 1617 537 1672 quamvis
573 1617 857 1672 unusquisque
905 1615 955 1657 de
1006 1617 1069 1657 via
1119 1613 1403 1669 multipliciter
1444 1615 1559 1656 exire
1595 1615 1733 1668 possit,
1768 1611 1837 1654 ille

207 1689 370 1743 proprie
403 1686 668 1743 derelinquit,
702 1687 771 1743 qui
806 1687 944 1728 animo
978 1689 1017 1728 et
1051 1686 1157 1728 facto
1191 1686 1457 1727 constituitur
1500 1686 1537 1725 in
1584 1683 1652 1726 tali
1693 1682 1833 1725 condi-

206 1759 328 1812 tione,
364 1761 406 1800 ut
440 1759 662 1799 terminum
708 1756 816 1799 illius
858 1757 1052 1812 consequi
1089 1768 1165 1797 non
1204 1757 1328 1809 possit
1364 1754 1487 1797 facile
1521 1757 1591 1797 aut
1623 1753 1836 1796 ordinario

204 1828 422 1871 adiutorio.
457 1827 498 1870 ln
536 1827 719 1870 moribus
754 1824 966 1869 hominum
995 1828 1058 1868 via
1093 1828 1288 1868 statuitur
1314 1838 1386 1880 per
1411 1825 1536 1880 leges,
1560 1822 1833 1880 quarumob-

204 1901 384 1942 servatio
418 1899 466 1941 ad
504 1899 627 1941 linem
660 1911 802 1941 eorum
841 1899 1053 1953 proprium
1089 1897 1216 1940 ducit.
1251 1896 1327 1939 Hic
1361 1896 1453 1938 tinis
1482 1895 1679 1951 distingui
1706 1899 1836 1950 potest

203 1970 430 2013 secundum
465 1971 709 2012 societatum
743 1968 1045 2020 diversitatem,
1080 1963 1231 2024 quibus
1265 1966 1376 2022 leges
1411 1967 1576 2009 dantur.
1602 1965 1729 2008 Adest
1755 1966 1833 2020 pri-

207 2042 334 2083 maria
369 2045 408 2082 et
442 2039 640 2082 naturalis
673 2038 886 2081 bominum
930 2037 1007 2080 sub
1052 2038 1134 2080 Deo
1172 2040 1359 2090 societas,
1393 2049 1498 2093 quae
1533 2038 1624 2078 iure
1658 2034 1834 2078 naturali

206 2113 374 2166 regitur,
409 2114 448 2152 et
482 2110 590 2152 illius
623 2110 715 2152 linis
747 2113 807 2152 est
842 2111 879 2150 iu
918 2110 1123 2163 praesenti
1160 2112 1333 2150 naturae
1368 2106 1572 2148 humanae
1605 2109 1728 2160 statu,
1752 2104 1837 2147 seli-

205 2183 306 2225 citas
338 2185 503 2223 aeterna
537 2179 796 2235 singulorum
831 2179 1068 2232 hominum3
1104 2177 1208 2220 haec
1241 2181 1377 2219 autem
1414 2180 1554 2232 utpote
1588 2179 1832 2231 supernatu-

206 2251 302 2294 ralis
335 2264 382 2294 eo
415 2250 523 2308 quod
561 2252 598 2292 in
634 2249 720 2301 Dei,
755 2251 873 2292 sicuti
908 2253 983 2301 est,
1022 2249 1257 2303 cognitione
1300 2249 1507 2306 consistat,
1544 2246 1633 2302 lege
1668 2258 1835 2302 quoque

204 2321 574 2378 supernaturaliter
606 2320 770 2364 condita
804 2324 863 2362 est
896 2318 1175 2375 adipiscenda.
1211 2317 1302 2360 lure
1337 2319 1462 2373 igitur
1484 2317 1627 2359 divino
1651 2319 1739 2359 sive
1764 2327 1835 2358 na-

206 2392 325 2435 turali
350 2395 438 2435 sive
461 2393 640 2447 positivo
666 2390 875 2446 praedicta
899 2391 1074 2432 societas
1097 2388 1367 2444 gubernatur.
1392 2387 1455 2431 Ab
1479 2389 1566 2430 eius
1591 2400 1690 2442 ergo
1715 2399 1832 2442 prae-

206 2465 335 2518 ceptis
368 2465 420 2505 ita
455 2463 640 2515 deviare,
665 2466 707 2504 ut
741 2461 913 2503 felicitas
946 2465 1112 2502 aeterna
1137 2460 1334 2516 consequi
1360 2471 1437 2500 non
1465 2462 1613 2513 posset,
1641 2469 1737 2499 vere
1761 2456 1831 2499 de·

208 2533 346 2576 lictum
382 2535 662 2586 constitueret,
696 2531 765 2574 sed
801 2529 1033 2586 appellatur
1056 2531 1333 2572 communiter
1358 2532 1573 2584 peccatum
1599 2540 1670 2570 seu
1696 2526 1834 2582 culpa,

208 2603 345 2646 habito
381 2607 568 2658 respectu
602 2602 650 2644 ad
688 2603 877 2644 iniuriam
913 2605 953 2643 et
985 2601 1182 2642 otlensam
1218 2595 1324 2656 q'uae
1353 2601 1560 2654 irrogatur
1583 2597 1766 2641 Creatori
1791 2600 1830 2639 et

207 2671 374 2730 Optimo
410 2672 679 2715 Benefactori.
868 2662 871 2666 ’
909 2659 913 2663 ”
1548 2673 1551 2676 “

327 2743 491 2785 Praeter
524 2742 632 2784 illam
668 2747 761 2784 sunt
794 2734 987 2785 diversae
1021 2742 1362 2795 societateS,tu1n
1397 2738 1547 2794 civilis,
1583 2741 1666 2781 tum
1701 2735 1834 2780 eccle-

206 2815 384 2868 siastica,
418 2815 505 2855 iure
538 2825 585 2855 ac
621 2805 834 2868 perfectae
859 2803 1099 2864 existentes,
1133 2813 1170 2852 in
1205 2809 1357 2869 quibus
1390 2808 1578 2851 homines
1611 2821 1682 2864 per
1715 2811 1833 2862 aptas

210 2886 320 2940 leges
352 2883 401 2926 ad
438 2885 762 2940 uniuscuiusque
794 2884 1001 2925 societatis
1035 2882 1156 2923 linem
1193 2875 1539 2936 'consequendum
1573 2878 1829 2921 ordinantur.
