1950 3313
171 161 215 194 98
680 160 765 193 Ltss.
794 159 824 193 Ι.
855 179 866 185 -
893 160 1064 193 Normae
1085 160 1283 203 generales

172 281 420 334 dictumest,
456 279 498 336 (ι)
530 277 872 336 promidyatione
899 279 1130 320 necessaria
1158 282 1200 320 ut
1223 290 1356 321 novae
1386 278 1497 334 leges
1531 281 1797 323 instituantur

173 365 250 394 non
286 356 389 407 esset,
424 354 563 406 utpote
606 349 859 392 sufficienter
903 349 1006 391 facta
1051 361 1144 391 cum
1186 347 1275 405 lege
1311 351 1410 405 ipsa,
1445 348 1484 406 b)
1518 355 1557 392 et
1590 349 1699 393 valet
1731 365 1790 394 re-

174 427 368 475 trorsum,
402 434 448 464 ac
482 422 514 463 si
550 420 614 463 lex
648 433 741 463 cum
787 419 864 462 hac
907 421 1247 475 interpretatione
1287 420 1519 476 prodiisset,
1553 421 1624 464 sed
1659 421 1794 479 quoad

172 494 355 545 effectus,
389 494 456 549 qui
492 504 601 534 nunc
624 504 644 534 a
670 492 771 533 iuris
805 494 1005 546 potestate
1041 490 1248 546 pendent:
1285 492 1327 546 β)
1361 490 1399 532 si
1431 490 1562 548 leyem
1586 504 1707 549 quam
1734 506 1794 535 re-

172 565 290 619 spicit
335 567 515 605 coarctet
556 564 594 604 in
641 563 729 604 eius
763 562 928 617 propria
972 560 1291 616 significatione,
1325 560 1588 604 excludendo
1637 562 1798 616 aliquos

171 646 303 686 casus,
338 644 548 688 personas,
582 636 674 685 etc,
708 643 729 674 a
766 633 1008 687 praescripti
1043 629 1308 686 obligatione,
1336 630 1396 673 vel
1418 631 1617 674 eoetemlat
1641 631 1796 688 obliga-

172 706 324 747 tionem
362 703 466 746 ultra
502 704 709 759 propriam
732 701 955 745 verborum
989 701 1445 757 significationem,aut
1477 701 1644 748 dubiam
1681 717 1798 759 prop-

171 779 231 818 ter
269 773 565 817 obscuritatem
600 776 637 815 in
673 774 995 823 constructione,
1020 771 1333 829 ambiguitatem
1376 772 1615 829 multiplicis
1638 787 1796 822 sensus,

172 845 605 888 indeterminationem
653 843 774 895 illius,
808 842 988 901 eoeplieet
1030 857 1194 887 sensum
1233 846 1475 900 praescripti
1523 844 1796 901 sequendum,

170 915 213 972 α)
248 930 327 958 non
363 914 684 969 retrotrahitur,
707 914 831 957 veluti
867 927 915 957 ac
948 913 1024 958 sub
1059 914 1193 957 littera
1234 914 1336 970 legis
1369 927 1448 957 uon
1484 920 1591 958 esset
1625 915 1796 969 inclusa,

170 986 209 1044 b)
243 992 282 1029 et
315 991 616 1044 consequenter
639 990 834 1043 tauquam
871 985 1120 1029 instituenda
1155 998 1263 1028 nova
1298 985 1361 1028 lex
1387 984 1503 1028 debet
1531 985 1799 1044 promulyai'i

170 1058 220 1101 ad
257 1071 442 1101 normam
478 1070 568 1101 can.
604 1058 626 1098 9
667 1056 719 1100 ob
762 1056 995 1113 analogiam
1031 1070 1125 1100 cum
1162 1055 1336 1112 legibus,
1371 1056 1420 1099 ad
1457 1056 1533 1100 hoc
1569 1062 1611 1100 ut
1644 1056 1800 1113 obliget

171 1128 369 1173 subditos.

288 1199 315 1257 ξ
346 1201 389 1243 3.
429 1199 536 1242 Data
574 1205 727 1253 autem,
751 1199 896 1256 supple
935 1201 1258 1255 «interpretatio
1302 1199 1578 1242 authentica»
1617 1212 1665 1242 ex
1702 1212 1797 1242 con-

173 1272 350 1313 nexione
396 1284 487 1314 eum
531 1273 573 1324 §⁰
619 1271 677 1323 ⁶2⁰,
721 1284 769 1313 eo
817 1270 926 1328 quod
971 1270 1008 1313 S.
1053 1270 1203 1326 Congr.
1247 1268 1438 1313 Consist.⁸
1482 1272 1519 1312 in
1569 1273 1750 1313 Romana
1785 1270 1798 1291 1

173 1341 221 1385 ad
257 1340 428 1384 (lubium
469 1357 487 1381 «
509 1341 551 1383 40
580 1354 629 1384 an
666 1342 811 1384 iisdem
846 1343 975 1384 sacris
1009 1340 1284 1384 tribunalibus
1318 1340 1547 1397 (Romanae
1590 1340 1717 1384 Rotae
1761 1345 1801 1384 et

172 1412 418 1468 Signaturae
442 1412 720 1468 Apostolicae)
751 1416 958 1468 competat
981 1411 1126 1455 saltem
1153 1411 1325 1455 facultas
1348 1411 1516 1455 decreta
1540 1410 1664 1456 Conc.
1689 1410 1800 1454 Trid.

172 1482 355 1540 aliasque
390 1483 500 1539 leges
533 1483 835 1526 ecclesiasticas
867 1482 1164 1539 interpretandi
1201 1482 1374 1526 iuridice
1409 1484 1447 1525 in
1481 1481 1645 1525 casibus
1679 1484 1800 1538 parti-

172 1553 397 1607 cularibus,
437 1556 489 1597 ita
533 1567 681 1610 nempe
731 1559 774 1597 ut
823 1556 884 1597 ius
928 1554 1081 1597 faciant
1124 1555 1229 1596 inter
1273 1557 1409 1609 partes
1452 1554 1491 1595 in
1536 1565 1674 1596 causa.
1708 1552 1799 1595 Emi

176 1624 355 1667 Patres...
392 1625 1025 1681 respondendumcensuerunt:
1061 1624 1123 1667 Ad
1160 1622 1208 1666 lV
1244 1624 1494 1667 affirmative
1518 1639 1555 1664 )).
1590 1621 1707 1675 Quae
1742 1636 1801 1666 re-

172 1698 336 1751 sponsio
370 1696 567 1752 implicita
611 1701 671 1739 est
714 1698 753 1739 in
798 1708 954 1740 canone
998 1698 1133 1739 aiente
1166 1695 1217 1738 (le
1252 1694 1318 1738 illa
1354 1697 1693 1751 interpretatione
1724 1707 1802 1752 per

175 1765 339 1809 modum
373 1768 414 1821 a)
445 1767 678 1809 sententiae
707 1766 936 1822 iudicialis,
962 1771 1001 1809 et
1034 1768 1128 1823 quia
1149 1766 1215 1810 SS.
1240 1764 1389 1822 Congr.
1416 1765 1627 1809 Romanae
1650 1778 1799 1823 quaes-

175 1839 304 1880 tiones
346 1850 489 1880 omnes
537 1850 981 1895 unarumquarumque
1024 1838 1326 1893 competentiae
1365 1839 1403 1879 in
1446 1838 1511 1879 via
1545 1835 1798 1892 disciplinari

175 1908 389 1952 dirimunt.
414 1913 452 1951 et
485 1908 610 1952 (lubia
644 1908 811 1952 solvunt
844 1911 882 1951 in
916 1921 1013 1952 casu
1047 1908 1097 1951 ad
1133 1910 1457 1965 exequutionem
1491 1920 1544 1951 ss.
1578 1919 1800 1956 canonum,

174 1978 359 2022 additum
398 1984 479 2028 est;
515 1978 553 2036 b)
588 1985 661 2021 aut
693 1979 892 2037 rescripti·
923 1979 967 2021 iii
999 1992 1046 2021 re
1073 1978 1300 2036 peculiari,
1334 1990 1440 2035 quae
1475 1977 1648 2021 facultas
1681 1979 1801 2020 iuter-

176 2050 361 2105 pretandi
395 2049 509 2093 salva
545 2054 682 2093 manet
715 2049 840 2093 Motui
875 2051 1042 2106 proprio
1075 2051 1199 2093 citato
1234 2062 1312 2091 non
1347 2050 1548 2105 opposita,
1590 2048 1662 2091 sed
1707 2048 1802 2090 iude

175 2125 347 2176 sequuta
382 2122 666 2177 interpretatio
702 2120 781 2163 rim
814 2120 918 2178 leqis
952 2134 1033 2163 iton
1067 2119 1188 2163 liobe!
1211 2133 1290 2177 qua
1325 2119 1428 2175 talis,
1453 2121 1614 2162 etiamsi
1648 2118 1802 2176 pluries

176 2193 373 2246 repetitae
405 2194 655 2234 constituant
692 2191 753 2235 vel
793 2193 1081 2235 auctoritatem
1114 2204 1253 2234 rerum
1287 2190 1476 2233 similiter
1510 2190 1801 2239 iudicatarum,

176 2263 240 2304 cui
275 2274 318 2304 se
351 2262 611 2305 conformare
645 2261 822 2305 debeant
855 2262 1049 2304 inferiora
1084 2260 1322 2315 tribunalia,
1349 2260 1410 2303 vel
1445 2260 1598 2317 stylum
1632 2272 1687 2315 ac·
1715 2271 1800 2316 pra·

176 2333 260 2373 xim
293 2330 440 2375 Curiae
472 2332 696 2388 Romanae,
730 2332 801 2375 secl
847 2334 910 2375 vis
953 2334 1117 2388 propria
1154 2331 1262 2375 illius
1296 2332 1645 2387 interpretationis
1678 2335 1801 2387 atque

176 2403 358 2457 praefata
391 2402 575 2445 clausula
618 2405 677 2445 sic
720 2405 964 2459 exponitur:
1013 2402 1056 2460 a)
1096 2408 1135 2445 et
1179 2401 1287 2459 liqut
1331 2407 1496 2444 tantum
1525 2414 1731 2458 personas
1764 2399 1801 2456 b>

177 2478 302 2530 atque
336 2472 463 2530 afficit
495 2486 563 2515 res
592 2487 670 2530 pro
705 2473 852 2530 quibvs
886 2476 1070 2529 utrisque
1104 2472 1207 2516 data
1239 2478 1312 2517 est.
1346 2471 1456 2528 Ergo
1490 2474 1700 2527 negotium
1724 2473 1801 2514 sin-

177 2543 320 2599 gulare
354 2545 517 2599 attingit
551 2543 677 2586 relate
711 2545 760 2586 ad
808 2544 941 2600 legem
986 2544 1054 2587 tali
1100 2545 1438 2600 interpretatione
1471 2556 1565 2586 cum
1603 2546 1802 2598 potestate

181 2613 344 2670 publica
378 2614 640 2670 applicatam.

296 2685 363 2727 75.
410 2687 627 2741 Regulae
665 2687 1086 2742 interpretationis
1128 2688 1356 2743 privatae
1393 2698 1479 2730 seu
1516 2684 1803 2730 doctrinalis

179 2758 217 2798 in
251 2755 328 2799 boc
362 2769 518 2798 canone
561 2758 787 2798 summarie
835 2758 1094 2812 attinguntur
1137 2769 1184 2800 ac
1229 2758 1266 2798 in
1301 2757 1501 2812 sequenti.
1542 2754 1583 2797 ln
1631 2754 1802 2797 Decreto

298 2908 308 2929 1
336 2909 378 2941 11
406 2907 493 2942 Feb.
526 2908 606 2941 191]
633 2907 709 2942 CO.
731 2907 802 2949 III,
824 2907 880 2941 99.
