1950 3313
155 195 201 228 ‘26
627 193 710 226 LIB.
737 192 780 226 V.
807 212 820 217 -
849 193 952 226 PARs
977 192 1008 226 I.
1037 212 1051 218 -
1076 193 1133 227 De
1157 193 1308 229 delictis
1463 194 1556 229 Gan.
1581 194 1779 230 22062207

157 313 306 356 101110111
343 313 485 354 maiori
522 313 647 353 motui
685 309 747 353 vel
784 312 946 353 minori.
981 309 1166 368 Denique
1201 325 1272 367 pro
1306 311 1553 369 quibusdam
1579 315 1784 368 exceptio-

159 382 319 426 nalibus
351 382 526 434 casibus,
563 383 631 438 qui
668 380 924 436 temporibus
958 380 1020 424 his
1054 384 1294 437 praesertim
1330 382 1493 437 dantur,
1528 385 1586 426 sic
1615 378 1782 439 explicit

156 466 315 496 canon:
350 459 388 494 et
432 454 654 508 «passio»
703 451 912 508 quaelibet
954 452 1122 496 mnino
1166 452 1278 496 tollit
1327 468 1346 494 <4
1372 453 1733 510 imputabilitatem
1759 469 1778 495 ))

155 523 295 566 delicti
330 523 464 566 eidem
497 522 804 579 subsequentis,
821 522 874 578 ⁴si
905 522 946 579 a)
970 536 1129 566 omnem
1154 523 1303 566 inentis
1326 523 1683 578 deliberalionem,
1704 537 1783 568 non

156 594 286 636 solum
326 593 552 649 partialiter
585 592 803 648 turbando,
838 598 877 636 et
909 592 1140 636 voluntatis
1174 608 1418 637 consensum
1449 594 1501 637 de
1525 594 1627 651 legis
1663 595 1786 638 viola-

158 666 267 706 tione
298 663 540 721 praecedat,
584 676 666 720 quo
709 663 947 707 excluditur
989 664 1227 721 hypothesis
1263 664 1340 708 sub
1374 667 1487 708 initio
1520 668 1705 719 canonis,
1746 670 1785 708 el

158 733 360 791 impediat
407 734 573 791 quando
621 737 759 777 evenit
809 734 911 790 legis
962 735 1140 778 violatio.
1175 735 1225 778 Et
1258 740 1378 791 patet,
1424 738 1520 793 quia
1559 737 1626 779 tali
1664 737 1784 780 modo

157 805 313 848 exclusi
360 809 524 848 manent
567 806 699 849 fontes
741 818 762 848 3
807 805 957 862 quibus
1005 821 1024 846 ((
1057 806 1354 862 imputabilitas
1398 806 1535 850 delicti
1582 808 1779 864 pendet»

158 876 250 932 (can
288 876 429 928 2199).
1191 918 1193 921 .

277 946 344 989 20-
381 949 790 994 Circumstantiae
813 950 1138 1005 quantitatem
1162 951 1325 995 delicti
1348 954 1605 1006 augentes.
1635 976 1678 980 —
1708 949 1784 993 Do-

156 1019 209 1060 cti
243 1031 386 1060 sumus
419 1031 576 1061 canone
611 1018 722 1061 2166
758 1019 862 1061 113110
901 1034 920 1059 ((
945 1021 1067 1062 0113111
1103 1019 1398 1063 dimetiendam
1434 1034 1522 1063 esse
1545 1034 1594 1064 ex
1630 1023 1786 1064 maiore

159 1090 373 1131 minoreve
408 1088 725 1144 imputabilitate
757 1094 825 1132 aut
849 1089 1001 1132 damno
1024 1089 1198 1145 illato».
1236 1093 1459 1147 Hucusque
1493 1090 1630 1137 Codex
1666 1094 1788 1134 intro-

155 1160 291 1214 spexit
323 1159 372 1201 ad
411 1159 728 1202 mensurandam
763 1160 920 1209 directe
956 1159 1330 1216 imputabilitatem,
1366 1174 1498 1204 ermon
1530 1174 1628 1204 vero
1660 1163 1785 1204 2207

159 1228 269 1271 illam
303 1234 340 1272 et
376 1229 481 1272 istud
517 1230 718 1273 indirecte
753 1230 984 1286 perpendit,
1017 1234 1228 1273 statuens:
1268 1230 1441 1273 Praeter
1474 1231 1576 1276 alia,
1611 1244 1717 1288 quae
1748 1234 1785 1274 in

156 1300 308 1343 (lodice
342 1313 420 1342 non
456 1300 600 1355 relata,
634 1300 751 1344 facile
785 1314 804 1343 a
840 1301 1031 1357 prudenti
1065 1301 1250 1359 quolibet
1275 1305 1514 1358 praesertim
1543 1303 1677 1346 iudice
1702 1316 1789 1359 per-

156 1372 258 1426 spici
293 1375 462 1427 queunt,
496 1370 698 1413 adiuncta
732 1371 834 1427 legis
868 1371 1051 1428 poenalis
1088 1372 1311 1421 violationi.v
1345 1372 1451 1416 hanc
1490 1373 1787 1429 ayqrarcmtitn

158 1444 247 1484 sive
280 1455 329 1484 ex
364 1445 479 1497 parte
512 1441 805 1499 delinquentis,
839 1445 903 1485 0111
931 1445 1061 1498 magis
1086 1442 1164 1487 tale
1191 1449 1441 1500 repugnaret
1463 1443 1675 1498 delictum,
1699 1446 1788 1487 sive

158 1525 208 1555 ex
247 1517 360 1567 parte
393 1512 551 1565 ostensi,
584 1515 649 1555 cui
686 1515 818 1556 maius
852 1526 973 1568 quam
1020 1513 1110 1556 aliis
1153 1514 1350 1557 damnum
1396 1515 1582 1568 insertur,
1615 1517 1705 1558 3110
1737 1514 1788 1557 ob

163 1585 293 1626 maius
325 1596 374 1626 ex
409 1583 560 1626 delicto
595 1586 845 1640 proveniens
874 1584 1132 1638 scandalum,
1164 1587 1254 1628 sive
1288 1599 1336 1628 ex
1373 1585 1570 1628 relatione
1596 1588 1701 1628 inter
1723 1585 1790 1628 de-

161 1653 411 1711 linquentem
448 1659 487 1697 01
521 1654 619 1697 illud
656 1657 876 1711 patientem
916 1669 952 1696 v.
986 1669 1045 1711 gr.
1081 1658 1464 1711 consanguinitatis,
1491 1655 1785 1699 beneficiorum

162 1730 436 1781 receptorum,
471 1730 563 1779 etc.,
597 1724 796 1768 delictum
839 1731 881 1769 ut
924 1730 962 1768 in
1007 1738 1096 1769 can.
1142 1726 1254 1769 <2195
1298 1732 1493 1783 (infletur,
1524 1740 1624 1783 ergo
1658 1739 1788 1784 quan·

161 1798 275 1839 utate
295 1813 303 1838 :

278 1866 319 1909 1⁰
357 1866 434 1911 Pro
467 1868 628 1911 vastiore
660 1867 881 1924 (limitare,
917 1871 1007 1911 sive
1039 1871 1251 1922 scientiae,
1275 1871 1365 1913 sive
1393 1871 1682 1918 ν11·111113,311·0
1708 1873 1787 1912 sta-

162 1942 238 1991 tus,
273 1938 410 1990 officii,
444 1938 610 1994 gradus,
642 1952 850 1996 personae
879 1939 1116 1995 singularis,
1150 1938 1190 1996 3)
1211 1953 1317 1997 quae
1339 1938 1537 1982 delictum
1561 1941 1667 1982 idem
1689 1953 1791 1982 com-

163 2009 306 2064 mittit,
340 2015 413 2051 aut
448 2009 490 2066 b)
524 2023 630 2066 quae
672 2013 894 2053 commisso
938 2009 1104 2064 delicto,
1148 2013 1297 2054 ceteris
1332 2010 1512 2067 paribus,
1547 2010 1788 2068 offenditur,

160 2092 232 2122 seu
266 2079 568 2122 damnificatur.
595 2080 655 2122 Ad
692 2079 839 2122 borum
875 2080 1158 2136 probationem
1194 2081 1460 2123 considerare
1483 2085 1643 2136 oportet
1667 2091 1789 2121 omne

160 2149 357 2193 delictum
395 2152 617 2206 importare
652 2150 807 2193 morale
841 2155 1073 2206 peccatum,
1107 2153 1172 2193 cui
1207 2150 1322 2193 addit
1357 2155 1397 2193 ut
1420 2152 1471 2193 sit
1499 2156 1716 2194 externum
1751 2155 1789 2193 et

163 2220 327 2277 publica
360 2222 605 2264 auctoritate
640 2223 841 2276 punitum,
878 2221 986 2264 unde
1021 2224 1211 2273 rationes,
1245 2233 1351 2278 quae
1384 2223 1639 2264 convincunt
1664 2223 1788 2263 maio-

161 2305 247 2334 rem
285 2291 346 2334 vel
385 2293 585 2334 minorem
618 2294 866 2347 gravitatem
902 2294 939 2334 in
976 2298 1158 2347 peccato,
1192 2305 1241 2334 ex
1276 2294 1545 2348 consequenti
1579 2291 1715 2335 valent
1735 2291 1785 2335 ad

161 2362 422 2405 statuendam
459 2374 598 2417 parem
633 2364 883 2418 gravitatem
921 2364 957 2404 in
993 2361 1156 2405 delicto.

341 2432 383 2489 ιι)
416 2433 560 2487 Quoad
586 2433 869 2489 «dignitatem
906 2446 1104 2488 personae
1137 2446 1243 2490 quae
1276 2433 1474 2476 delictum
1509 2435 1788 2477 committit».

164 2503 521 2546 animadvertatur
554 2503 662 2560 quod
688 2503 836 2546 delicta
866 2509 999 2545 «sunt
1035 2507 1202 2559 peccata
1236 2517 1285 2546 ex
1320 2502 1618 2546 deliberatione
1653 2516 1792 2559 proce-

162 2574 318 2626 dentia,
341 2578 379 2616 et
404 2576 476 2618 ista
513 2578 680 2630 peccata
716 2578 826 2617 tanto
862 2576 992 2629 magis
1024 2573 1145 2616 alicui
1182 2575 1449 2630 imputantur,
1473 2578 1627 2628 quanto
1662 2576 1792 2616 maior

164 2645 271 2688 est¹.
307 2644 354 2686 Et
389 2644 464 2687 boc
500 2649 630 2700 potest
663 2657 752 2687 esse
788 2649 953 2700 propter
986 2649 1185 2700 quatuor:
1223 2644 1559 2701 primoquidem
1605 2647 1700 2700 quia
1740 2645 1791 2686 fa-

164 2715 284 2757 cilius
309 2719 475 2770 possunt
501 2717 690 2758 resistere
717 2719 884 2770 peccato
911 2717 1099 2768 maiores,
1121 2719 1215 2770 puta
1239 2716 1308 2771 qui
1333 2714 1539 2757 excedunt
1559 2716 1596 2757 in
1620 2716 1790 2757 scientia

165 2789 203 2827 et
243 2787 414 2828 xirtute:
450 2785 558 2828 unde
594 2784 792 2828 Dominus
825 2785 924 2828 dicit
958 2785 1072 2842 (Luc.
1095 2783 1181 2838 Xll,
1215 2785 1303 2841 47),
1338 2785 1446 2841 quod
1481 2798 1624 2828 servus
1657 2784 1791 2826 sciens

288 2938 297 2958 1
326 2937 371 2970 D.
402 2936 581 2980 Thomas,
610 2937 699 2977 1-11,
727 2949 763 2982 q.
793 2937 971 2981 LXXIV,
1001 2948 1034 2970 a.
1058 2937 1099 2970 10
1127 2947 1228 2980 corp.
