1950 3313
157 163 227 197 242
528 162 612 195 Lm.
634 162 679 195 V.
700 182 713 187 -
733 162 842 197 PARS
861 162 928 197 111.
952 183 964 188 -
982 163 1040 198 De
1052 166 1189 207 poenis
1207 152 1256 198 in=
1266 164 1408 198 delicta
1567 163 1659 200 Can.
1686 164 1780 200 2346

159 281 210 326 ab
244 285 303 332 iis,
338 282 388 325 ad
423 294 526 338 quos
559 283 646 324 iure
681 284 898 338 pertinent,
934 284 1236 339 percipiantur3
1272 285 1305 326 is
1336 282 1587 327 anathemati
1627 283 1784 327 tamdiu

158 352 384 406 subiaceat,
419 352 616 409 quamdiu
669 352 986 408 iurisdictiones,
1023 352 1141 408 bona,
1175 367 1253 409 res,
1288 356 1392 408 iura,
1426 354 1584 397 fructus
1621 359 1661 398 et
1694 355 1784 398 red-

157 424 280 477 ditus,
304 436 406 480 quos
438 425 722 479 occupaverit,
751 423 812 466 vel
847 425 917 480 qui
951 423 1000 467 ad
1036 437 1128 467 eum
1164 426 1568 482 quomodocumque,
1587 427 1709 469 etiam
1734 439 1785 469 ex
1824 439 1827 443 ¹

157 494 377 536 donatione
415 495 652 549 suppositae
702 506 913 549 personae,
950 497 1228 551 pervenerint,
1263 495 1477 550 ecciesiae,
1511 497 1682 552 eiusque
1713 496 1784 539 ad-

160 566 426 607 ministratori
451 566 540 607 sive
565 564 808 607 beneficiato
834 567 992 621 integre
1027 567 1272 611 restituerit:
1307 578 1355 610 ac
1388 566 1539 609 deinde
1561 578 1582 609 a
1600 566 1785 610 Romano

160 634 356 678 Pontitice
390 634 691 678 absolutionem
726 634 1173 691 obtinuerit—Quod
1208 638 1240 680 si
1274 637 1458 680 eiusdem
1494 636 1693 680 ecclesiae
1718 650 1785 693 pa-

160 709 303 749 tronus
336 706 472 761 fuerit,
492 708 614 749 etiam
649 708 737 749 iure
771 711 1021 763 patronatus,
1048 707 1154 750 ultra
1180 707 1410 762 praedictas
1445 720 1609 764 poenas,
1629 721 1676 751 eo
1701 710 1787 764 ipso

163 778 350 833 privatus
381 779 543 820 existat.
570 803 621 807 -
656 775 841 821 Clericus
876 790 986 831 vero,
1021 780 1089 834 qui
1124 778 1325 821 netandae
1361 779 1515 822 fraudis
1548 784 1586 822 et
1621 792 1789 836 usurpa-

163 849 284 890 tionis
318 847 553 891 huiusmodi
603 847 837 891 fabricator
859 861 930 891 seu
964 841 1225 892 consentiens
1273 850 1410 902 fuerit,
1443 850 1597 893 eisdem
1648 853 1789 906 poenis

163 917 397 973 subiaceat,
433 931 590 962 necnon
625 918 958 976 quibuscumque
993 918 1204 963 beneticiis
1236 922 1424 976 privatus
1445 923 1508 964 sit.
1533 921 1644 964 etad
1668 934 1790 979 quae·

163 1002 342 1046 cumque
390 989 468 1033 alia
519 989 718 1033 beneficia
768 989 961 1033 inhabilis
1008 990 1233 1044 efficiatur,
1268 996 1306 1034 et
1339 1003 1359 1034 a
1393 1004 1561 1034 suorum
1596 992 1787 1035 ordinum

163 1062 421 1115 executione,
440 1062 563 1103 etiam
599 1066 688 1117 post
721 1063 924 1117 integram
958 1061 1280 1104 satisfactionem
1315 1066 1354 1105 et
1387 1061 1703 1118 absolutionem,
1727 1064 1789 1105 sui

162 1128 373 1175 Ordinarii
408 1131 578 1175 arbitrio
610 1131 950 1187 suspendatur».

283 1202 441 1245 Poenae
466 1205 504 1245 in
531 1202 606 1246 hoc
632 1203 804 1246 Decreto
836 1215 1057 1259 expressae
1091 1202 1234 1245 iisdem
1273 1203 1665 1249 verbistranslatae
1696 1211 1791 1249 sunt

165 1274 203 1314 in
229 1277 486 1329 praesentem
511 1286 728 1325 canonem,
762 1276 831 1331 qui
855 1273 1144 1331 delinquentes
1166 1276 1392 1317 summarie
1414 1277 1609 1331 continet,
1643 1276 1713 1320 sed
1739 1290 1789 1320 ex

166 1345 330 1399 propria
363 1346 565 1387 sententia
599 1348 659 1387 est
693 1346 827 1400 potius
859 1344 1140 1387 aestimandus
1172 1344 1221 1387 ad
1258 1357 1444 1388 normam
1480 1358 1569 1390 can.
1606 1347 1642 1402 6,
1674 1346 1730 1389 30.

287 1414 326 1456 ln
361 1420 489 1460 const.
528 1430 549 1455 α
571 1414 833 1471 Apostolicae
866 1414 1028 1458 Sedis»
1057 1414 1115 1457 Pii
1148 1413 1202 1457 IX
1227 1414 1239 1436 ¹
1276 1417 1329 1459 ita
1363 1418 1595 1472 concipitur
1627 1430 1793 1461 excom-

169 1487 392 1528 municatio
434 1485 602 1542 speciali
648 1485 770 1529 modo
804 1485 917 1530 Rom.
954 1485 1138 1529 Pontifici
1173 1490 1397 1542 reservata,
1434 1486 1512 1530 lata
1547 1489 1585 1530 in
1625 1503 1645 1529 (ι,
1668 1487 1792 1533 Usur-

167 1561 309 1612 pantes
360 1555 421 1599 vel
470 1560 778 1614 sequestrantes
826 1557 1166 1607 iurisdictionem,
1211 1556 1329 1609 bona,
1375 1558 1560 1601 redditus
1602 1559 1651 1602 ad
1702 1573 1792 1616 per-

166 1640 287 1670 sonas
320 1627 621 1671 ecclesiasticas
656 1629 812 1671 ratione
855 1640 1022 1671 suarum
1058 1627 1337 1671 Ecclesiarum
1383 1633 1453 1671 aut
1496 1628 1792 1673 beneficiorum

168 1700 419 1755 pertinentes
441 1714 481 1742 )).

288 1769 386 1813 (s'sm.
421 1770 547 1812 2346
580 1771 619 1812 in
653 1769 814 1813 delictis
846 1769 1064 1826 puniendis
1101 1771 1291 1826 proprius
1323 1772 1497 1813 accessit
1529 1771 1579 1814 ad
1613 1771 1794 1828 discipli·

167 1851 259 1882 nam
297 1853 368 1895 per
400 1838 522 1883 Conc.
557 1839 666 1883 Trid.
702 1840 926 1890 inductam,
950 1840 1058 1897 quod
1085 1853 1106 1883 e
1136 1842 1334 1883 memoria
1358 1853 1408 1883 ne
1431 1840 1605 1894 labatur,
1629 1842 1793 1899 quando

170 1910 359 1966 legantur
406 1915 596 1954 auctores
645 1910 818 1968 probati,
852 1913 920 1968 qui
958 1916 1046 1968 post
1077 1911 1228 1954 dictam
1269 1916 1398 1954 const.
1435 1911 1598 1955 Pianam
1635 1912 1685 1956 de
1717 1913 1794 1957 hac
1856 1941 1860 1947 -

169 1983 599 2025 excommunicatione
632 1983 900 2038 scripserunt.
936 1981 982 2024 Si
1014 1981 1123 2039 quis,
1155 1986 1194 2024 et
1233 1996 1253 2022 <c
1280 1981 1454 2025 verbum
1487 1981 1564 2026 hoc
1598 1987 1678 2026 tam
1716 1995 1796 2026 ma-

170 2051 304 2095 sculos
337 2053 668 2109 quaaneminas
701 2052 1032 2109 complectitur»
1058 2052 1085 2107 ²,
1122 2056 1203 2096 imo
1236 2065 1285 2096 ex
1320 2051 1470 2096 Codice
1509 2053 1605 2096 addi
1640 2058 1792 2110 potest:

175 2138 193 2162 (<
218 2122 464 2166 clericorum
503 2122 565 2166 vel
602 2122 799 2166 laicorum
824 2139 844 2164 ))
884 2123 979 2179 (loc.
1003 2125 1069 2166 cit.
1094 2121 1216 2167 Conc.
1242 2122 1387 2179 Trid.),
1416 2138 1436 2163 <c
1461 2125 1624 2179 utrique
1656 2128 1793 2166 autem

173 2198 340 2249 possunt
372 2206 460 2236 esse
495 2193 720 2249 religiosi»
758 2193 865 2250 (can.
902 2193 1017 2250 107),
1051 2192 1172 2246 bona,
1204 2206 1311 2250 quae
1343 2193 1630 2236 «naturaliter
1663 2206 1712 2236 ex
1747 2207 1795 2236 eo

172 2263 378 2318 dicuntur,
403 2264 511 2321 quod
549 2263 681 2319 beant,
709 2264 784 2307 ltoc
807 2269 866 2307 est
891 2263 1030 2307 beatos
1062 2265 1237 2307 faciunt:
1274 2264 1396 2308 beare
1420 2268 1480 2307 est
1504 2263 1697 2320 prodesse
1721 2279 1740 2304 ))
1764 2263 1793 2319 ³,

171 2333 471 2387 ecelesiastica,
502 2348 608 2391 quae
641 2335 895 2378 deliniuntur
927 2337 965 2377 in
1001 2334 1289 2392 cau.1497,§
1314 2336 1349 2380 l.
1375 2334 1624 2392 additurque
1657 2335 1794 2378 cuius-

172 2404 269 2447 libet
308 2405 490 2461 penoris,
524 2418 701 2461 nempe:
745 2417 920 2460 «sacra,
955 2408 1178 2461 pretiosa»
1223 2404 1295 2462 (ib.
1327 2405 1355 2463 ξ
1389 2404 1446 2462 ⁶2),
1484 2404 1547 2448 vel
1591 2418 1722 2460 secus,
1757 2411 1797 2449 et

177 2481 313 2518 «sunt
358 2475 461 2519 bona
507 2475 763 2532 temporalia,
796 2475 882 2518 sive
918 2475 1102 2526 mobilia,
1136 2475 1221 2518 sive
1258 2475 1504 2529 inmobilia,
1536 2475 1622 2518 sive
1653 2489 1794 2534 eorpo-

172 2546 299 2603 ralia,
333 2546 418 2588 sive
449 2546 739 2604 incorporalia
773 2542 931 2604 (prout‘
957 2546 1057 2589 haec
1104 2545 1228 2589 verba
1272 2551 1366 2589 sunt
1401 2548 1438 2589 in
1473 2546 1583 2589 dicto
1625 2559 1714 2589 can.
1749 2559 1796 2590 ac

173 2617 430 2673 paragrapho
449 2617 815 2674 declarata)‚quae
851 2617 913 2660 vel
948 2617 996 2660 ad
1030 2616 1258 2660 Ecclesiam
1294 2619 1530 2660 universam
1556 2621 1593 2659 et
1617 2617 1666 2660 ad
1690 2616 1795 2673 Apo·

170 2688 357 2731 stolicam
390 2687 536 2730 Sedem
576 2688 637 2730 vel
672 2689 721 2731 ad
757 2689 878 2731 aliam
916 2690 952 2730 in
978 2687 1160 2731 Ecclesia
1195 2700 1410 2743 personam
1447 2687 1642 2730 moralem
1679 2689 1798 2743 perti-

173 2762 296 2801 neant
318 2773 338 2799 ›>
378 2757 487 2815 (can.
506 2760 572 2801 cit.
598 2760 622 2811 g
648 2758 723 2815 10),
747 2758 788 2815 a)
809 2772 886 2816 per·
917 2772 960 2801 se
992 2757 1332 2815 (lelinqtteiis,1=el
1360 2771 1438 2816 per
1470 2757 1578 2801 alios
1605 2759 1794 2811 iussione,

295 2865 305 2885 ¹
336 2865 378 2897 12
406 2863 490 2898 Oct.
514 2864 617 2907 1869,
640 2867 654 2906 Ξ
677 2867 706 2905 1,
726 2876 764 2898 n.
788 2866 842 2898 11.
862 2885 900 2888 -
919 2864 933 2886 2
959 2864 1002 2897 L.
1026 2865 1042 2897 l
1070 2879 1083 2893 «
1102 2863 1146 2897 de
1174 2863 1380 2898 verborum
1405 2862 1698 2908 significatione
1715 2878 1728 2892 2>
1754 2861 1794 2896 ff.

175 2931 219 2935 —
246 2911 259 2933 3
286 2910 328 2944 L.
357 2911 402 2944 48
428 2927 441 2940 ι
462 2911 506 2945 de
535 2911 740 2945 verborum
766 2910 1058 2956 significatione
1080 2926 1090 2940 ο
1115 2909 1155 2943 ff.
