1950 3313
523 168 607 201 ΤιΤ.
636 169 707 203 IX.
736 190 747 195 -
776 172 830 205 De
852 175 987 216 poenis
1013 175 1264 208 vindicatieis
1639 178 1703 211 172²

1696 191 1705 208 -κ

802 348 945 385 CAPL‘T
974 350 995 384 l.

503 431 557 465 De
583 431 715 474 poenis
742 431 983 467 vindicativis
1013 436 1290 470 communibus.

133 527 217 564 CAN.
260 523 364 560 2291.
404 544 420 551 -
463 524 594 559 Poenae
634 524 864 559 vindicant-ae

82 585 174 622 quae
198 583 321 610 omnes
348 571 465 607 lideles
492 582 553 617 pro
571 571 773 607 delictorum
793 583 866 615 gra-

84 624 191 658 vitate
207 620 342 657 allicere
361 623 519 666 possunt,
548 619 583 652 in
607 618 756 654 Ecclesia
774 630 866 664 prae-

82 670 204 707 sertim
231 672 338 703 sunt:

180 715 228 752 1.0
253 713 480 750 interdictum
515 713 622 748 locale
655 717 687 748 et
723 713 864 748 interdi-

82 769 178 801 ctum
204 762 242 798 in
268 761 557 798 communitatem
588 770 648 795 seu
682 760 863 805 collegium

84 813 121 847 in
149 814 354 858 perpetuum
381 808 435 844 vel
461 807 504 843 ad
530 812 669 854 tempus
704 808 865 853 praelini-

83 864 159 895 tum
186 857 238 894 vel
263 857 307 892 ad
335 855 592 902 beneplacitum
620 853 840 900 Superioris;

178 905 232 940 ‘20
259 902 485 939 Interdictum
510 903 555 938 ab
582 902 740 947 ingressu
759 903 865 938 eccle-

83 953 155 990 siae
181 953 219 988 in
238 955 444 999 perpetuum
473 949 524 985 vel
550 949 593 985 ad
613 955 750 995 tempus
770 961 865 995 prae-

85 1001 225 1036 finitum
239 998 291 1034 vel
309 998 352 1034 ad
371 996 630 1043 beneplacitum
643 995 838 1042 Superioris
855 1011 862 1039 ;

179 1046 232 1082 3.0
271 1045 429 1082 Poenalis
470 1043 656 1080 translatio
698 1044 749 1079 vel
789 1056 867 1090 snp-

85 1095 215 1143 pressio
233 1093 326 1129 sedis
342 1092 549 1139 episcopalis
568 1095 620 1128 vel
640 1091 843 1138 paroecialis
859 1104 865 1131 ;

181 1140 233 1177 4.0
259 1140 407 1176 lnfamia
434 1140 543 1179 iuris:

181 1188 228 1226 5.0
255 1188 404 1224 Privatio
430 1186 629 1234 sepulturae
658 1186 866 1222 ecclesiasti-

83 1249 156 1280 cae,
181 1236 225 1272 ad
253 1246 414 1271 normam
440 1245 520 1270 can.
554 1232 654 1275 1240,
679 1234 698 1279 ξ
728 1233 739 1267 l
761 1246 768 1275 ;

180 1282 233 1318 6.0
261 1282 412 1318 Privatio
438 1281 780 1322 Sacramentalium;

178 1330 233 1366 20
261 1330 415 1365 Privatio
441 1329 494 1365 vel
521 1328 704 1374 suspensio
722 1328 765 1364 ad
784 1333 868 1364 tem-

87 1391 150 1426 pus
177 1378 356 1426 pensionis
381 1387 471 1423 quae
496 1376 540 1412 ab
566 1375 719 1411 Ecclesia
750 1375 800 1411 vel
827 1387 866 1411 ex

85 1426 187 1463 bonis
215 1425 385 1461 Ecclesiae
409 1423 567 1465 solvitur,
595 1423 647 1459 vel
673 1423 763 1458 alius
783 1422 867 1458 iuris

83 1485 144 1511 seu
171 1472 343 1520 privilegii
371 1471 619 1512 ecclesiastici;

182 1519 237 1556 8.ο
266 1519 421 1556 Remotio
453 1519 498 1554 ab
531 1518 668 1562 actibus
703 1517 867 1562 legitimis

83 1568 328 1606 ecclesiasticis
352 1566 576 1610 exercendis;

179 1613 233 1651 9.0
257 1614 462 1650 lnhabilitas
491 1614 533 1649 ad
560 1613 690 1659 gratias
712 1611 870 1648 ecclcsia—

83 1663 188 1699 sticas
201 1667 262 1698 aut
277 1662 400 1698 munia
414 1661 450 1696 in
469 1661 617 1697 Ecclesia
631 1670 720 1706 quae
738 1664 867 1695 statum

84 1710 280 1747 clericalem
296 1721 368 1745 non
387 1708 583 1755 requirant,
604 1707 657 1743 vel
678 1707 721 1743 ad
739 1707 868 1752 gradus

83 1758 301 1794 academicos
318 1757 524 1792 auctoritate
540 1755 773 1791 ecclesiastica
791 1765 869 1789 con-

85 1805 309 1852 sequendos3

186 1852 257 1887 ΗΝ)
284 1851 433 1886 Privatio
453 1851 503 1886 vel
517 1850 706 1896 suspensio
724 1849 765 1884 ad
786 1854 870 1883 tem-

86 1911 150 1946 pus
177 1899 345 1939 muneris
372 1898 546 1934 facultatis
572 1898 623 1933 vel
648 1898 780 1942 gratiae
798 1896 867 1931 iam

86 1947 273 1988 obtentae;
595 1964 597 1966 -

76 1994 79 1997 '
184 1994 253 2029 ll.⁰
292 1992 444 2029 Privatio
482 1992 568 2028 iuris
608 1990 868 2038 praecedentiae

85 2041 138 2078 vel
166 2042 258 2077 vocis
292 2041 424 2076 activae
449 2044 482 2075 et
518 2040 673 2086 passivae
704 2039 755 2075 vel
783 2038 868 2073 iuris

85 2089 217 2125 ferendi
237 2088 356 2124 titulos
372 2087 526 2129 honoris,
543 2091 686 2130 vestem,
700 2085 867 2131 insignia,

84 2147 174 2182 quae
200 2135 352 2172 Ecclesia
381 2134 614 2176 concesserit;

186 2183 262 2218 120
287 2181 416 2218 Mulcta
442 2181 657 2229 pecuniaria.

132 2228 225 2276 cm„
242 2229 348 2266 2292.
381 2251 397 2256 -
419 2229 577 2265 Poenalis
595 2228 795 2275 suppressio
807 2233 868 2264 aut

84 2278 272 2314 translatio
296 2277 389 2313 sedis
417 2277 624 2324 episcopalis
641 2281 694 2312 est
714 2275 868 2311 Romano

85 2325 243 2361 Pontifici
271 2329 468 2367 reservata3
494 2324 587 2360 sedis
612 2329 729 2359 autem
751 2334 866 2369 paroe-

85 2372 196 2418 cialis‚
235 2383 257 2408 a
294 2372 447 2408 locorum
490 2369 691 2408 Ordinariis
728 2370 865 2406 decerni

84 2420 221 2465 nequit,
249 2419 316 2454 nisi
344 2431 424 2455 cum
449 2418 595 2454 consilio
629 2417 794 2464 Capituli.

134 2468 216 2504 Cm.
243 2465 347 2502 2293.
376 2488 393 2492 -
413 2471 433 2509 ἓ
461 2466 492 2501 1.
513 2465 660 2501 infamia
678 2470 729 2501 est
748 2465 799 2501 vel
819 2465 870 2500 iu-

86 2514 135 2550 ris
161 2514 214 2550 vel
242 2513 334 2549 facti.

132 2565 152 2604 ξ
178 2561 212 2596 2.
244 2561 392 2597 lnfamia
417 2561 504 2596 iuris
529 2560 589 2596 illa
615 2565 665 2595 est
691 2570 780 2605 quae
812 2569 868 2595 ca-

84 2609 182 2645 sibus
208 2609 282 2644 iure
298 2608 476 2644 communi
497 2607 670 2654 expressis
688 2606 864 2642 statuitur.

985 531 1003 568 ξ]
1023 526 1050 561 3.
1069 527 1214 563 infamia
1231 529 1307 562 lacti
1328 529 1556 570 conlraliilur,
1573 530 1710 574 quando

938 574 1029 618 quis.
1057 575 1098 608 oli
1129 580 1298 619 patratum
1318 577 1479 610 delictum
1504 577 1552 611 tel
1575 577 1614 611 ub
1637 589 1710 622 pra-

939 631 997 655 vos
1018 632 1141 656 mores.
1165 622 1288 657 bonam
1308 623 1598 657 existimationem
1619 625 1708 669 apud

940 667 1056 719 fideles
1084 670 1208 714 probos
1234 674 1263 704 et
1291 681 1410 713 grates
1435 671 1563 713 amisit,
1586 671 1710 716 dequo

940 715 1105 749 iudicium
1133 720 1261 761 spectat
1289 717 1329 750 ad
1358 717 1596 751 (rlrdinarinm.

986 766 1005 803 ᾗ
1032 760 1063 814 4..
1095 761 1220 797 Neutra
1239 764 1341 798 allicit
1369 763 1603 808 delinquentis
1629 776 1709 798 con—

938 819 1149 853 sanguineos
1174 815 1232 845 aut
1257 812 1386 849 allines,
1417 811 1513 844 lirmo
1549 812 1710 856 praeseri-

941 860 996 902 pto
1026 867 1100 891 can.
1131 855 1233 897 2147,
1262 861 1280 898 ἓ
1308 857 1341 896 2,
1372 869 1404 890 n.
1435 857 1466 890 23.

987 902 1070 938 Cn.
1101 902 1204 939 2294.
1229 923 1244 930 -
1273 908 1291 945 ξ
1323 905 1350 938 l.
1380 904 1445 946 Qui
1468 904 1708 938 infamiainris

940 949 1084 989 laborat,
1115 962 1183 986 non
1220 951 1329 985 solum
1364 956 1413 985 est
1447 951 1642 993 irregularis
1669 951 1709 985 ad

940 1009 1097 1032 normam
1133 1009 1210 1033 ean.
1244 996 1325 1039 984,
1364 1010 1397 1032 n.
1433 996 1463 1037 5,
1487 998 1543 1032 sed
1572 998 1711 1042 insuper

939 1049 989 1079 est
1025 1045 1190 1079 inhabilis
1224 1045 1265 1080 ad
1304 1045 1492 1080 obtinenda
1533 1045 1708 1079 benc-licia.

941 1093 1135 1137 pensiones,
1155 1092 1265 1127 cilicia
1290 1098 1321 1127 et
1348 1092 1534 1136 dignitates
1560 1092 1712 1126 eci-lesia-

939 1139 1055 1180 sticas,
1083 1140 1125 1174 ad
1153 1144 1250 1174 actus
1278 1139 1447 1184 legitimos
1465 1139 1710 1173 ecclesiasticos

942 1187 1181 1232 perficiendos,
1217 1186 1260 1221 ad
1299 1186 1496 1222 exercitium
1538 1186 1621 1220 iuris
1655 1191 1711 1220 aut

941 1234 1096 1269 muneris
1120 1233 1357 1274 ecclesiastici,
1385 1238 1416 1268 et
1443 1233 1581 1267 tandem
1606 1233 1711 1267 art-eri

940 1281 1041 1317 debet
1065 1292 1085 1316 a
1112 1281 1305 1316 ministerio
1332 1281 1367 1315 in
1398 1280 1504 1315 sacris
1532 1280 1714 1314 functioni-

941 1328 1006 1363 bus
1031 1328 1232 1363 exercendo.

989 1379 1007 1418 ξ
1035 1377 1066 1409 2.
1097 1375 1163 1419 Qui
1200 1374 1331 1410 laborat
1366 1374 1511 1409 infamia
1547 1374 1637 1414 facti,
1664 1384 1712 1407 re-

943 1423 1019 1469 pelli
1048 1422 1147 1458 debet
1174 1427 1246 1457 turn
1267 1421 1508 1468 arccipiendis
1533 1420 1714 1455 ordinibus

940 1470 983 1505 ad
1011 1481 1168 1505 normam
1196 1481 1273 1504 can.
1304 1467 1384 1512 987,
1414 1480 1448 1503 n.
1478 1467 1511 1510 7,
1539 1467 1716 1512 dignitati·

942 1518 1015 1559 bus,
1031 1516 1222 1559 beneficiis,
1238 1516 1358 1551 officiis
1371 1515 1623 1557 ecclesiasticis,
1641 1519 1712 1549 tum

940 1565 984 1600 ab
1002 1564 1191 1601 exercendo
1209 1574 1306 1599 sacro
1325 1562 1516 1597 ministerio
1533 1567 1565 1598 et
1579 1562 1622 1597 ab
1636 1562 1714 1596 acti-

942 1614 1006 1648 bus
1033 1612 1196 1657 legitimis
1225 1610 1478 1647 ecclesiasticis.

989 1660 1074 1695 Cn.
1104 1658 1207 1693 2295.
1240 1678 1254 1684 -
1290 1657 1437 1693 Infamia
1471 1656 1555 1691 iuris
1588 1655 1711 1690 desinit

941 1707 1012 1743 sola
1047 1707 1305 1753 dispensatione
1339 1716 1358 1739 a
1397 1703 1482 1739 Sede
1522 1702 1713 1748 Apostolica

941 1765 1128 1795 concessa;
1155 1753 1298 1788 infamia
1328 1752 1404 1787 sacti
1432 1762 1509 1785 cum
1538 1750 1625 1785 bona
1645 1750 1712 1784 exi-

942 1802 1094 1837 stimatio
1118 1801 1210 1847 apud
1239 1800 1355 1835 fideles
1383 1798 1504 1844 probos
1522 1802 1552 1832 et
1579 1808 1711 1841 graves,

941 1848 1104 1885 omnibns
1124 1848 1302 1894 perpensis
1327 1846 1499 1882 adiunctis
1517 1850 1547 1879 et
1570 1854 1716 1889 praeser-

941 1898 1003 1931 tim
1029 1896 1195 1931 diuturna
1230 1895 1276 1930 rei
1311 1893 1562 1929 emendatione.
1599 1890 1710 1927 suerit,

944 1943 1102 1990 prudenti
1131 1941 1307 1978 Ordinarii
1336 1940 1474 1978 iudicio,
1504 1942 1713 1983 recuperata.

989 1990 1071 2026 CAN.
1100 1989 1204 2024 2296.
1233 2010 1248 2014 -
1283 1992 1302 2031 ξ
1335 1987 1363 2022 1.
1390 1986 1423 2021 Si
1454 1991 1576 2030 agatur
1597 1986 1637 2019 de
1664 1995 1711 2019 re-

942 2039 1006 2074 bus
1031 2038 1073 2073 ad
1093 2049 1180 2083 quas
1197 2034 1431 2081 assequendas
1450 2033 1620 2079 capacitas
1642 2031 1714 2065 iure

941 2086 1117 2122 communi
1134 2084 1310 2126 statuitur,
1328 2080 1557 2117 inhabilitatis
1569 2089 1711 2125 poenam

943 2132 1098 2178 infligere
1125 2142 1194 2167 una
1221 2130 1326 2165 Sedes
1353 2127 1546 2174 Apostolica
1575 2130 1693 2172 potest.

989 2184 1008 2223 ἓ
1034 2179 1067 2214 2.
1096 2179 1170 2214 lura
1199 2178 1266 2213 iam
1286 2176 1441 2222 quaesita
1461 2186 1528 2209 non
1548 2174 1712 2208 amittun-

942 2233 998 2263 tur
1029 2227 1071 2262 ob
1105 2225 1405 2272 supervenientem
1446 2221 1710 2258 inhabilitatem,

942 2275 1008 2309 nisi
1038 2274 1117 2309 huic
1142 2273 1290 2309 addatur
1317 2281 1427 2317 poena
1455 2268 1666 2315 privationis.

989 2321 1073 2357 CAN.
1092 2320 1194 2355 2297.
1216 2340 1231 2345 -
1249 2318 1392 2354 Mulctas
1408 2316 1625 2362 pecuniarias
1640 2315 1712 2348 iure

941 2368 1117 2405 communi
1136 2367 1297 2407 inflictas,
1312 2375 1458 2410 quarum
1479 2362 1628 2405 erogatio
1645 2371 1710 2394 non

941 2417 985 2451 sit
1010 2416 1128 2451 eodem
1158 2415 1229 2449 iure
1262 2412 1451 2458 praefinita,
1470 2408 1713 2455 aliasqueiure

944 2463 1104 2510 peculiari
1133 2466 1278 2496 statutas
1306 2459 1356 2493 vel
1383 2458 1591 2493 statuendas.
1611 2455 1713 2489 (lrtli-

942 2511 1030 2545 narii
1068 2510 1217 2545 locorum
1252 2517 1390 2550 erogare
1425 2504 1549 2539 debent
1580 2504 1611 2536 in
1643 2502 1712 2546 pios

942 2570 1035 2595 usus,
1063 2568 1131 2591 non
1160 2566 1238 2590 vero
1265 2555 1298 2588 in
1327 2552 1545 2588 commodum
1576 2558 1711 2583 mensae

940 2603 1146 2652 episcopalis
1172 2607 1229 2637 aut
1253 2599 1464 2646 capitularis.

207 2704 303 2748 121.
339 2706 528 2750 Divisio
559 2705 685 2750 tituli
719 2707 767 2749 et
799 2702 1052 2758 inscriptio
1092 2699 1267 2754 capitis
1307 2696 1460 2752 primi.
1494 2694 1531 2733 Si
1560 2703 1710 2746 poenae

83 2775 367 2820 vindicativae
392 2777 666 2831 inspiciantur
699 2772 939 2826 formaliter,
965 2776 1003 2813 ut
1043 2786 1064 2810 c<
1089 2769 1340 2824 privationes
1373 2765 1544 2806 alh-niu<
1571 2761 1660 2802 itttlli
1688 2777 1703 2797 »

85 2845 195 2904 (can.
232 2845 379 2903 2215),
413 2845 515 2889 haec
550 2844 669 2897 bona,
703 2857 795 2888 cum
833 2843 917 2886 fere
952 2843 1164 2883 innumera
1189 2839 1281 2884 sint,
1306 2834 1524 2877 ‹lillirnlter
1549 2834 1583 2873 in
1609 2829 1709 2871 clas-

85 2930 151 2961 ses
182 2916 373 2961 distribui
419 2921 597 2973 possent,
632 2916 707 2958 nisi
742 2910 1006 2957 attendantur
1050 2919 1290 2952 communes
1333 2903 1548 2960 qualitates
1580 2899 1706 2942 ilelin-
