1950 3313
337 295 699 365 CODEX
761 297 1027 368 IURIS
1085 301 1585 371 CANONICI

710 511 921 574 Ltsstfiti
966 512 1228 577 Pl-tIMt'S

584 665 890 716 NORMAE
939 667 1347 719 GENERALES

190 832 273 867 Cn.
306 833 331 866 Ι.
354 853 368 857 -
389 832 477 867 Licet
508 832 541 866 in
568 833 692 879 Codice
721 834 922 869 iuriscano-

143 880 210 915 nici
241 879 410 915 Ecclesiae
436 891 573 925 quoque
604 880 794 916 Orientalis
821 882 921 917 disci-

144 927 236 974 plina
265 938 366 973 saepe
386 927 565 966 reseratur.
586 927 658 973 ipse
677 933 792 962 tamen
816 940 920 964 unam

142 975 280 1020 respicit
311 974 467 1009 Latinam
498 974 699 1012 Ecclesiam,
730 987 841 1021 neque
876 978 922 1010 t)-

142 1022 324 1057 rientalem
359 1021 500 1066 obligat,
531 1022 595 1056 nisi
631 1022 673 1057 de
710 1022 749 1057 iis
784 1028 920 1067 agatur,

142 1080 230 1114 quae
256 1081 293 1104 ex
325 1069 398 1115 ipsa
437 1069 482 1104 rei
514 1074 636 1104 natura
664 1070 766 1104 etiam
797 1071 922 1105 Orien-

140 1117 244 1152 talem
273 1116 444 1151 alliciunt.

190 1163 274 1199 Cas.
306 1164 337 1198 2.
369 1184 385 1189 -
415 1163 541 1203 Codex,
582 1164 796 1210 plerumque,
833 1166 920 1200 nibil

139 1211 295 1246 decernit
323 1211 364 1245 de
384 1210 510 1246 ritibus
535 1215 566 1245 et
586 1213 815 1246 caeremoniis
834 1224 921 1258 quas

142 1257 291 1302 liturgici
322 1258 413 1295 tibri.
441 1258 485 1293 ab
515 1257 663 1294 Ecclesia
698 1259 819 1294 Latina
849 1272 922 1305 pro-

142 1305 225 1346 buti,
247 1305 436 1341 servandas
461 1306 678 1352 praecipiunt
708 1307 741 1341 in
771 1307 921 1342 celebra-

141 1352 234 1387 tione
268 1353 478 1388 sacrosancti
521 1352 645 1389 Missae
679 1354 854 1391 sacrificii.
885 1355 919 1389 in

140 1400 447 1436 administratione
473 1400 780 1436 sacramentorum
809 1407 840 1437 et
860 1401 920 1437 Sa-

136 1448 406 1483 cramentalium
438 1448 585 1493 aliisque
620 1451 728 1483 sacris
757 1460 921 1495 peragen-

139 1494 205 1529 dis.
236 1494 351 1538 Quare
377 1506 499 1530 omnes
528 1495 705 1539 liturgicae
734 1496 823 1537 leges
852 1497 919 1531 vim

139 1553 238 1576 suam
279 1542 442 1577 retinent.
471 1542 536 1577 nisi
571 1554 691 1578 earum
731 1544 849 1589 aliqua
885 1545 918 1578 in

139 1588 264 1624 Codice
290 1600 450 1635 expresse
476 1590 681 1635 corrigatur.

187 1636 271 1671 cm.
302 1636 321 1670 3
359 1657 376 1664 -
397 1636 534 1671 Codicis
568 1648 719 1672 canones
748 1638 851 1673 initas
877 1638 920 1673 ab

139 1683 337 1728 Apostolica
365 1682 451 1719 Sede
477 1695 555 1719 cum
583 1685 688 1720 variis
715 1684 920 1720 Nationibus

139 1731 389 1766 conventiones
430 1731 630 1767 nullatenus
664 1733 833 1777 abrogant
861 1738 919 1768 aut

141 1777 183 1811 iis
208 1778 340 1824 aliquid
380 1778 569 1823 obrogant:
599 1790 659 1815 eae
699 1780 825 1815 idcirco
866 1792 919 1826 pe-

139 1825 239 1860 rinde
265 1836 304 1859 ac
344 1826 378 1860 in
416 1837 580 1871 praesens
620 1827 733 1870 vigere
762 1833 917 1873 pergent,

136 1873 324 1907 contrariis
370 1873 474 1908 huius
518 1873 655 1909 Codicis
700 1875 920 1920 praescriptis

140 1919 287 1955 minime
313 1919 547 1955 obstantibus.

187 1966 256 2001 Cn
295 1973 325 2001 4.
341 1987 364 1993 -
380 1967 456 2002 lura
482 1967 560 2002 aliis
579 1968 748 2014 quaesita,
769 1968 921 2014 itemque

140 2014 322 2060 privilegia
348 2020 453 2060 atque
474 2015 606 2050 indulta
628 2027 730 2061 quae,
751 2015 795 2051 ab
812 2017 920 2062 Apos-

136 2061 239 2096 tolica
288 2061 374 2097 Sede
412 2062 454 2096 ad
495 2062 578 2097 haec
618 2074 725 2108 usque
764 2068 920 2108 tempora

140 2109 296 2154 personis
331 2109 403 2144 sive
440 2109 592 2155 physicis
631 2110 701 2145 sive
730 2110 920 2146 moralibus

138 2167 314 2192 concessa.
337 2156 371 2190 in
401 2168 463 2191 usu
491 2157 604 2192 adbuc
632 2162 713 2192 sunt
743 2168 802 2193 nec
830 2160 922 2193 ‘revo-

135 2208 226 2238 cata.
257 2203 391 2248 integra
420 2209 578 2243 manent.
601 2204 666 2239 nisi
696 2204 798 2240 huius
820 2203 919 2240 Codi-

135 2251 187 2285 cis
213 2252 409 2286 canonibus
434 2262 594 2297 expresse
621 2258 838 2287 revocentur.

186 2296 270 2333 Cas.
301 2297 334 2333 5.
353 2319 370 2324 -
391 2297 554 2344 Vigentes
582 2298 617 2333 in
647 2310 811 2345 praesens
837 2311 919 2334 con-

138 2349 190 2380 tra
218 2345 340 2380 horum
368 2350 497 2381 statuta
532 2357 706 2381 canonum
735 2352 918 2382 consuetu-

138 2391 238 2427 dines
261 2392 332 2428 sive
352 2393 566 2429 universales
584 2393 656 2429 sive
678 2394 917 2440 particulares,

137 2439 165 2473 si
193 2439 333 2484 quidem
363 2440 445 2485 ipsis
463 2440 659 2476 canonibus
685 2452 845 2487 expresse
871 2453 919 2477 re-

132 2486 328 2532 probentur,
369 2492 537 2533 tanquam
580 2488 666 2523 iuris
705 2489 920 2534 corruptelae

138 2533 368 2577 corrigantur,
396 2534 474 2570 licet
507 2535 577 2569 sint
613 2534 918 2577 immemorabiles‚

139 2591 225 2615 neve
243 2581 407 2616 sinantur
433 2581 467 2616 in
489 2587 662 2627 posterum
691 2583 915 2620 revixiscere:

135 2627 236 2664 aliae.
264 2639 352 2674 quae
378 2629 518 2674 quidem
545 2631 768 2666 centenariae
794 2631 865 2665 sint
883 2636 914 2665 et

139 2675 444 2717 immemorabiles,
461 2676 597 2712 tolerari
620 2682 791 2722 poterunt,
807 2679 834 2712 si
856 2676 918 2713 Or·

136 2722 264 2758 dinarii
313 2734 371 2766 pro
415 2723 565 2758 locorum
609 2735 647 2759 ac
690 2736 916 2770 personarum

135 2769 312 2805 adiunctis
338 2769 537 2805 existiment
555 2781 613 2806 eas
633 2772 820 2818 prudenter
837 2772 918 2807 sub-

139 2817 268 2852 moveri
283 2828 351 2852 non
366 2827 480 2863 posse:
495 2822 628 2853 ceterae
641 2830 847 2865 suppressae
863 2820 918 2854 ha-

137 2863 297 2904 beantur,
312 2865 376 2898 nisi
388 2875 550 2910 expresse
561 2863 671 2901 Codex
682 2867 776 2901 atiud
788 2871 919 2902 caveat.

1045 834 1128 870 (Lxx.
1159 837 1190 869 ti.
1214 858 1227 861 -
1247 838 1357 872 <lodex
1382 838 1552 881 xigcntem
1584 840 1646 873 ltttt·
1669 853 1776 886 usque

997 883 1219 928 disciplinam
1268 884 1471 929 plerumque
1515 887 1649 923 retinet.
1702 888 1775 923 licet

997 934 1210 976 opportunas
1240 931 1502 966 immutationes
1540 935 1671 969 atterat.
1713 934 1776 969 lta-

998 989 1087 1022 que:

1098 1024 1145 1058 l.0
1174 1024 1275 1067 {xj-res
1315 1026 1502 1070 quaelibet.
1532 1027 1601 1061 sixt·
1644 1029 1777 1063 unixcr-

997 1071 1084 1106 sales
1104 1072 1174 1105 sive
1192 1073 1425 1116 particulares
1441 1075 1658 1119 praescriptis
1676 1075 1775 1109 liuius

999 1119 1133 1153 Codicis
1167 1120 1356 1163 oppositae.
1386 1120 1610 1165 abrogantur.
1643 1123 1706 1155 nisi
1735 1124 1774 1158 de

999 1166 1268 1211 particularibus
1315 1167 1447 1211 legibus
1485 1168 1577 1202 aliud
1619 1180 1775 1214 expresse

997 1218 1177 1248 caveatur:

1092 1264 1140 1295 25³
1167 1261 1327 1295 (janones
1363 1261 1419 1307 qui
1452 1262 1502 1296 ius
1531 1267 1626 1297 vetus
1661 1274 1698 1298 ex
1729 1264 1776 1297 iu·

997 1312 1091 1352 tegro
1119 1309 1284 1346 referunt,
1311 1320 1348 1343 cx
1387 1309 1509 1343 icteris
1551 1310 1634 1344 iuris
1660 1316 1773 1345 aucto-

997 1355 1108 1395 ritate,
1135 1360 1238 1400 atque
1259 1356 1332 1389 ideo
1359 1367 1397 1389 ex
1418 1357 1563 1402 receptis
1589 1357 1678 1402 apud
1701 1369 1774 1402 prn-

998 1402 1093 1436 batos
1120 1407 1277 1437 auctores
1306 1403 1664 1448 interpretationibus.
1694 1410 1772 1439 sunt

995 1449 1227 1493 aestimandi3

1091 1497 1144 1530 3.0
1171 1496 1331 1531 Canones
1359 1497 1415 1542 qui
1449 1508 1486 1531 ex
1518 1502 1611 1542 parte
1638 1503 1772 1533 tantum

995 1556 1073 1578 cum
1103 1545 1204 1579 veteri
1247 1544 1319 1579 iure
1354 1550 1560 1587 congruunt.
1587 1557 1655 1590 qua
1694 1557 1774 1581 con-

995 1597 1138 1635 gruunt,
1179 1603 1216 1626 ex
1263 1591 1335 1626 iure
1376 1592 1522 1636 antiqno
1564 1592 1772 1628 aestimandi

995 1643 1097 1678 sunt;
1119 1650 1185 1684 qua
1212 1639 1424 1683 discrepant..
1447 1644 1525 1673 sunt
1546 1650 1583 1673 ex
1605 1651 1665 1674 sua
1687 1640 1775 1686 ipso-

995 1697 1070 1720 rum
1100 1686 1273 1721 sententia
1300 1686 1539 1729 ‹liiudicandi3

1090 1732 1142 1767 4.‘'
1162 1732 1196 1767 ln
1217 1733 1322 1767 dubio
1341 1744 1423 1767 num
1444 1733 1582 1778 aliquod
1599 1745 1772 1768 canonum

997 1780 1245 1825 praescriptum
1275 1792 1353 1814 cum
1375 1781 1477 1815 veteri
1500 1781 1571 1815 iure
1590 1781 1771 1827 discrepet,

994 1838 1013 1861 a
1042 1828 1144 1862 veteri
1175 1828 1246 1862 iure
1275 1839 1341 1861 non
1371 1833 1420 1862 est
1448 1828 1700 1864 recedendum:

1090 1873 1142 1909 50
1170 1874 1267 1917 Quod
1305 1875 1346 1909 ad
1378 1886 1503 1919 poenas
1530 1875 1663 1913 attinet,
1692 1887 1773 1920 qua-

996 1933 1070 1955 rum
1101 1922 1133 1955 in
1164 1922 1288 1956 (lodice
1318 1922 1411 1956 nulla
1441 1921 1475 1956 fit
1505 1923 1646 1956 mentio.
1677 1922 1776 1968 spiri-

994 1969 1104 2003 tuales
1130 1969 1199 2003 sint
1228 1969 1278 2003 vel
1306 1969 1525 2014 temporales,
1549 1969 1773 2004 medicinales

996 2016 1059 2054 vel,
1087 2021 1122 2050 ut
1162 2021 1295 2056 vocant,
1324 2016 1567 2056 vindic-ativae,
1599 2017 1686 2051 latae
1722 2017 1771 2052 vel

997 2063 1156 2098 terendae
1183 2064 1390 2103 sententiae,
1411 2074 1470 2098 eae
1490 2069 1654 2109 tanquam
1675 2063 1772 2098 abro-

994 2115 1093 2155 gatae
1121 2111 1336 2149 babeantur;

1089 2156 1141 2192 50
1155 2156 1275 2203 Siqua
1289 2168 1326 2192 ex
1343 2157 1465 2193 ceteris
1488 2157 1773 2203 disciplinaribus

995 2204 1141 2247 legibus,
1170 2216 1259 2250 qnae
1299 2215 1406 2250 usque
1432 2205 1545 2239 adbuc
1573 2204 1770 2249 viguerunt.

994 2262 1058 2286 necl
1083 2252 1242 2298 explicite
1278 2263 1340 2287 nec
1377 2252 1544 2297 implicite
1584 2252 1617 2285 in
1650 2251 1772 2286 (lodice

993 2299 1226 2336 contineatur.
1255 2310 1291 2334 ea
1330 2299 1397 2333 vim
1437 2310 1576 2334 omnem
1613 2299 1772 2333 amisisse

993 2346 1141 2381 dicenda
1166 2350 1230 2385 est,
1262 2346 1328 2380 nisi
1360 2346 1392 2380 in
1424 2346 1575 2392 probatis
1603 2345 1772 2389 liturgicis

996 2393 1092 2427 libris
1127 2394 1329 2440 reperiatur.
1359 2399 1419 2428 aut
1455 2394 1504 2429 lex
1533 2393 1575 2427 sit
1616 2393 1699 2427 iuris
1725 2393 1773 2426 ‹li-

995 2440 1064 2474 vini
1093 2441 1164 2475 sive
1194 2440 1327 2486 positivi
1355 2451 1426 2475 site
1455 2439 1635 2475 naturalis.

1042 2488 1125 2522 (las.
1156 2487 1188 2521 7.
1213 2509 1229 2513 -
1259 2486 1405 2522 Nomine
1433 2486 1530 2522 Sedis
1559 2486 1771 2531 ,apostolieae

995 2535 1044 2569 vet
1085 2534 1233 2570 Sanctae
1260 2535 1359 2570 Sedis
1399 2535 1432 2569 in
1467 2534 1527 2569 boc
1567 2532 1690 2569 Codice
1717 2544 1768 2567 ve·

994 2582 1095 2616 niunt
1132 2593 1200 2617 non
1237 2582 1347 2616 sotum
1391 2581 1567 2616 Romanus
1605 2580 1770 2618 Pontifex.

992 2629 1048 2663 scd
1077 2629 1194 2669 ctiam,
1223 2629 1287 2663 nisi
1327 2639 1364 2662 ex
1394 2629 1439 2663 rei
1479 2633 1601 2663 natura
1629 2627 1678 2659 wt
1707 2637 1770 2659 ser-

993 2676 1107 2711 monis
1133 2681 1293 2711 contextu
1313 2676 1405 2711 aliud
1426 2680 1603 2720 appareat.
1625 2675 1770 2717 (Longrc-

991 2722 1159 2767 gationes.
1189 2722 1402 2759 Tribunalia.
1431 2722 1564 2761 (illicia,
1593 2732 1650 2761 per
1683 2730 1770 2765 quae

993 2771 1081 2805 idem
1112 2769 1287 2805 Romanus
1317 2769 1467 2803 Pontifex
1499 2768 1632 2809 negotia
1657 2766 1768 2801 Eccle-

992 2818 1062 2852 siae
1091 2817 1270 2851 unii‘ersac
1297 2816 1455 2861 expedire
1483 2816 1580 2850 solet.
