1950 3313
107 210 201 247 Can.
227 209 322 245 2338
473 209 558 243 TIT.
575 209 685 244 XIII.
702 230 711 234 -
728 210 784 245 De
797 211 947 245 delictis
961 215 1095 246 contra
1111 215 1360 247 (uictor-irates-
1661 214 1730 244 00‘3

1663 238 1716 247 --n

110 343 280 388 poenae,
303 333 341 383 a)
373 329 575 382 alterutri,
600 342 760 385 nempe,
786 328 1040 373 celebrantes
1063 332 1114 374 oi)
1146 334 1389 375 exercitium
1427 335 1635 388 potestatis
1668 348 1731 375 or-

108 403 217 445 dinis
252 400 312 444 vel
345 398 551 443 celebrari
584 412 656 455 per
698 399 799 443 alios
842 400 1015 443 clericos
1057 400 1260 458 sevientes
1300 404 1423 448 iussn.
1461 406 1592 446 minis.
1626 404 1733 447 sedi-

110 475 234 527 tione,
269 471 313 529 b)
345 469 491 514 divina
523 469 669 526 supple
707 486 728 510 α
751 471 883 514 ossicia
906 487 926 512 »
965 485 1013 514 cx
1048 477 1241 515 contextu
1276 478 1313 516 et
1349 476 1385 516 in
1419 474 1464 531 ξ’
1501 487 1633 530 praec.
1668 475 1734 518 ‹le-

109 543 278 598 clarata,
303 545 340 596 c)
363 541 406 585 in
439 540 542 584 locis
570 556 589 581 ((
614 540 665 584 ab
689 539 926 596 Ordinario,
954 542 1015 585 rel
1050 543 1239 600 delegato
1275 545 1424 598 iudice,
1446 545 1506 588 rel
1541 560 1561 588 u
1599 548 1684 590 iure
1708 562 1729 586 »

112 615 198 673 (cit.
218 612 368 670 const.)
392 610 659 660 interdictis:
691 611 817 655 altera
845 626 942 656 vero
967 626 1060 669 pars
1084 627 1161 656 non
1188 628 1330 670 parum
1357 615 1491 658 ‹litl'ert
1516 617 1566 659 al)
1590 618 1732 660 eadem

113 697 242 742 poena
278 697 349 741 per
382 682 494 726 illam
528 688 687 728 const.m
722 684 887 732 inilicta,
923 684 1030 727 unde
1069 701 1090 724 «
1114 698 1163 727 ex
1197 698 1268 728 sua
1310 688 1436 742 ipsius
1466 687 1499 742 ξ’
1534 691 1734 731 sententia

113 761 172 800 est
207 754 569 799 diiudicandum»
609 753 716 811 (can.
753 754 791 805 6,
826 753 888 811 3⁰)
924 757 1222 811 praescriptum
1257 769 1460 813 sequens:
1498 758 1557 800 rel
1590 758 1735 801 admit-

115 832 259 877 tenteS,
294 830 338 870 ut
370 830 554 869 rectores
601 825 888 880 ecclesiarum,
922 825 1039 869 liisve
1086 825 1242 869 similes
1285 828 1465 870 fortassis
1497 830 1738 884 Superiores

114 902 156 953 a)
182 897 237 942 ad
259 896 509 941 celebranda
541 896 675 955 officia
708 896 854 939 (terina
888 910 966 940 non
991 897 1220 954 quaelibet3
1255 898 1325 941 sed
1362 897 1402 954 b)
1423 912 1737 955 percensuram

114 983 190 1014 ceu
227 981 400 1026 poenam
438 967 726 1012 medicinalem
752 968 881 1011 vetita
904 981 976 1025 pro
1001 968 1186 1012 eiusdem
1212 968 1467 1024 diversitate,
1487 971 1740 1028 proindeque

115 1044 153 1094 c)
184 1039 373 1091 clericos,
407 1041 502 1097 quia
535 1039 586 1082 de
620 1039 774 1082 divinis
816 1039 961 1082 officiis
1003 1041 1153 1095 agitur,
1186 1039 1256 1082 sed
1301 1040 1550 1084 disiunctive
1584 1056 1740 1084 ercom-

116 1110 351 1154 municatos
383 1109 728 1166 transgrediendo
771 1108 950 1167 aliquem
992 1122 1040 1152 ex
1075 1119 1166 1153 can.
1201 1109 1466 1166 22592261,
1498 1111 1743 1156 interdictos

119 1181 403 1240 personaliter.
431 1180 493 1224 vel
528 1180 580 1224 ab
613 1183 799 1236 ingressu
834 1180 1049 1234 ecclesiae,
1073 1193 1120 1224 ac
1146 1185 1361 1238 propterea
1395 1195 1488 1225 cum
1524 1188 1743 1240 transgres-

117 1256 232 1297 sione
265 1265 356 1296 can.
390 1251 519 1306 2275,
554 1251 681 1306 2277,
715 1265 937 1308 suspensos
970 1251 1220 1308 generaliter
1256 1252 1318 1295 vei
1358 1269 1379 1293 «
1402 1252 1453 1296 ab
1486 1254 1619 1297 cilicio
1652 1258 1745 1298 sim-

119 1324 324 1382 pliciter»
355 1322 419 1366 vel
449 1338 471 1363 t(
495 1321 538 1365 20
562 1334 583 1366 a
608 1322 763 1365 divinis
786 1338 805 1363 ))
835 1327 874 1366 et
896 1321 948 1365 ab
971 1322 1061 1365 aliis
1084 1327 1221 1379 postea
1248 1326 1501 1367 enumeratis
1522 1325 1598 1368 sul)
1619 1325 1664 1383 §⁰
1688 1327 1745 1374 2³,

119 1401 222 1440 cans.
249 1392 559 1452 2279,Ϊ-(1)ροεῐ
591 1393 844 1436 sententiam
877 1397 1013 1436 tamen
1048 1392 1376 1436 (leclaratoriam
1414 1394 1474 1437 rel
1506 1395 1747 1439 condemna-

121 1467 275 1511 toriam
306 1465 387 1509 illis
420 1467 458 1508 in
494 1464 594 1509 locis
625 1464 891 1521 explicatam,
925 1468 964 1507 et
996 1476 1103 1521 quae
1150 1464 1321 1521 ampliat
1368 1465 1664 1521 prohibitiones
1697 1482 1744 1511 ex

120 1549 294 1582 censura
330 1538 635 1593 provenientes.
672 1534 897 1593 Hucusque
931 1534 1128 1578 declarati
1163 1540 1329 1578 manent
1361 1535 1661 1594 delinquentes.
1691 1539 1748 1581 Ac

123 1609 225 1653 bene
274 1607 502 1651 notandum
552 1611 625 1661 est,
659 1607 769 1664 quod
821 1606 992 1650 verbum
1032 1608 1297 1649 «scienter»
1336 1609 1450 1649 initio
1488 1608 1522 1662 §1
1559 1611 1747 1664 positum,

122 1678 476 1738 quemadmodum
515 1693 538 1719 «
560 1677 819 1722 celebrantes
869 1677 931 1720 vel
980 1676 1182 1721 celebrari
1230 1678 1469 1721 facientes»
1512 1678 1649 1734 afficit,
1693 1683 1750 1723 sic

122 1764 287 1809 quoque
321 1748 373 1793 ob
406 1752 645 1792 contextum
679 1748 953 1792 subaudiatur
985 1753 1146 1802 oportet
1178 1748 1311 1805 quoad
1352 1749 1720 1796 «admittentes».

241 1820 399 1877 Singuli
443 1832 544 1862 vero
578 1821 616 1862 in
651 1819 694 1873 ἕο
728 1821 919 1863 recensiti
954 1831 1033 1876 qua
1068 1819 1357 1876 delinquentes
1396 1820 1664 1864 interdictum
1703 1822 1750 1864 ab

124 1893 319 1950 inqressu
351 1891 551 1934 ecelesiae
584 1890 692 1948 (can.
730 1890 861 1944 2277)
897 1890 987 1947 ipso
1021 1889 1126 1946 iure,
1156 1890 1263 1946 quod
1301 1890 1406 1933 idem
1443 1896 1503 1934 est
1535 1905 1582 1935 ac
1620 1908 1639 1933 ((
1665 1895 1751 1948 ipso

125 1966 230 2008 facto
263 1964 472 2006 commissi
507 1961 692 2005 delicti»
730 1961 840 2018 (can.
876 1961 1003 2015 2217,
1026 1963 1051 2014 ἓ
1077 1961 1113 2015 l,
1147 1974 1185 2003 n.
1221 1961 1263 2003 20
1298 1966 1334 2004 et
1359 1964 1383 2015 g
1408 1961 1449 2018 2)
1485 1962 1752 2013 contrahunt,

126 2037 177 2079 ita
213 2040 255 2078 ut
289 2036 424 2077 statim
461 2032 561 2076 illud
595 2045 766 2076 servare
799 2031 977 2076 debeant
1010 2031 1153 2085 clerieo,
1184 2031 1363 2075 arbitrio
1396 2032 1486 2075 eius
1518 2033 1636 2076 euius
1667 2048 1754 2076 sen-

128 2105 302 2149 tentiam
333 2117 456 2161 supra
501 2104 654 2147 dictam
697 2103 841 2146 saltem
880 2118 902 2143 «
924 2102 1241 2146 declaratoriam
1265 2118 1287 2143 »
1326 2108 1672 2161 eontempxernnt,
1706 2119 1753 2147 ac

127 2175 300 2234 proinde
323 2174 481 2233 absque
505 2176 735 2231 ignorantia
762 2174 997 2230 praedictae
1019 2175 1247 2217 sententiae
1272 2175 1323 2217 ita
1348 2173 1625 2231 deliquerunt,
1645 2176 1752 2233 quod

127 2251 157 2292 si
194 2248 261 2292 illa
294 2248 419 2291 suerit
449 2246 637 2290 affectata
681 2259 760 2288 non
805 2249 1058 2289 excusantur
1090 2243 1141 2288 ob
1174 2246 1227 2299 ἕω
1262 2245 1327 2300 1¹²¹,
1362 2251 1469 2288 can.S
1502 2245 1626 2288 2229.
1662 2260 1753 2289 eon-

125 2318 499 2377 91·uenteri11dici0
524 2317 632 2360 illius
654 2316 955 2375 satisfecerint.
980 2315 1094 2359 Tunc
1117 2317 1227 2359 enim
1246 2315 1404 2359 absolvi
1431 2321 1619 2372 poterunt
1644 2319 1755 2360 iuxta

129 2402 330 2434 censurae
374 2394 562 2433 naturam
609 2391 647 2431 in
693 2400 783 2432 can.
818 2387 945 2441 2248,
980 2387 1056 2441 §1
1105 2386 1357 2443 explicitam,
1400 2392 1603 2443 postrema
1647 2390 1753 2430 enim

129 2460 313 2505 clausula
348 2465 407 2504 est
444 2459 565 2503 valde
589 2459 755 2502 diversa
779 2458 830 2502 ab
853 2458 980 2502 altera
1011 2474 1032 2499 «
1054 2457 1105 2501 ad
1140 2456 1443 2514 beneplacitum
1463 2459 1695 2514 Superioris
1719 2474 1757 2510 )),

130 2533 468 2589 quae-constituit
493 2543 666 2586 poenam
696 2530 993 2573 vindicativam
1019 2528 1323 2572 «interdictum
1348 2528 1399 2572 ab
1424 2531 1607 2585 ingressu
1633 2528 1760 2571 eccle-

129 2605 252 2647 siae»
281 2604 339 2645 sic
373 2606 569 2645 statutum
609 2602 717 2658 (can.
754 2600 880 2655 2291,
917 2599 993 2657 20).

249 2674 399 2717 Statuit
431 2678 712 2728 congruenter
744 2674 821 2714 iuri
858 2671 1136 2728 praecedenti,
1169 2670 1239 2713 sed
1273 2669 1413 2713 Codici
1458 2674 1601 2726 aptans
1623 2662 1757 2724 'prac-

131 2743 393 2801 scriptumg
425 2745 467 2786 4.
505 2742 588 2796 Qui
626 2757 794 2786 eausam
832 2741 1051 2797 dederunt,
1083 2740 1240 2784 scilicet
1286 2754 1357 2797 per
1399 2740 1608 2790 delictum,
1643 2740 1759 2782 cuius

134 2818 190 2858 rei
227 2816 391 2858 suerunt
425 2814 473 2857 ad
510 2826 696 2857 normam
722 2827 810 2856 can.
835 2813 960 2867 2209,
985 2815 1036 2867 §g
1061 2811 1145 2863 1-3,
1170 2810 1211 2868 a)
1236 2810 1475 2853 interdictio
1509 2809 1647 2864 locali,
1671 2811 1759 2851 sive

139 2901 159 2926 ((
183 2887 305 2929 fuerit
330 2884 524 2942 generale
546 2900 569 2925 2>
593 2884 700 2942 (can.
724 2884 868 2940 2271),
888 2886 977 2927 sive
1000 2882 1158 2925 «locali
1184 2881 1462 2938 particulari»
1486 2880 1592 2937 (can.
1616 2878 1760 2935 2272),

136 2962 210 3000 aut
235 2956 277 3013 b)
301 2954 527 2999 interdicto
561 2955 605 2998 in
637 2955 973 2998 communitatem
1009 2967 1080 2996 seu
1113 2952 1348 3008 colleqium,
1377 2968 1397 2991 «
1422 2953 1476 2994 uti
1513 2950 1632 2993 talem
1661 2965 1680 2989 ))
1709 2949 1758 2991 ad
