1950 3313
610 138 736 163 mmlx
763 138 955 165 CANONUM
982 140 1032 164 ΕΤ
1059 140 1336 167 COMMENTARH
1716 136 1784 171 327

1592 263 1668 285 CAN.
1709 264 1785 285 PAG.

163 306 274 341 Circa
298 306 560 351 receptionem
587 311 918 341 sacramentorum
945 312 985 342 et
1011 311 1352 345 sacramentalium
1406 339 1413 346 .
1518 340 1524 346 .
1576 314 1669 347 2260
1723 314 1786 348 133

162 365 219 399 De
245 369 577 399 sacramentorum
603 368 643 398 et
669 367 1012 400 sacramentalium
1039 367 1282 403 confectione
1301 376 1341 403 et
1363 370 1525 405 admini-

256 424 449 458 stratione
525 450 533 458 .
636 451 643 457 .
747 451 753 457 .
857 451 863 458 .
967 453 973 459 .
1077 456 1083 462 .
1187 455 1192 460 .
1298 457 1303 462 .
1408 457 1413 462 .
1518 459 1522 464 .
1575 431 1664 465 2261

163 483 275 518 Aliae
301 494 498 517 sacrorum
526 482 812 527 prohibitiones
857 512 863 518 .
966 512 972 518 .
1076 513 1082 519 .
1187 515 1192 520 .
1296 515 1302 521 .
1407 516 1412 522 .
1516 517 1521 523 .
1575 490 1668 523 2262
1722 492 1786 525 135

163 541 297 584 Quoad
322 546 434 576 actus
460 541 673 586 legitimos.
702 542 777 576 etsi
805 554 882 577 non
910 555 1038 578 sacros
1076 571 1082 577 .
1186 573 1192 579 .
1296 573 1302 580 .
1407 575 1413 581 .
1516 575 1522 581 .
1575 549 1668 582 2263
1721 551 1786 583 136

163 601 275 636 Circa
300 600 587 635 iurisdictionis
617 601 865 635 exercitium.
967 631 972 636 .
1077 632 1083 637 .
1187 633 1192 638 .
1297 633 1303 639 .
1407 634 1412 639 .
1517 635 1523 641 .
1576 609 1667 642 2264
1723 610 1787 644 138

160 661 274 695 Aliae
299 660 586 706 prohibitiones
635 684 645 694 .
748 688 754 696 .
858 689 864 694 .
967 690 973 696 .
1077 690 1084 697 .
1187 691 1193 698 .
1297 693 1303 698 .
1407 693 1413 699 .
1518 695 1523 700 .
1577 668 1670 702 2265

162 719 324 766 Propria
357 718 584 754 differentia
619 720 725 754 inter
758 722 1136 756 excommunicatum
1174 728 1262 768 post
1289 725 1527 759 sententiam

255 784 297 814 et
325 779 531 814 vitandum
631 806 639 814 .
743 807 749 813 .
854 809 860 815 .
963 808 969 814 .
1077 809 1083 814 .
1187 809 1193 815 .
1297 811 1303 816 .
1408 811 1414 817 .
1519 813 1525 819 .
1577 786 1670 819 2266
1722 787 1788 821 140

164 838 476 874 Communicatio
504 839 544 873 in
571 839 744 884 profanis
770 839 971 884 prohibita
997 841 1143 875 directe
1174 841 1355 877 fidelibus
1408 871 1414 876 .
1518 873 1523 878 .
1577 845 1669 880 2267

690 947 787 981 ART.
815 947 864 981 ΙΙ.
893 967 936 973 -
963 947 1019 982 De
1045 950 1262 984 interdicto.

162 1005 341 1040 Canones
366 1005 569 1041 2268-2277
636 1033 642 1039 .
746 1033 753 1040 .
857 1034 863 1040 .
968 1034 973 1040 .
1077 1035 1083 1040 .
1188 1035 1194 1041 .
1300 1036 1306 1042 .
1410 1036 1416 1042 .
1519 1037 1525 1043 .
1723 1012 1780 1044 141

163 1064 345 1099 Schema:
375 1066 462 1099 Art.
490 1065 543 1099 II.
571 1065 629 1099 De
656 1065 870 1100 interdicto
969 1092 976 1100 .
1081 1095 1087 1100 .
1190 1095 1196 1101 .
1301 1095 1306 1101 .
1411 1096 1416 1101 .
1521 1097 1526 1102 .
1723 1071 1789 1103 142

167 1124 377 1169 Inscriptio
403 1124 562 1158 articuli
589 1128 629 1158 et
654 1124 746 1158 ordo
773 1136 966 1159 canonum
1079 1154 1085 1160 .
1189 1154 1195 1160 .
1301 1157 1305 1161 .
1409 1155 1415 1161 .
1520 1155 1526 1161 .
1723 1128 1789 1161 143

165 1182 375 1217 Interdicti
400 1183 512 1218 notio
538 1188 579 1217 et
604 1184 812 1229 praecipua
837 1184 1043 1219 distinctio
1080 1213 1086 1218 .
1190 1214 1195 1219 .
1300 1213 1306 1219 .
1411 1213 1417 1220 .
1520 1214 1527 1220 .
1579 1187 1672 1221 2268

159 1242 370 1276 Interdicti
397 1246 536 1277 auctor
559 1247 600 1277 et
630 1242 865 1277 subiectum.
968 1272 976 1280 .
1079 1272 1085 1278 .
1189 1273 1194 1278 .
1299 1273 1306 1279 .
1410 1273 1416 1279 .
1520 1272 1526 1279 .
1579 1246 1671 1279 2269
1726 1248 1789 1280 144

159 1302 368 1336 Interdicti
394 1302 533 1336 localis
558 1302 774 1347 prohibitio
800 1303 999 1337 limitatur
1078 1332 1083 1337 .
1188 1331 1194 1337 .
1299 1332 1304 1338 .
1409 1332 1414 1338 .
1519 1333 1524 1338 .
1578 1306 1672 1339 2270
1724 1306 1789 1339 146

161 1361 444 1395 Pei-missiones
469 1372 517 1395 ex
544 1361 641 1395 iure.
745 1389 751 1395 .
856 1389 862 1396 .
967 1390 972 1396 .
1078 1391 1084 1397 .
1188 1391 1193 1396 .
1300 1392 1304 1396 .
1410 1391 1415 1396 .
1520 1392 1526 1398 .
1579 1364 1669 1398 2271
1724 1364 1789 1398 148

159 1419 336 1454 Effectus
362 1420 565 1454 interdicti
590 1420 725 1455 localis
751 1422 1001 1466 particularis
1578 1423 1670 1457 2272
1724 1424 1783 1457 151

160 1479 313 1513 Localis
340 1479 540 1514 interdicti
572 1480 862 1524 interpretatio.
1577 1482 1670 1516 2273
1722 1482 1788 1516 152

160 1538 373 1583 Multiplex
400 1539 603 1583 personale
630 1539 886 1573 interdictum
1578 1541 1671 1575 2274
1724 1541 1788 1574 153

162 1597 457 1632 Prohibitiones
483 1609 531 1632 ex
557 1599 752 1643 personali
778 1599 991 1634 interdicto
1576 1601 1669 1634 2275
1722 1601 1789 1634 154

164 1656 221 1690 De
249 1656 589 1691 Sacramentorum
614 1658 836 1702 receptione
862 1659 948 1692 sine
967 1659 1214 1693 absolutione
1232 1659 1279 1693 ab
1298 1659 1525 1694 interdicto.
1578 1660 1670 1694 2276
1724 1660 1787 1693 155

158 1716 422 1750 Interdictum
448 1716 641 1760 partiale.
1576 1719 1668 1753 2277
1722 1718 1786 1753 157

657 1824 756 1857 ART.
783 1824 852 1858 III.
882 1844 924 1849 ——
951 1824 1008 1859 De
1032 1827 1296 1869 suspensione.

162 1883 339 1917 Canones
366 1882 570 1917 2278-2285
635 1912 640 1917 .
745 1910 751 1916 .
856 1910 862 1916 .
965 1910 971 1916 .
1077 1911 1082 1916 .
1187 1912 1192 1917 .
1298 1911 1304 1917 .
1408 1911 1415 1917 .
1518 1911 1523 1916 .
1721 1884 1787 1917 158

159 1930 373 1986 Inscriptio
399 1941 557 1975 articuli
584 1947 623 1975 et
651 1941 892 1976 coordinatio
918 1954 1110 1976 canonum
1187 1969 1195 1976 .
1299 1969 1304 1975 .
1408 1970 1414 1975 .
1518 1970 1523 1975 .
1722 1944 1786 1976 159

162 2001 443 2046 Suspensionis
470 2000 648 2035 definitio
675 2005 714 2035 et
741 2001 852 2035 illius
878 2001 1023 2035 diversi
1050 2000 1212 2036 effectus
1576 2001 1669 2036 2278

161 2060 442 2105 Suspensionis
468 2060 515 2094 ab
541 2059 667 2095 officio
693 2059 858 2095 effectus
1576 2061 1668 2094 2279
1721 2062 1787 2094 160

159 2119 438 2164 Suspensionis
463 2131 485 2153 a
510 2119 700 2153 beneficio
727 2118 891 2155 effeetus
1576 2119 1669 2153 2280
1721 2119 1784 2153 162

159 2178 391 2223 Amplitudo
421 2180 692 2224 suspensionis
746 2206 752 2213 .
1575 2179 1666 2212 2281
1720 2178 1786 2211 163

159 2238 366 2272 Limitatio
392 2239 663 2284 suspensionis
689 2239 735 2273 ab
763 2238 932 2279 homine,
951 2244 1048 2284 quae
1068 2239 1176 2273 deest
1202 2239 1243 2272 in
1271 2238 1525 2284 suspensione

253 2298 357 2332 latae
383 2298 606 2332 sententiae
637 2326 643 2332 .
1575 2297 1668 2330 2282
1719 2297 1785 2330 164

160 2357 242 2391 Alii
268 2357 540 2402 suspensionis
566 2356 750 2392 effectus.
1575 2356 1667 2389 ‘2283
1742 2372 1754 2384 2

160 2415 218 2449 De
245 2415 498 2450 invaliditate
523 2421 685 2450 actuum
710 2422 848 2452 contra
873 2416 1144 2461 suspensionis
1178 2416 1461 2460 prohibitiones
1515 2442 1521 2449 .
1575 2415 1666 2448 2284
1719 2415 1784 2448 165

159 2475 216 2508 De
243 2475 500 2520 suspensione
526 2475 574 2510 ob
601 2475 790 2510 delictum
815 2487 1001 2520 personae
1028 2475 1186 2509 moralis
1573 2475 1666 2508 2285
1718 2473 1783 2506 167

836 2604 1021 2641 TlTuLUS
1049 2604 1104 2640 lx.

710 2678 766 2712 De
795 2678 939 2720 poenis
965 2677 1232 2711 vindicativis.

159 2747 336 2782 Canones
361 2748 566 2782 2286-2290
634 2777 640 2783 .
743 2776 750 2784 .
854 2778 859 2782 .
965 2777 971 2782 .
1076 2779 1079 2782 .
1185 2776 1190 2781 .
1295 2775 1302 2782 .
1406 2777 1410 2782 .
1515 2775 1520 2779 .
1719 2748 1782 2779 1·ῑὸ

159 2807 370 2852 Inscriptio
397 2807 524 2841 Tituli
549 2819 593 2842 ac
619 2808 712 2842 ordo
738 2820 931 2843 canonum
966 2837 971 2842 .
1076 2835 1081 2841 .
1186 2835 1191 2840 .
1295 2835 1300 2840 .
1405 2834 1410 2839 .
1514 2833 1519 2839 .
1717 2806 1781 2837 16ἱ1

159 2866 311 2900 Poenae
340 2866 605 2901 vindicativae
632 2866 813 2901 definitio
857 2895 864 2901 .
968 2895 973 2900 .
1077 2892 1083 2900 .
1186 2894 1191 2899 .
1295 2893 1301 2899 .
1405 2892 1411 2898 .
1515 2892 1520 2897 .
1573 2863 1665 2897 2286
