1950 3313
717 186 800 221 Trr.
832 188 896 221 lv.
927 208 938 212 -
966 188 1022 222 De
1048 192 1247 232 rescriptis

1735 189 1798 223 151

169 310 298 365 ipsius
331 309 570 363 exprimere
610 306 671 349 vel
697 307 906 363 singulare
931 310 1019 351 eius
1043 310 1240 361 otlicium,
1275 310 1505 353 secundum
1547 311 1800 365 praecedens

169 382 245 431 ius,
278 381 367 421 sive
401 377 600 433 implicite
641 380 797 421 ratione
842 381 994 434 negotii
1039 382 1264 434 commissi,
1302 385 1398 421 lam·
1440 381 1676 423 e.1·.s·‹›enlm·i
1719 396 1798 424 non

168 450 265 493 ticet
297 449 346 492 ad
383 461 570 491 normam
605 448 642 501 §i
669 462 803 504 praec.
830 449 957 492 alteri
982 453 1054 493 etsi
1083 453 1250 493 maioris
1280 451 1505 495 industriae
1530 453 1800 504 eonemillere,

168 520 253 564 nisi
290 525 409 563 aelus
445 520 812 577 praepara(ortos,
844 521 893 563 ad
930 521 1144 564 t'ormaleni
1180 525 1458 565 concessionis
1491 528 1644 577 actum,
1682 538 1799 580 xxgr.

167 592 218 635 de
256 593 428 634 veritate
479 604 666 646 precum.
716 594 924 648 scriptura
974 595 1252 635 exsecutionis
1290 592 1598 650 subsignandae
1632 594 1683 638 ab
1718 595 1799 639 illo.

168 662 224 706 lta
258 661 455 717 implicite
491 666 789 705 conservatum
825 667 885 705 est
918 676 1007 719 cap.
1045 664 1096 706 12
1137 679 1156 704 ((
1181 664 1230 707 de
1264 664 1398 707 otiicio
1429 670 1465 707 et
1507 670 1705 721 potestate
1740 668 1798 709 iu-

166 733 271 776 dicis
303 731 524 788 delegati»
564 732 610 789 (Ι,
654 732 721 788 14)
757 735 794 775 in
832 735 898 776 6⁰:
940 750 957 773 α
984 734 1062 777 Sed
1097 736 1128 776 si
1166 748 1244 777 non
1270 749 1464 791 expressa
1489 741 1599 779 certa
1626 750 1798 792 persona

166 805 451 847 committatur
485 804 636 854 eidem,
672 809 713 847 ut
747 804 869 847 alicui
907 818 1107 860 personae
1142 806 1314 848 idoneae
1358 806 1408 849 de
1452 812 1563 849 certa
1608 807 1797 857 ecclesia,

169 874 232 917 vel
269 874 472 918 beneticio
507 874 654 918 debeat
682 876 904 931 providere
928 878 1042 932 (quia
1067 878 1176 920 circa
1208 877 1443 933 eligendam
1469 892 1686 934 personam
1711 882 1799 922 eius

167 945 369 989 industria
404 951 502 989 tunc
539 946 705 989 videtur
737 946 887 1003 electa)
923 949 1202 1003 provisionem
1247 947 1323 991 sibi
1373 951 1635 992 commissam
1681 950 1796 993 alteri

167 1017 422 1060 demandare
457 1030 534 1059 non
572 1022 726 1073 potest:
762 1020 838 1060 nisi
874 1019 1003 1061 t'orma
1037 1021 1341 1061 commissionis
1378 1019 1541 1071 habeat,
1577 1025 1617 1063 ut
1652 1034 1723 1077 per
1756 1034 1798 1064 se

168 1088 231 1130 vel
267 1101 339 1144 per
372 1087 498 1131 alium
535 1089 573 1131 id
609 1088 745 1132 valeat
780 1089 1041 1145 expedire».

286 1158 381 1201 1:23.
419 1161 694 1204 Exsecutor
733 1162 1083 1216 rescriptorum
1122 1163 1186 1206 ad
1225 1176 1445 1207 normam
1474 1165 1607 1208 iuris.
1627 1162 1666 1205 ln
1694 1163 1800 1208 l„itt.⁵

164 1228 324 1285 encycl.
358 1228 395 1271 S.
431 1228 472 1272 C.
508 1230 546 1273 S.
584 1226 719 1273 Ossieii
748 1231 757 1251 ¹
794 1229 871 1273 sub
906 1236 963 1272 n.⁰
1000 1231 1022 1273 3
1057 1231 1273 1283 decretum
1309 1237 1388 1275 est:
1429 1248 1449 1272 «
1484 1231 1691 1276 licarium
1724 1234 1798 1278 Ca-

163 1299 383 1356 pitularem
417 1313 489 1343 seu
525 1300 917 1344 Administratorem
953 1314 1022 1344 eas
1055 1315 1220 1360 quoque
1244 1303 1571 1359 dispensationes
1594 1304 1798 1355 Apostoli-

164 1384 233 1415 cas
266 1373 437 1428 exsequi
475 1385 606 1427 posse,
643 1384 750 1429 quae
784 1374 983 1430 remissae
1016 1375 1169 1416 suerint
1202 1373 1405 1431 Episcopo
1428 1380 1499 1418 aut
1526 1373 1688 1419 Vicario
1711 1378 1799 1420 eius

163 1441 346 1498 generali
385 1442 448 1485 vel
486 1439 682 1496 officiati,
726 1443 908 1486 nondum
945 1446 1202 1488 exsecutioni
1237 1445 1468 1502 mandatas,
1507 1448 1596 1489 sive
1635 1446 1674 1489 lii
1711 1447 1799 1491 illas

164 1515 335 1570 exsequi
370 1516 599 1570 coeperint.
624 1516 711 1557 sive
745 1528 839 1557 non.
860 1514 909 1557 Et
938 1517 1131 1569 vicissim,
1157 1516 1263 1559 Sede
1286 1516 1436 1560 deinde
1466 1520 1644 1573 provisa,
1682 1532 1798 1574 posse

165 1583 415 1640 Episcopum
454 1584 516 1627 vel
553 1587 645 1628 eius
678 1583 891 1629 Vicat-ium
918 1588 955 1628 in
990 1586 1278 1642 spiritualibus
1311 1588 1564 1644 generalem,
1602 1602 1672 1632 seu
1715 1590 1797 1633 offi-

165 1653 310 1696 cialem
336 1657 507 1712 exsequi
548 1655 877 1711 dispensationes
915 1669 1021 1713 quae
1061 1655 1225 1700 Vicat-io
1262 1656 1487 1715 Capitulari
1527 1660 1797 1717 exequendae

166 1727 362 1768 remissae
386 1726 560 1780 fuerant,
585 1740 656 1769 seu
682 1726 747 1770 hic
773 1727 862 1770 illas
886 1730 1057 1785 exsequi
1082 1731 1281 1784 coeperit,
1304 1742 1374 1773 seu
1408 1732 1545 1773 minus
1569 1747 1607 1773 )).
1628 1730 1716 1774 Hoc
1737 1734 1798 1775 ius

164 1801 370 1840 retentum
394 1802 468 1851 est,
497 1801 536 1840 et
561 1798 824 1841 concorditer
864 1798 955 1841 aliis
994 1798 1173 1842 decretis
1210 1804 1304 1843 ante
1342 1800 1537 1844 Codicem
1578 1802 1684 1845 datis
1723 1803 1795 1845 fuit

163 1867 426 1923 ampliatum3
467 1873 635 1924 propter
669 1869 776 1925 quod
812 1871 871 1912 sic
906 1871 1049 1925 incipit
1087 1884 1174 1912 can.
1217 1873 1290 1914 58.
1328 1870 1548 1930 Rescripta
1588 1872 1797 1930 quaelibet

168 1937 274 1981 ultra
298 1938 627 1994 dispensationes
658 1940 986 1983 matrimoniales
1023 1941 1283 1984 &secationi
1320 1956 1398 1999 qua
1440 1943 1652 1999 indigeant
1684 1959 1797 1987 pean-

171 2007 270 2051 dare·
299 2015 476 2067 possem!
503 2010 638 2053 valide
662 2023 709 2054 ac
734 2010 843 2054 licite
867 2010 916 2053 ab
939 2012 1197 2054 esseeutom's
1230 2016 1294 2056 cui
1321 2014 1478 2057 directa
1512 2019 1605 2057 sunt
1642 2029 1797 2058 saeres-

171 2093 265 2123 sofre
282 2080 323 2122 iii
344 2079 555 2137 cliqm'tale
577 2083 635 2124 sic
659 2081 768 2124 dicta
787 2081 839 2125 ob
861 2082 1066 2125 adnexam
1089 2083 1414 2127 iurisdictionem
1437 2087 1473 2127 in
1500 2086 1586 2128 soro
1608 2091 1794 2140 externo,

166 2152 360 2207 quamvis
395 2154 594 2195 rationem
629 2153 753 2196 oflicii
778 2144 943 2209 proprie
967 2153 1064 2196 dicti
1090 2167 1168 2196 non
1204 2156 1392 2211 attingat,
1433 2154 1493 2197 vel
1529 2155 1660 2213 officio
1691 2172 1711 2197 «
1733 2170 1797 2200 ec-

163 2219 396 2264 clesiastico
429 2223 573 2265 stricto
609 2235 731 2265 sensu
755 2238 774 2263 ³)
807 2221 916 2278 (can.
941 2222 1038 2277 145,
1062 2223 1090 2281 ’ς’
1115 2222 1158 2280 1)
1181 2226 1256 2267 etsi
1279 2227 1501 2268 constituto
1526 2226 1630 2269 infra
1666 2226 1795 2282 digni-

162 2294 286 2334 tatem
328 2294 495 2349 proprie
535 2292 690 2336 dictam
730 2292 1017 2349 Episcopalem
1053 2299 1121 2336 aut
1159 2293 1434 2350 Abbatialem‚
1473 2309 1566 2339 cum
1606 2300 1792 2354 sequenti

161 2365 429 2418 exceptione:
466 2363 551 2406 nisi
572 2363 707 2421 [τίθη]
731 2363 861 2408 electa
886 2369 927 2407 ut
961 2365 1214 2421 explicatum
1249 2371 1308 2409 est
1343 2369 1380 2409 in
1407 2373 1562 2423 praec.s
1585 2380 1673 2411 can.
1698 2370 1726 2425 ς’
1750 2368 1794 2410 2²

166 2431 381 2475 industria
402 2447 611 2491 personae
649 2451 669 2475 ((
694 2437 993 2478 exsecutoris»
1032 2449 1156 2492 supra
1190 2436 1402 2480 declarati.

281 2502 377 2546 124.
423 2506 498 2551 De
541 2508 774 2552 iteranda
811 2509 1130 2553 exsecutione
1167 2522 1227 2554 ac
1263 2511 1324 2554 de
1361 2511 1494 2554 taxis
1532 2512 1794 2566 rescripto-

163 2587 284 2618 rum.
315 2571 435 2626 Quod
472 2581 639 2619 cautum
674 2578 803 2620 luerat
835 2579 872 2619 in
908 2581 1175 2634 responsione
1208 2580 1246 2622 S.
1284 2579 1625 2623 l'oenitentiariae
1658 2580 1707 2623 ad
1736 2580 1757 2622 ³.)
1779 2580 1791 2601 ²

161 2642 287 2686 relata
320 2644 398 2688 sub
431 2658 524 2689 can.
559 2647 625 2697 53,
650 2648 902 2703 generaliter
926 2650 1065 2691 statuit
1101 2663 1190 2691 mm.
1214 2652 1289 2692 59.
1314 2650 1342 2707 ξ
1372 2652 1406 2691 l.
1431 2648 1683 2693 EJ·.s·e(·nlori
1705 2653 1792 2693 sire

160 2713 212 2756 ol)
252 2729 270 2754 ((
297 2728 456 2758 merum
492 2719 832 2772 ministerium»,
879 2721 969 2762 sive
1022 2733 1093 2775 per
1130 2735 1150 2760 ((
1178 2723 1456 2763 concessionis
1490 2723 1647 2776 gratiae
1681 2734 1793 2764 com-

159 2786 442 2828 missionem»
481 2787 589 2843 (can.
627 2788 698 2844 54)
732 2787 801 2845 sus
840 2794 914 2840 est,
954 2790 1076 2832 idest:
1113 2793 1150 2832 in
1187 2793 1439 2833 conscientia
1478 2805 1642 2848 quoque
1684 2791 1789 2843 licet,

279 2892 290 2912 1
317 2892 364 2924 :20
383 2892 494 2926 Febr.
526 2893 627 2927 1888.
658 2893 820 2927 Collect.
851 2894 888 2927 S.
912 2894 953 2928 C.
984 2894 1029 2928 de
1057 2895 1099 2929 P.
1123 2896 1164 2928 F.
1196 2908 1229 2929 n.
1261 2896 1362 2930 1585.
1394 2917 1436 2920 —
1464 2898 1476 2918 '-'
1505 2899 1547 2931 15
1574 2897 1655 2930 Ian.
1688 2898 1792 2933 1694.

159 2938 323 2973 Collect.
355 2938 390 2972 S.
419 2939 460 2973 C.
503 2939 548 2974 de
575 2940 618 2974 P.
649 2939 690 2975 F,
720 2952 758 2973 n.
792 2941 892 2975 1858.
