1950 3313
149 173 216 207 110
659 171 743 204 Lm.
774 170 804 203 Ι.
834 190 846 194 -
872 170 1043 203 Normae
1064 169 1262 213 qeneraces

146 294 280 345 tentis,
316 295 355 334 et
387 292 425 332 in
460 289 800 333 consuetudinem
836 287 1064 330 secundum
1100 286 1248 343 legem,
1273 299 1379 344 quae
1402 287 1601 330 deficiens
1623 291 1696 341 est,
1721 300 1770 330 eo

148 363 255 420 quod
291 364 379 404 eius
411 373 554 403 sensus
587 359 876 416 quadantenus
909 357 1222 413 ambiguitatem
1261 357 1323 401 vel
1363 356 1657 401 obscuritatem
1697 357 1768 401 ha-

149 434 227 478 bet.
262 459 316 462 —-
350 431 439 474 Alia
475 431 624 473 divisio
657 428 696 486 b>
731 434 934 486 quatenus
967 433 1028 471 est
1070 428 1252 484 «populi
1301 427 1545 480 moribus»,
1586 430 1623 470 in
1673 442 1770 472 con-

146 504 406 548 suetudinem
443 500 720 545 universalem
758 499 894 556 populi
930 499 1158 553 christiani,
1192 503 1231 542 et
1270 498 1560 555 particularem
1595 498 1772 543 alicuius

146 574 359 627 dioecesis,
401 572 640 628 provinciae
683 569 1003 622 ecclesiasticae,
1044 570 1238 625 regionis,
1278 573 1354 612 etc.
1394 594 1449 600 —
1483 566 1696 620 Quatenus
1729 568 1769 612 hi

149 656 283 686 mores
315 646 408 685 sunt
447 641 728 683 «diuturne»
765 641 935 693 servati,
974 639 1177 682 dividitur
1218 638 1473 682 consuetudo
1508 637 1543 695 c)
1579 640 1617 680 in
1655 651 1770 694 prae-

147 716 341 769 scriptam
377 726 449 768 per
481 724 609 754 annos
642 710 916 767 quadraginta
966 714 1089 767 atque
1137 709 1321 752 nondum
1372 711 1638 765 praescripta,
1674 711 1769 752 item

148 783 192 838 d)
226 784 447 837 ordinaria,
481 795 586 839 quae
621 795 693 838 per
726 786 782 824 tot
816 794 945 824 annos
983 785 1043 824 est
1092 783 1359 837 praescripta,
1408 785 1448 823 et
1497 780 1771 836 privilegiata,

148 868 253 912 quae
289 856 452 910 profu-ie
486 854 721 897 centenaria
759 851 823 895 vel
857 851 1199 895 immemorabilis
1230 851 1358 906 audit,
1391 853 1487 908 quia
1512 864 1584 908 per
1606 857 1771 894 centum

148 938 276 969 annos
308 925 450 968 saltem
487 924 706 967 observata
743 924 831 977 fuit,
870 922 930 966 vel
966 923 1016 966 de
1051 925 1165 965 initio
1198 924 1286 965 eius
1329 922 1435 978 apud
1471 921 1659 965 homines
1692 935 1772 965 non

149 998 285 1040 existit
319 998 530 1039 memoria.
567 994 752 1052 Denique
785 994 919 1051 quoad
948 993 1113 1037 modum
1145 1006 1226 1050 quo
1249 998 1310 1036 est
1334 996 1371 1036 in
1399 995 1556 1049 praxim
1580 992 1774 1046 deducta,

152 1067 215 1110 vel
256 1068 527 1109 «institutum
556 1082 575 1106 »
616 1068 742 1122 ipsius
776 1067 852 1117 ius,
886 1065 1089 1107 dividitur
1122 1065 1159 1119 e)
1195 1066 1233 1106 in
1278 1063 1512 1107 iudicialem
1555 1075 1602 1106 ac
1642 1067 1776 1106 extra—

150 1137 399 1190 iudicialem,
435 1141 554 1193 prout
587 1150 735 1192 nempe
770 1138 806 1178 in
842 1137 928 1178 soro
963 1134 1145 1179 iudiciali
1181 1134 1243 1178 vel
1278 1140 1393 1178 extra
1429 1134 1527 1177 illud
1562 1138 1773 1180 servatur:

150 1213 188 1252 et
223 1208 287 1251 illa
321 1208 365 1265 s)
402 1210 438 1250 in
475 1221 593 1250 usum
628 1208 847 1260 forensem,
882 1219 988 1264 quae
1024 1207 1189 1262 respicit
1213 1207 1389 1248 formam
1419 1205 1680 1257 iudiciorum,
1708 1205 1772 1247 vel

153 1281 285 1335 potius
317 1278 472 1321 similes
506 1278 555 1321 de
589 1278 733 1321 eodem
770 1277 930 1321 obiecto
966 1279 1003 1320 in
1044 1277 1223 1319 diversis
1270 1278 1405 1320 causis
1452 1277 1690 1329 sententias,
1735 1279 1775 1318 et

152 1349 245 1393 hinc
278 1352 443 1406 exurgit
476 1351 698 1392 auctoritas
733 1362 870 1392 rerum
905 1347 1095 1391 similiter
1129 1347 1419 1390 iudicatarum.

270 1421 337 1463 85.
373 1422 506 1466 Ordo
541 1434 796 1466 canonum.
830 1420 908 1463 Sex
943 1422 1099 1461 tantum
1135 1422 1229 1461 sunt
1262 1430 1440 1461 canones
1479 1416 1600 1459 buius
1637 1415 1774 1469 Tituli,

151 1494 208 1534 sic
243 1491 461 1534 distributi.
500 1491 707 1546 Proposita
743 1493 781 1533 in
817 1503 908 1534 can.
934 1490 986 1532 25
1014 1502 1110 1532 vera
1135 1490 1236 1531 iuris
1258 1487 1612 1532 consuetudinarii
1636 1499 1775 1541 causa,

152 1562 382 1606 subiectum
416 1562 727 1605 consuetudinis
760 1561 937 1605 edicitur
972 1562 1008 1602 in
1044 1572 1134 1604 can.
1171 1560 1237 1602 26.
1285 1559 1424 1602 Postea
1464 1557 1778 1601 consuetudinis

153 1634 321 1676 effectus
371 1639 653 1676 memorantur
703 1637 890 1689 respectu
942 1631 1079 1674 habito
1127 1631 1177 1674 ad
1219 1630 1321 1687 legis
1358 1632 1556 1686 vigorem,
1590 1633 1629 1671 et
1664 1630 1775 1671 iuxta

154 1703 387 1747 huiusmodi
422 1716 545 1759 supra
579 1706 776 1760 scriptam
821 1703 1069 1746 divisionem
1106 1707 1187 1745 tres
1226 1714 1315 1745 can.
1362 1700 1487 1743 27-029
1531 1704 1776 1757 sequuntur⁷

153 1787 201 1818 ac
234 1775 400 1818 demum
437 1787 526 1818 can.
577 1775 629 1817 30
679 1775 730 1818 de
778 1773 1090 1818 consuetudinis
1139 1773 1218 1815 tine
1268 1784 1454 1815 normam
1504 1770 1775 1826 multiplicem

154 1846 291 1889 tradit.

273 1918 340 1960 86.
377 1919 539 1963 Causa
564 1931 684 1963 vera
711 1919 1078 1963 consuetudinis
1111 1920 1353 1973 quatenus
1376 1915 1678 1971 obligatoria
1700 1914 1779 1959 sit.

156 1987 201 2030 D.
236 1987 413 2030 Thomas
440 1989 451 2009 ¹
487 1990 563 2030 ait:
605 1987 877 2042 «multitudo,
913 1990 950 2030 in
985 1999 1064 2044 qua
1089 1986 1345 2030 consuetudo
1384 1985 1674 2038 introducitur,
1707 1983 1779 2026 du-

159 2058 275 2114 plicis
308 2059 554 2101 conditionis
590 2072 677 2101 esse
713 2063 857 2114 potest.
893 2059 931 2102 Si
971 2060 1080 2101 enim
1130 2060 1181 2100 sit
1229 2056 1357 2100 libera
1407 2055 1638 2107 multitudo,
1672 2066 1779 2111 quae

158 2133 288 2186 potest
320 2128 395 2172 sibi
432 2129 563 2185 legem
599 2130 745 2183 facere,
783 2129 845 2186 (ut
887 2128 975 2172 erat
1016 2128 1190 2185 populus
1234 2140 1428 2171 romanus
1469 2132 1654 2180 tempore
1697 2137 1780 2182 quo

159 2199 369 2255 plebiscita
406 2199 641 2257 prodibant)
679 2200 768 2256 plus
801 2205 861 2243 est
894 2193 1119 2243 consensus
1162 2201 1285 2242 totius
1319 2197 1593 2241 multitudinis
1626 2196 1675 2239 ad
1711 2195 1778 2238 ali-

159 2271 255 2328 quid
291 2270 613 2321 observandum,
658 2271 766 2327 quod
815 2270 1070 2314 consuetudo
1121 2270 1364 2319 manifestat,
1398 2281 1522 2326 quam
1557 2269 1781 2310 auctoritas

159 2340 371 2397 Principis,
396 2343 464 2398 qui
490 2354 566 2384 non
593 2340 715 2385 babet
739 2346 981 2397 potestatem
1015 2340 1219 2384 condendi
1255 2339 1400 2396 legem,
1437 2340 1511 2381 nisi
1537 2340 1779 2395 inquantum

159 2413 265 2467 gerit
299 2424 514 2466 personam
552 2411 843 2465 multitudinis3
880 2412 988 2454 unde
1023 2410 1118 2454 licet
1140 2410 1326 2467 singulae
1357 2421 1556 2465 personae
1590 2421 1668 2450 non
1695 2420 1784 2463 pos-

158 2484 238 2525 sint
270 2482 449 2525 condere
484 2481 630 2538 legem,
665 2486 800 2525 tamen
838 2487 943 2525 totus
978 2481 1152 2538 populus
1184 2480 1364 2524 condere
1398 2479 1530 2536 legem
1566 2482 1710 2535 potest.
1740 2478 1779 2521 Si

163 2566 259 2595 vero
294 2552 513 2595 multitudo
550 2565 626 2594 non
663 2551 810 2595 habeat
836 2552 1005 2595 liberam
1033 2556 1272 2609 potestatem
1298 2550 1502 2594 condendi
1535 2548 1611 2592 sibi
1647 2548 1778 2604 legem

163 2623 224 2665 vel
262 2623 392 2678 legem
443 2635 463 2665 a
513 2625 714 2678 superiori
767 2628 964 2678 potestate
1014 2625 1185 2679 positam
1232 2621 1489 2674 removendi,
1524 2624 1659 2663 tamen
1695 2621 1780 2675 ipsa

160 2693 414 2737 consuetudo
449 2695 486 2735 in
522 2692 589 2735 tali
624 2693 887 2735 multitudine
914 2693 1158 2749 praevalens
1181 2693 1337 2735 obtinet
1363 2694 1443 2733 vim
1470 2690 1584 2746 legis,
1609 2692 1779 2746 inquan-

160 2768 244 2806 tum
282 2776 353 2819 per
386 2776 455 2806 eos
489 2764 687 2805 toleratur
707 2762 756 2805 ad
781 2776 884 2819 quos
908 2765 1084 2818 pertinet
1109 2762 1361 2805 multitudini
1387 2761 1518 2817 legem
1544 2761 1781 2815 imponere;

320 2915 393 2949 1-11
422 2927 457 2960 q.
486 2914 645 2955 Xevu,
675 2926 706 2949 a.
737 2915 770 2956 3,
803 2914 849 2948 aa
876 2915 936 2948 3111.
