1950 3313
156 182 202 214 14
628 178 711 211 Liss.
740 197 751 202 -
784 176 821 210 V.
848 176 959 210 PARS
984 175 1015 209 Ι.
1045 195 1058 200 -
1084 175 1142 209 De
1165 176 1317 210 delictis

151 299 265 334 delicti
308 297 644 333 consummationem
681 295 853 330 inducunt
879 294 931 329 vel

152 347 186 380 in
215 346 305 381 hanc
331 355 468 391 quoquo
496 344 595 378 modo
613 347 839 382 concurrunt,
859 353 929 376 non

151 394 334 428 minorem.
372 391 493 426 ceteris
527 390 679 436 paribus
718 388 931 435 imputabili-

151 445 255 475 tatem
296 439 521 478 contrahunt,
563 448 666 482 quam
707 436 779 482 ipse
814 436 929 472 delicti

151 492 341 522 exsecutor.
363 486 389 519 si
410 485 575 521 delictum
595 484 672 519 sine
689 494 807 519 eorum
827 494 933 530 opera

151 535 375 569 commissum
406 543 474 567 non
515 532 646 567 fuisset.

200 586 218 623 ἓ
246 579 278 615 4.
309 579 342 615 'Si
372 591 450 614 vero
475 589 594 613 eorum
630 588 823 613 concursus
849 577 930 613 faci-

154 628 219 663 lius
262 632 398 662 tantum
442 625 591 661 reddidit
629 625 806 666 delictum,
840 625 931 670 quod

153 676 255 711 etiam
276 675 351 709 sine
368 673 557 709 eorundem
577 683 747 708 concursu
774 672 931 707 commis-

154 734 231 757 sum
261 722 393 757 fuisset.
424 721 594 755 minorem
623 720 932 766 imputabilitatem

154 769 350 805 secumsert.

202 821 220 858 ξ
247 815 278 850 5.
306 815 372 858 Qui
393 826 495 850 suum
513 814 684 849 influxum
705 814 738 847 in
767 813 933 848 delictum

156 863 365 909 patrandum
393 866 589 908 opportuna
614 861 858 896 retractatione
880 861 937 895 ab-

154 911 290 946 duxerit
318 910 431 956 plene,
460 909 504 944 ab
530 909 624 944 omni
665 908 935 953 imputabilitate

155 958 332 998 liberatur,
360 957 495 993 etiamsi
515 961 692 992 exsecutor
709 956 871 990 delictum
892 955 934 990 ob

154 1005 241 1039 alias
267 1015 389 1040 causas
415 1004 479 1039 sibi
512 1003 668 1049 proprias
703 1003 935 1037 nihilominus

154 1052 363 1097 patraverit;
392 1052 418 1085 si
449 1063 516 1086 non
544 1051 727 1086 abduxerit
755 1050 863 1095 plene,
884 1061 935 1084 rc—

153 1101 312 1134 tractatio
339 1099 480 1143 minuit,
509 1098 567 1134 sed
594 1109 663 1133 non
692 1098 803 1132 aufert
822 1096 935 1142 culpa-

154 1146 326 1182 bilitatem

203 1198 221 1236 ξ
248 1194 280 1227 ὅ.
311 1192 377 1236 Qui
399 1193 434 1226 iu
454 1193 619 1228 delictum
639 1192 814 1226 concurrit
833 1202 933 1226 suum

155 1241 336 1276 dumtaxat
361 1240 511 1275 officium
539 1239 761 1284 negligendo,
790 1239 935 1284 imputa-

155 1288 290 1323 bilitate
308 1293 445 1323 tenetur
459 1287 718 1334 proportionata
732 1285 933 1331 obligationi

1573 173 1665 209 Can.
1691 174 1785 209 2199

1006 293 1238 340 participatio,
1274 293 1511 339 delinquentis
1544 293 1728 328 occultatio
1753 297 1786 328 et

1004 341 1192 387 receptatio
1225 340 1327 376 aliive
1369 345 1467 375 actus
1508 340 1671 383 delictum
1714 340 1784 374 iam

1006 388 1106 434 plene
1131 388 1329 423 absolutum
1349 388 1613 433 subsequentes,
1631 398 1719 422 nova
1732 388 1786 422 de-

1006 435 1086 470 licta
1112 436 1324 470 constituere
1353 440 1507 480 possunt,
1525 434 1551 468 si
1568 445 1786 483 nempepoe-

1005 494 1052 518 na
1079 483 1114 516 in
1143 483 1215 527 lege
1251 482 1470 528 plectantur3
1508 482 1580 523 sed,
1611 481 1675 515 nisi
1704 492 1784 516 cum

1004 530 1232 571 delinquente
1257 530 1299 563 de
1334 529 1402 564 illis
1427 528 1562 564 actibus
1597 534 1677 564 ante
1703 529 1786 564 deli-

1005 582 1099 612 ctum
1139 581 1347 612 conventum
1379 577 1490 618 fuerit,
1518 587 1586 611 non
1616 577 1785 612 serumse-

1005 629 1089 659 runt
1115 624 1229 659 delicti
1260 624 1381 669 patrati
1410 623 1730 669 imputabilitatem.

1055 670 1138 706 CAN.
1169 671 1272 705 2210.
1305 690 1319 696 -
1350 675 1368 713 ξ
1399 671 1783 706 1.Exdeiic100ritur:

1082 719 1114 752 1Ο
1140 718 1238 753 Actio
1265 717 1420 763 poenalis
1445 719 1487 753 ad
1508 729 1654 764 poenam
1673 719 1786 754 decla-

1006 766 1152 801 randam
1181 766 1231 800 vel
1260 765 1486 810 infligendam
1522 770 1555 800 et
1580 766 1623 800 ad
1650 764 1784 801 satisfa-

1007 814 1156 848 ctionem
1187 813 1396 858 petendam3

1081 860 1119 894 2Ο
1136 861 1234 895 Actio
1252 860 1365 894 civilis
1379 861 1420 895 ad
1436 861 1631 906 reparanda
1645 861 1786 901 damna,

1006 907 1034 941 si
1063 907 1116 941 cui
1145 907 1309 942 delictum
1337 907 1506 942 damnum
1535 906 1704 942 intulerit.

1054 958 1073 995 ξ
1099 954 1132 988 2.
1165 954 1314 998 Utraque
1332 955 1422 990 actio
1436 954 1628 1000 explicatur
1645 955 1686 990 ad
1708 966 1785 990 nor—

1006 1012 1100 1036 mam
1117 1012 1193 1036 can.
1218 1000 1432 1046 1552-19593
1461 1007 1493 1036 et
1520 1001 1609 1037 idem
1630 1002 1730 1038 iudex
1750 1002 1785 1037 in

1007 1048 1181 1084 criminali
1210 1048 1339 1084 iudicio
1365 1053 1477 1094 potest
1509 1050 1552 1084 ad
1580 1049 1786 1084 instantiam

1010 1097 1116 1142 partis
1143 1096 1255 1132 laesae
1280 1095 1416 1132 civilem
1444 1097 1616 1131 actionem
1647 1098 1688 1132 ad
1712 1108 1788 1132 exa-

1008 1154 1088 1178 men
1115 1154 1274 1179 revocare
1300 1147 1332 1178 et
1357 1144 1516 1179 definire.

1056 1190 1140 1226 CAN.
1170 1190 1273 1226 2211.
1296 1212 1311 1216 -
1333 1189 1466 1226 Omnes
1489 1191 1598 1237 quiin
1619 1191 1787 1226 delictum

1007 1243 1221 1273 concurrunt
1233 1239 1276 1273 ad
1292 1249 1450 1273 normam
1466 1250 1542 1274 can.
1556 1237 1661 1275 2209,
1675 1243 1715 1281 ἐξ
1734 1237 1784 1273 1-3

1008 1285 1218 1330 obligatione
1245 1290 1408 1321 tenentur
1434 1286 1468 1320 in
1497 1286 1645 1321 solidum
1664 1297 1789 1332 expen-

156 1346 225 1381 qua
250 1335 454 1380 adigebatur
479 1335 521 1369 ad
548 1334 712 1369 delictum
738 1344 800 1368 suo
826 1333 936 1368 officio

157 1383 433 1428 impediendum.
863 1424 866 1426 q

206 1434 224 1472 ξ
251 1430 284 1463 7.
303 1429 422 1465 Delicti
442 1428 563 1474 patrati
581 1427 744 1469 laudatio,
760 1428 933 1462 fructuum

1009 1344 1065 1367 sas
1090 1337 1124 1368 et
1149 1333 1280 1368 damna
1306 1333 1514 1368 resarciendi
1543 1344 1630 1378 quae
1649 1344 1687 1368 ex
1707 1333 1789 1369 deli-

1005 1385 1061 1423 ¹cto
1088 1380 1301 1426 quibuslibet
1328 1381 1483 1426 personis
1508 1381 1727 1425 obvenerint2
1747 1380 1786 1414 li-

1008 1432 1060 1462 cet
1085 1438 1105 1462 a
1132 1428 1244 1462 iudice
1273 1439 1331 1472 pro
1356 1432 1432 1463 rata
1457 1427 1628 1462 damuati.

1661 1474 1774 1491 &Q

277 1526 345 1570 11.
380 1527 636 1581 Inscriptio
668 1526 793 1570 tituli
827 1528 876 1570 et
909 1538 1148 1569 canonum
1183 1526 1505 1570 com-dinatio.
1539 1550 1591 1554 ——
1628 1523 1784 1567 Deinde

89 1646 93 1649 ¹
157 1596 422 1639 considerare
456 1601 616 1651 oportet
648 1595 885 1651 diligenter,
918 1607 1023 1651 quae
1042 1596 1224 1637 eontinet
1253 1593 1416 1637 Titulus
1439 1593 1493 1637 II.
1516 1594 1614 1638 Eius
1639 1597 1780 1638 inscri-

159 1669 241 1723 ptio
267 1665 398 1709 tribus
431 1670 590 1709 constat
628 1665 827 1722 partibus,
861 1664 1012 1722 quibus
1045 1665 1296 1720 respondent
1319 1667 1569 1708 successive
1592 1678 1782 1709 canones.

158 1737 315 1780 Horum
360 1737 440 1779 (luo
484 1742 578 1779 sunt
626 1736 682 1779 De
724 1735 1063 1794 imputabilz'tate‘
1095 1735 1255 1790 delicti,
1297 1749 1402 1792 quae
1446 1736 1607 1778 definiri
1654 1742 1785 1792 potest

163 1810 444 1863 «recognitus
479 1809 566 1850 iure
612 1812 823 1864 respectus
864 1807 1097 1850 violationis
1141 1806 1243 1862 legis
1281 1807 1464 1862 poenalis
1491 1807 1540 1850 ad
1568 1820 1783 1863 personam

160 1878 372 1934 physicam
411 1878 471 1921 vel
509 1878 705 1921 moralem
743 1880 798 1921 uti
833 1890 1000 1921 causam
1036 1877 1144 1920 illius
1182 1877 1520 1932 voluntariam»,
1555 1890 1681 1935 aquo
1715 1881 1783 1920 tri-

160 1947 253 2004 plici
288 1948 395 1990 fonte
430 1947 496 1991 illa
531 1948 707 2004 pendeat
739 1948 937 1991 discimus
971 1962 1021 1991 ex
1055 1960 1145 1991 can.
1181 1947 1307 2001 2199,
1343 1948 1440 1991 dum
1464 1961 1642 2005 sequens
1678 1951 1783 2004 prio-

161 2031 244 2061 rem
281 2023 439 2061 tantuin
473 2021 675 2074 originem
711 2019 958 2063 considerat.
992 2017 1180 2062 Canones
1219 2024 1306 2075 post
1347 2019 1420 2062 lios
1447 2019 1549 2062 duos
1573 2021 1712 2077 ceteri,
1746 2023 1786 2062 et

160 2088 322 2131 (luobus
357 2092 573 2144 postremis
606 2091 802 2145 exceptis,
836 2089 1040 2145 complete
1090 2089 1378 2145 praescribunt
1410 2088 1460 2132 cle
1492 2089 1632 2131 causis
1666 2088 1785 2136 illam

160 2159 520 2215 imputribilitatem
566 2160 813 2216 quandoque
847 2159 1177 2216 ayyravantibzcs
1214 2159 1274 2203 vel
1309 2173 1404 2214 non,
1437 2158 1500 2202 vel
1534 2160 1667 2202 forsan
1707 2159 1782 2201 mi-

160 2229 394 2282 nuentibus,
429 2235 467 2272 et
499 2235 594 2272 sunt
629 2235 876 2288 sequentes:
913 2233 1070 2273 ratione
1103 2230 1432 2286 delinquentium
1457 2243 1547 2273 can.
1573 2230 1698 2283 2201,
1733 2243 1782 2273 ex

162 2308 276 2356 parte
321 2300 551 2343 intellectus
594 2314 686 2345 can.
732 2301 857 2351 2202,
894 2300 1020 2353 2203,
1055 2303 1160 2343 sicut
1194 2314 1242 2343 ex
1280 2305 1394 2356 parte
1441 2300 1661 2343 voluntatis
1693 2313 1782 2344 can.

161 2370 287 2416 2204,
323 2371 450 2424 2205,
483 2371 579 2414 dum
618 2374 853 2427 passionum
888 2372 1089 2414 influxum
1115 2375 1154 2414 et
1176 2371 1351 2414 aliorum
1377 2371 1665 2414 adiunctoruni
1694 2384 1782 2426 per-

162 2441 344 2497 pendunt
377 2454 467 2485 can.
503 2442 629 2494 2206,
672 2442 800 2492 2207.
845 2440 952 2494 Quid
990 2444 1206 2498 proveniat
1239 2455 1287 2484 ex
1329 2447 1494 2484 actuum
1540 2444 1784 2498 repetitione

160 2525 235 2554 nos
268 2512 387 2555 docet
421 2525 549 2555 canon
592 2513 718 2567 2208,
753 2517 875 2569 atque
909 2525 1000 2556 can.
1035 2512 1146 2555 2209
1182 2525 1416 2556 mensuram
1455 2513 1784 2568 imputabilitatis

160 2582 339 2638 applicat
371 2583 563 2626 omnibus
595 2586 663 2640 qui
698 2584 747 2626 ad
783 2583 981 2627 delictum
1016 2597 1266 2627 concurrere
1301 2588 1481 2640 possunt.
1506 2585 1701 2627 Actiones
1725 2586 1782 2626 iu-

163 2653 333 2696 diciales
356 2667 403 2696 ex
430 2653 580 2697 delicto
605 2659 718 2697 ortae
741 2647 1057 2698 considerantur
1082 2657 1118 2697 in
1144 2643 1234 2698 can.
1270 2655 1395 2703 2210,
1429 2659 1469 2697 et
1503 2655 1610 2698 2211
1650 2660 1709 2698 est
1732 2655 1783 2698 de

163 2723 427 2780 obligatione.
662 2724 665 2726 ’
1694 2736 1696 2739 ·

285 2794 348 2836 12.
384 2796 455 2840 De
488 2797 867 2852 imputabilitate
890 2798 1054 2842 delicti
1079 2798 1116 2838 in
1140 2798 1274 2852 seipsa
1295 2795 1412 2852 plene
1431 2799 1515 2853 agit
1534 2811 1622 2840 ean.
1647 2799 1781 2840 2199.

164 2862 475 2920 Imputabililas
508 2864 652 2907 delicti
684 2865 903 2909 cuiuslibet
935 2866 985 2909 ad
1021 2878 1206 2909 normam
1243 2869 1365 2909 totius
1397 2880 1486 2911 can.
1523 2868 1649 2917 2195,
1677 2879 1783 2924 quae
