1950 3313
165 136 209 170 66
827 135 872 169 Li
882 144 955 169 BER
981 144 1132 170 PmMus

163 257 338 302 suetudo
362 256 411 298 de
437 254 620 298 moribus
644 254 930 296 tantummodo
953 258 1082 297 tracta
1102 270 1140 299 )).
1172 254 1363 312 Utrisque
1387 269 1486 312 ergo
1510 261 1693 313 tempore
1716 258 1791 303 Co-

163 329 267 372 dicis
302 325 535 383 vigentibus
567 325 641 368 fuit
665 323 731 368 ille
755 325 1073 380 comparandus,
1097 325 1146 368 ad
1172 325 1533 370 determinandum
1560 327 1667 371 illius
1692 332 1792 374 iuris

164 412 255 443 cum
278 397 428 441 Codice
448 395 679 439 relationes.
705 393 823 448 Quod
847 396 941 438 facit
959 394 1171 452 legislator
1189 397 1226 438 in
1247 396 1408 440 duabus
1426 397 1603 441 diversis
1622 403 1790 444 normis.

166 470 298 512 Prima
333 473 392 511 est
429 465 528 512 Can.
563 468 606 511 5.
652 465 841 523 Viqenles
876 468 1040 523 proprie
1084 466 1135 510 ob
1180 467 1398 510 iuridicam
1445 469 1543 522 vim,
1576 481 1595 511 a
1633 471 1791 514 fortiori

163 553 261 596 ergo
295 542 346 582 de
380 539 484 581 facto
520 541 676 580 tantum
711 539 948 592 existentes,
983 537 1027 579 in
1058 551 1261 595 praesens
1294 538 1458 595 quando
1483 537 1618 583 Codex
1641 542 1793 598 incepit

163 610 315 654 babere
351 611 449 663 vim,
471 613 618 652 contra
652 607 799 651 lteram
823 613 985 650 statuta
1010 622 1227 659 canonum,
1252 609 1406 652 relictis
1427 610 1562 667 quoad
1590 612 1791 667 vigorem,

162 694 267 739 quae
300 683 380 724 sint
412 679 639 723 secundum
688 683 758 721 aut
803 683 967 735 praeter
1000 679 1143 722 eadem
1185 684 1421 723 «statuta»
1451 681 1784 729 eonsuetudines,

161 765 267 810 quae
301 754 359 795 sic
396 755 611 803 vocantur,
649 765 668 790 «
694 752 790 804 quia
816 751 852 792 in
878 752 1088 793 communi
1107 755 1201 793 sunt
1221 764 1294 793 usu
1315 766 1335 791 »
1360 750 1388 805 ¹,
1421 751 1507 793 sit-e
1533 752 1804 796 am'eersales-

163 825 327 880 proprie
359 822 587 866 secundum
624 820 736 877 leges
760 820 1072 877 praecedentes
1105 833 1153 864 ac
1187 821 1335 864 melius
1369 823 1664 878 interpretatur
1700 837 1790 867 ver·

162 893 258 938 bum
301 892 643 936 «universales»
687 894 818 948 magis
865 891 927 934 vel
975 893 1123 945 minus,
1162 891 1248 934 sice
1277 892 1579 949 particulares,
1614 907 1790 951 nempe:

166 965 395 1008 «locorum
430 963 670 1020 specialium
707 967 746 1006 et
782 976 1052 1019 personarum
1085 962 1422 1019 singularium»,
1458 967 1691 1008 necessario
1724 979 1791 1009 ex-

162 1036 410 1093 primendas,
446 1037 541 1092 quia
583 1053 597 1073 «
621 1047 714 1077 cum
752 1039 847 1077 sunt
881 1035 988 1088 sacti,
1024 1038 1063 1077 et
1097 1036 1134 1076 in
1175 1035 1280 1077 sacto
1304 1037 1542 1088 consistant,
1565 1035 1793 1090 (Romanus

163 1096 366 1163 Pontifex)
402 1110 532 1162 potest
565 1104 835 1162 probabiliter
870 1107 1088 1161 ignorare:
1123 1109 1163 1147 et
1187 1106 1297 1161 ipsis,
1330 1105 1428 1148 dum
1463 1110 1600 1149 tamen
1623 1109 1703 1149 sint
1727 1120 1790 1151 ra—

160 1177 393 1230 tionabiles,
428 1190 501 1232 per
533 1178 869 1219 constitutionem
904 1188 925 1219 a
949 1189 992 1218 se
1017 1177 1180 1218 noviter
1203 1175 1354 1218 editam
1388 1177 1480 1227 (nisi
1509 1189 1705 1233 expresse
1728 1191 1791 1222 ca-

164 1253 310 1291 veatur
344 1249 382 1290 in
418 1249 518 1303 ipsa)
551 1259 630 1289 non
668 1245 911 1302 intelligitur
946 1248 983 1288 in
1019 1245 1158 1303 aliquo
1191 1246 1394 1302 derogare
1419 1248 1534 1289 »uti
1569 1247 1699 1290 edixit
1720 1247 1793 1290 Bo-

161 1321 231 1362 nis.
281 1317 363 1361 vllt
389 1319 417 1363 ².
452 1344 504 1348 -—
545 1317 784 1361 Declaratas
817 1331 915 1374 ergo
960 1317 1027 1360 tali
1065 1317 1186 1360 modo
1220 1318 1541 1361 consuetudines
1573 1318 1793 1374 tripliciter

160 1391 355 1446 dispescit
375 1389 661 1446 praescribens
680 1401 833 1432 canon:
862 1391 994 1445 primo
1013 1400 1217 1445 quaenam
1244 1401 1322 1431 non
1354 1391 1467 1432 «sint
1492 1389 1783 1433 rationabilia»

160 1463 218 1504 sic
241 1460 397 1504 edixit:
432 1459 472 1516 a)
506 1459 544 1501 si
576 1458 741 1517 quidem
765 1459 870 1516 ipsis
896 1458 1054 1516 (contra
1080 1472 1255 1515 quorum
1281 1463 1429 1502 statuta
1458 1459 1549 1502 illae
1576 1459 1791 1518 vigebant)

160 1530 386 1573 canonibus
409 1544 604 1583 expresse
625 1528 902 1588 reprobemur
921 1529 997 1573 lioc
1015 1529 1182 1587 quidem
1208 1529 1422 1581 vocabulo,
1441 1535 1694 1587 quapropter
1717 1531 1790 1574 suit

139 1589 337 1645 ‘cursivis
370 1601 514 1645 litteris
548 1604 808 1658 impressum,
846 1606 1057 1658 {stiriqaam
1090 1600 1211 1656 iaris7
1237 1601 1344 1658 quod
1377 1617 1395 1641 α
1416 1605 1475 1644 est
1498 1601 1668 1645 dictum.
1694 1604 1790 1658 quia

161 1675 311 1716 iustum
345 1677 404 1715 est
429 1688 447 1712 D
478 1674 505 1726 ²²,
541 1670 820 1729 corruptelae,
859 1676 955 1714 tunc
991 1673 1045 1713 uti
1083 1673 1185 1714 ratio
1210 1670 1398 1727 postulat,
1426 1673 1625 1727 praecipit
1658 1684 1789 1714 canon

161 1743 352 1787 omnibus
384 1744 453 1787 sed
491 1745 712 1800 praecipue
751 1742 960 1796 Praelatis,
994 1741 1279 1799 corriyantur,
1313 1741 1364 1785 ab
1399 1741 1461 1785 liis
1483 1742 1651 1799 quidem
1676 1744 1788 1786 iuxta

159 1829 246 1859 sert
259 1815 407 1859 andam
435 1817 608 1872 pastoris
633 1814 918 1871 prudentiam;
942 1815 1012 1871 qui
1036 1818 1173 1857 autem
1198 1818 1367 1856 servant
1391 1812 1480 1856 illas
1505 1818 1675 1869 peccant
1698 1826 1791 1857 con-

161 1891 222 1930 tra
256 1886 333 1930 hoc
366 1888 535 1929 canonis
558 1885 1174 1942 praescriptum‚·additurque:
1210 1883 1791 1936 lieetsintimmemorabiles‚

160 1971 208 2001 eo
251 1958 358 2013 quod
404 1959 564 2000 initium
614 1969 757 2000 earum
803 1970 878 2000 nec
920 1970 968 1999 ex
1013 1958 1178 2012 scriptis
1215 1959 1501 2012 cognoscatur,
1535 1955 1791 2012 proindeque

160 2028 458 2085 exprimendae
492 2032 687 2085 tanquam
725 2027 1026 2083 privilegiatae.
1061 2027 1139 2070 Sed
1175 2026 1241 2069 illa
1276 2025 1577 2083 reprobationis
1605 2025 1789 2069 clausula

160 2100 349 2143 effectum
385 2112 548 2156 quoque
582 2100 763 2142 [uturum
790 2098 960 2152 obtinet,
994 2098 1103 2155 quod
1128 2099 1186 2141 sic
1210 2100 1425 2140 statuitur:
1460 2110 1559 2139 aeve
1590 2096 1792 2139 sinantur

161 2169 211 2213 ab
234 2167 468 2214 Ordinariis
490 2169 532 2212 ia
554 2175 769 2227 posteram
799 2171 982 2212 fortassis
1011 2171 1090 2212 iam
1116 2173 1325 2212 correctas
1352 2167 1610 2223 reviviscere
1637 2180 1684 2210 ac
1718 2180 1787 2223 po-

160 2243 253 2284 tiori
275 2243 430 2284 ratione
453 2241 503 2284 de
528 2254 635 2283 novo
661 2241 812 2285 induci.
840 2266 893 2270 —
920 2240 1086 2283 Praeter
1110 2238 1351 2296 reprobatas
1373 2238 1705 2291 consuetudines,
1729 2241 1790 2282 sic

163 2311 346 2368 reliquae
379 2311 714 2367 distinguuntur:
750 2310 876 2362 aliae,
911 2310 953 2368 b)
987 2324 1093 2368 qaae
1116 2309 1280 2368 quidem
1304 2309 1572 2352 centenariae
1593 2308 1691 2365 sint,
1715 2322 1788 2352 seu

161 2395 181 2425 a
222 2382 300 2425 100
334 2384 451 2425 annis
484 2381 743 2436 observatae,
767 2387 805 2424 et
831 2380 1192 2435 immemorabiles,
1218 2393 1394 2438 quorum
1431 2382 1590 2423 initium
1625 2379 1789 2423 excedit

161 2454 372 2497 hominum
409 2456 650 2497 memoriam
676 2456 799 2496 etiam
835 2466 883 2496 ex
919 2452 1095 2496 aliorum
1131 2452 1341 2503 relatione,
1379 2450 1556 2494 tolerari
1575 2456 1788 2509 poterant,

162 2527 214 2568 ita
234 2530 277 2567 ut
296 2526 457 2567 interim
483 2526 551 2581 qui
576 2523 799 2567 observent
823 2523 911 2566 illas
936 2536 1012 2566 non
1040 2528 1223 2579 peccent,
1247 2523 1316 2565 sed
1343 2522 1444 2565 haec
1467 2521 1682 2565 tolerantia
1707 2534 1786 2563 non

161 2599 219 2638 est
247 2594 524 2638 Praelatorum
544 2593 714 2637 arbitrio
735 2593 890 2648 relicta,
910 2596 968 2636 sic
989 2588 1260 2650 prosequente
1284 2605 1463 2636 canone:
1483 2592 1521 2634 si
1548 2590 1785 2646 Ordinari'i,

160 2667 281 2709 etiam
332 2678 448 2721 «pro
481 2667 566 2708 suis
602 2677 699 2707 vero
732 2663 908 2708 subditis
938 2664 1181 2719 Superiores
1215 2665 1391 2706 maiores
1435 2665 1472 2705 in
1518 2661 1787 2718 religionibus

160 2734 421 2779 clericalibus
455 2737 657 2791 exemptis
681 2750 701 2775 ))
732 2734 839 2791 (can.
869 2733 1008 2791 198&
1035 2733 1088 2790 l),
1130 2747 1207 2790 pro
1232 2732 1416 2776 locorum
1440 2747 1488 2775 ae
1507 2745 1787 2790 personarum

278 2844 287 2864 ¹
316 2843 416 2878 Dist.
436 2843 502 2876 cit.
526 2854 607 2887 cap.
632 2844 664 2876 5.
687 2862 731 2866 —
758 2842 770 2863 2
798 2841 889 2885 Cap.
915 2845 926 2875 1
960 2841 1004 2874 de
1032 2840 1388 2874 constitutionibus
1414 2839 1492 2873 Tit.
1520 2839 1560 2872 Π
1585 2838 1670 2872 Lib.
1701 2837 1718 2870 I
1745 2837 1786 2870 in

163 2890 213 2923 ¹30.
244 2909 283 2915 —
312 2890 326 2911 ³³
354 2889 454 2924 Dist.
483 2890 521 2923 H
548 2901 628 2934 cap.
658 2890 692 2922 ⁴2.
