1950 3313
135 170 179 204 36
596 169 679 204 Lus.
709 169 753 201 V.
783 189 795 194 -
824 168 932 203 PARs
958 169 988 203 I.
1019 189 1031 194 —
1057 169 1114 204 De
1139 170 1289 205 delictis
1432 168 1524 204 Gan.
1551 169 1757 204 2209-2210

136 289 290 332 Horum
334 288 561 331 similitudo
609 290 792 330 omnium
829 289 866 330 in
903 287 979 331 hoc
1020 293 1226 342 statuitur,
1275 289 1384 346 quod
1428 291 1509 331 sint
1546 293 1751 332 «actus»

134 359 328 402 delictum
365 360 529 414 proprie
562 357 612 399 ad
648 370 835 399 normam
871 370 959 400 can.
997 357 1109 400 “2195
1145 362 1170 412 g
1206 359 1220 400 1
1257 357 1381 416 plene
1414 357 1648 400 absolutum
1683 371 1754 401 seu

139 433 512 473 «consummatum
539 443 576 481 ›),
621 430 727 471 sicut
761 430 799 470 in
834 428 876 481 §⁰
912 427 955 471 3⁰
989 428 1244 472 declaratum
1272 430 1360 482 fuit,
1384 428 1689 486 subsequentes.
1714 427 1756 470 In

134 500 209 543 hoc
243 502 454 555 supposito
488 497 528 555 a)
564 512 667 541 nora
701 512 771 541 seu
806 499 995 542 distincta
1036 499 1181 542 saltem
1217 513 1390 543 numero
1414 499 1568 542 delicta
1591 499 1758 555 singuli,

136 571 288 627 plures,
325 569 384 611 vel
420 582 563 611 omnes
605 569 860 612 constit-uere
899 572 1089 626 possum,
1133 575 1173 613 et
1215 570 1407 614 subditur
1440 570 1688 614 declaratio:
1721 569 1759 612 si

134 654 290 697 nempe,
313 653 384 682 seu
409 652 506 682 casu
532 644 688 682 tantum
715 653 796 697 quo
817 654 953 697 poena
991 655 1011 681 <c
1033 640 1179 683 saltem
1215 641 1532 684 indeterminata
1567 640 1706 683 addita
1729 655 1752 680 ))

134 725 241 758 (can.
276 711 402 761 2195„
434 710 462 768 ξ
496 710 538 767 1)
588 710 629 752 in
680 709 770 766 [eye
814 710 1059 767 plectantur
1106 710 1323 766 explicite,
1373 710 1458 766 sed,
1509 711 1622 761 alias,
1658 723 1753 753 cum

132 784 397 836 exceptione:
422 780 508 823 nisi
531 794 621 823 eum
644 779 913 837 delinquente
936 781 1150 824 videlicet:
1174 781 1313 825 delicti
1334 786 1578 824 exsecutore
1596 780 1646 823 de
1669 780 1758 823 illis

134 852 332 908 ponendis
364 860 453 908 post
486 854 641 894 crimen
678 850 838 893 aclibus
884 851 1059 907 singulis
1107 857 1205 893 ante
1242 851 1440 894 delictum
1474 856 1755 908 perpetratum

131 928 372 964 concentum
404 920 538 980 fuerit
580 921 724 964 saltem
772 921 986 977 implicite,
1020 921 1091 964 sed
1132 935 1341 978 expresse,
1386 922 1528 979 (atque
1565 924 1600 963 vi
1636 921 1758 964 huius

129 995 416 1035 conventionis
462 992 724 1043 subauditur,
774 992 993 1034 evidenter
1041 994 1105 1047 agi
1151 1005 1244 1034 cum
1279 992 1518 1049 deliquente
1551 1005 1632 1049 qua
1672 992 1756 1045 tali,

130 1066 288 1106 etiamsi
337 1065 670 1119 consanguineus
720 1061 877 1118 fuerit),
920 1076 1001 1105 mm
1035 1061 1319 1119 seewnserzml
1355 1062 1523 1118 (singuli
1558 1062 1755 1105 declarati

126 1134 203 1177 sub
233 1134 279 1192 ξω
312 1133 445 1190 actus)
480 1133 625 1176 delicti
660 1135 868 1189 praecipui
905 1135 984 1175 iam
1017 1133 1196 1190 patrati,
1223 1138 1265 1175 ut
1288 1133 1443 1176 dictum
1475 1137 1549 1187 est,
1576 1133 1755 1189 imputa-

127 1204 345 1247 bililulem.
380 1202 498 1257 Quod
536 1209 660 1260 patet,
695 1216 788 1247 nam
824 1203 943 1247 dolus
966 1204 1174 1260 autculpa
1203 1204 1411 1247 violationi
1438 1203 1540 1260 legis
1574 1203 1757 1259 poenalis

130 1276 382 1332 praecedens
414 1288 489 1318 nec
522 1277 682 1331 concipi
717 1280 863 1331 potest.

247 1347 501 1402 praescripta
546 1345 667 1388 huius
710 1348 881 1389 canonis
919 1360 938 1388 a
982 1349 1068 1389 iure
1106 1349 1233 1389 veteri
1273 1351 1384 1389 recte
1419 1346 1626 1390 intellecto
1675 1361 1753 1390 non

128 1418 335 1471 (litterum,
371 1419 426 1459 uti
462 1416 626 1472 probari
664 1421 795 1472 potest
830 1430 901 1473 per
934 1417 1098 1460 diversa
1135 1417 1411 1461 Decretalium
1448 1420 1579 1474 capita
1607 1420 1646 1460 in
1668 1419 1756 1460 son-

128 1489 235 1532 tibus
267 1487 430 1532 Codicis
464 1487 657 1530 indicata.
693 1487 961 1531 Solummodo
995 1488 1221 1531 Auctorum
1257 1491 1458 1531 sententia
1494 1501 1574 1532 una
1611 1489 1673 1531 vel
1700 1489 1757 1532 al-

128 1565 213 1603 tera
247 1562 324 1602 erit
356 1558 619 1614 corrigenda,
652 1563 859 1615 quatenus
893 1561 1159 1614 praescriptis
1191 1561 1250 1602 eis
1282 1572 1408 1615 super
1441 1559 1615 1602 iuridica
1643 1562 1753 1614 prin-

128 1632 232 1686 cipia
269 1632 343 1671 rite
376 1629 556 1671 fundatis
591 1642 668 1671 non
704 1633 921 1685 congruat.

242 1699 467 1744 Censeinus
498 1699 607 1755 quod
634 1699 808 1742 utilitate
833 1713 911 1742 non
937 1700 1173 1743 destituitur
1196 1702 1423 1743 summaria
1449 1701 1663 1744 doctrinae
1687 1714 1752 1744 ca-

127 1773 243 1814 nonis
265 1770 478 1814 exhibitio.
500 1769 527 1812 1.
548 1769 776 1813 Commune
801 1770 1068 1828 delinquendi
1087 1771 1321 1825 consilium,
1344 1771 1405 1814 vel
1429 1774 1594 1828 propria
1614 1771 1755 1815 delicti

125 1842 394 1898 complicitas,
430 1843 525 1883 t'acit
559 1845 696 1897 partes
729 1840 874 1884 eodem
911 1842 1032 1884 modo
1067 1841 1295 1898 culpabiles
1330 1841 1404 1899 (gg
1439 1842 1476 1895 1,
1511 1841 1568 1899 ⁶2),
1605 1845 1679 1885 nisi
1704 1856 1754 1885 ex

124 1913 330 1956 adiunctis
378 1911 488 1954 aliud
538 1916 749 1967 appareat.
786 1937 838 1942 ——
875 1911 919 1954 ll.
955 1910 1102 1955 Conrei
1155 1926 1252 1955 vere
1301 1913 1552 1969 principales
1586 1926 1632 1956 ac
1667 1915 1753 1969 ipse

125 1983 264 2026 delicti
312 1987 531 2025 exsecutor
581 1994 723 2037 parem
772 1982 1136 2038 imputabilitatein
1197 1983 1445 2026 contrahunt
1502 1983 1546 2040 (ἓ
1598 1983 1653 2039 3).
1701 2010 1753 2014 —

125 2053 190 2098 lll.
224 2053 485 2097 Contrarium
521 2055 653 2108 magis
690 2052 752 2095 vel
787 2056 923 2096 minus
957 2053 1227 2096 asserendum
1271 2058 1331 2096 est
1373 2053 1424 2096 de
1459 2056 1622 2097 conreis
1660 2059 1754 2097 ante

123 2124 321 2167 delictum
359 2123 420 2166 vel
455 2125 493 2165 in
529 2125 616 2165 eius
652 2126 957 2179 perpetratione
1006 2125 1261 2179 acceSSOi·iiS‚
1300 2123 1362 2166 vel
1404 2128 1572 2180 propter
1605 2137 1751 2180 oppor—

125 2200 265 2238 tunam
298 2196 405 2238 serio
438 2195 587 2236 factam
623 2196 956 2236 retractationem
985 2193 1058 2250 (gg
1091 2193 1133 2236 40
1167 2198 1204 2236 et
1241 2193 1302 2250 5⁰)
1328 2193 1639 2251 inquibuslibet
1661 2208 1755 2237 con-

126 2268 205 2309 reis
239 2265 470 2321 praedictis.
504 2290 562 2295 —
597 2262 657 2307 lV.
692 2263 779 2307 Non
815 2264 981 2307 obstans
1026 2264 1343 2320 iinputabilitate
1380 2269 1544 2307 tenetur
1582 2279 1752 2321 propor-

126 2339 276 2379 tionata
317 2335 557 2391 obligationi
607 2335 729 2377 officii
780 2334 955 2390 neglecti
1001 2333 1049 2392 (ἓ
1083 2334 1138 2390 6).
1175 2360 1226 2365 -
1265 2333 1306 2376 V.
1341 2334 1487 2378 Conrei
1532 2337 1752 2378 accessorii

125 2407 274 2450 delicto
307 2406 620 2462 subsequentes,
654 2410 724 2448 aut
771 2417 901 2461 poena
952 2405 1150 2461 peculiari
1201 2405 1436 2462 plectuntur
1476 2405 1579 2461 lege,
1620 2419 1752 2461 secus,

123 2483 194 2520 aut
226 2476 585 2533 iinputabilitatem
622 2475 871 2519 contrahunt
889 2489 937 2518 ex
960 2477 1134 2531 praevio
1153 2476 1356 2531 condicto,
1379 2481 1449 2519 aut
1481 2476 1651 2530 nullan),
1676 2476 1753 2519 hoc

124 2549 343 2591 deliciente
378 2547 422 2605 (ἓ
455 2546 515 2603 7).
736 2546 739 2548 ’

244 2618 310 2660 23
331 2619 629 2663 Delictorum
649 2619 885 2663 iuridicae
907 2620 1155 2675 sequelae.
1175 2643 1226 2647 —
1248 2616 1363 2660 Hanc
1382 2617 1590 2674 duplicem
1610 2618 1751 2661 decer-

125 2691 182 2731 nit
206 2703 296 2730 ean.
319 2690 441 2731 2210
465 2693 504 2731 et
527 2688 696 2745 quidem
718 2688 968 2731 iudicialem.
994 2690 1018 2742 ἓ
1042 2691 1076 2732 1.
1103 2686 1170 2730 EJ·
1192 2687 1343 2730 delicto
1367 2688 1416 2731 ad
1442 2701 1630 2731 normam
1654 2701 1746 2732 can.

128 2758 238 2799 2193
271 2758 298 2815 ξ
334 2758 348 2800 1
391 2763 548 2813 patrato
581 2758 735 2809 oritur,
769 2763 808 2801 et
841 2759 1010 2816 quidem
1047 2763 1213 2814 propter
1252 2758 1360 2802 illius
1383 2757 1745 2815 imputabilitate'm

128 2830 165 2869 in
201 2842 367 2871 cori-eos
399 2842 586 2885 quoque:

247 2899 284 2939 10
319 2898 451 2952 Aelio,
483 2899 663 2942 scilicet:
700 2902 761 2943 ius
793 2913 814 2944 a
849 2900 939 2956 lege
970 2913 1212 2944 concessum
1249 2901 1469 2944 invocandi
1505 2901 1652 2944 iudicis
1690 2900 1746 2943 of-
