1950 3313
149 141 169 172 (5
821 136 919 171 INTR
925 146 1102 174 0DUCT10

148 259 358 309 feminam,
392 260 434 298 ut
468 269 517 298 ex
552 268 599 298 ea
633 260 828 312 generet:
866 260 906 299 et
944 269 1094 311 parens
1132 257 1182 301 ad
1222 258 1368 314 filium,
1403 262 1445 301 ut
1479 272 1574 302 eum
1609 261 1775 303 nutriat.

148 328 239 372 Alio
279 327 399 369 modo
438 325 592 383 aliquid
632 330 691 369 est
731 327 974 386 naturaliter
1009 327 1127 370 alteri
1167 333 1569 383 commensuratum,
1600 343 1680 373 non
1715 343 1776 373 se-

147 398 329 442 cundum
373 396 602 440 absolutam
647 399 707 440 sui
734 399 952 452 rationem,
991 398 1062 441 sed
1107 399 1335 443 secundum
1381 400 1537 457 aliquid
1577 400 1685 458 quod
1725 414 1776 444 ex

147 472 232 526 ipso
265 471 466 525 sequitur,
502 472 596 524 puta
637 470 868 525 proprietas
907 471 1238 524 possessionum3
1271 472 1302 514 si
1343 473 1451 514 enim
1491 471 1777 514 consideretur

147 542 221 583 iste
254 551 354 594 ager
385 537 585 586 absolute,
620 550 699 580 non
741 537 864 581 habet
904 539 1014 582 unde
1052 542 1186 596 magis
1228 543 1279 584 sit
1322 540 1443 584 huius
1482 553 1604 598 quam
1644 541 1776 597 illius3

146 610 217 654 sed
256 612 287 653 si
325 609 612 652 consideretur
650 622 723 665 per
762 614 994 666 respectum
1022 611 1084 653 vad
1129 614 1479 668 opportunitatem
1523 611 1699 666 colendi,
1739 618 1778 655 et

145 681 195 724 ad
232 681 450 737 pacificum
486 692 605 723 usum
639 681 743 736 agri,
776 680 1006 723 secundum
1042 680 1117 725 hoc
1151 681 1274 725 habet
1307 682 1532 739 quamdam
1566 696 1775 726 commen-

145 753 400 796 surationem
439 751 489 794 ad
529 750 606 794 hoc
644 751 752 807 quod
799 753 849 794 sit
894 753 1014 795 unius
1053 756 1093 795 et
1131 766 1209 796 non
1249 752 1431 801 alterius,
1473 758 1515 796 ut
1553 758 1662 810 patet
1705 767 1777 809 per

147 822 455 879 Philosophum.
479 822 677 866 Absolute
700 827 838 865 autem
872 823 1186 879 apprehendere
1210 823 1366 882 aliquid
1401 838 1479 868 non
1513 824 1646 868 solum
1679 838 1774 868 con-

149 895 262 937 venit
294 893 463 946 homini,
497 893 568 936 sed
603 895 725 936 etiam
761 893 852 936 aliis
884 893 1145 937 animalibus.
1180 894 1229 937 Et
1264 895 1354 938 ideo
1389 897 1450 938 ius
1483 895 1592 953 quod
1623 895 1774 939 dicitur

146 963 349 1018 naturale,
381 964 619 1007 secundum
652 966 830 1020 primum
874 964 1054 1016 modum,
1095 978 1316 1009 commune
1355 971 1413 1009 est
1455 965 1572 1010 nobis
1610 971 1649 1009 et
1687 966 1777 1009 aliis

144 1034 404 1079 animalibus.
425 1034 459 1077 A
483 1037 571 1078 iure
595 1039 733 1078 autem
757 1034 933 1078 naturali
954 1037 1012 1079 sic
1036 1035 1145 1079 dicto
1170 1036 1326 1080 recedit
1350 1039 1413 1080 ius
1433 1039 1632 1093 gentium,
1655 1041 1696 1080 ut
1718 1037 1778 1080 lu·

145 1105 415 1149 risconsultus
439 1105 551 1161 (licit,
575 1107 671 1163 qula
694 1104 805 1148 illud
827 1105 1015 1148 omm'hus¹
1039 1105 1308 1158 animalibus,
1334 1106 1408 1150 hoe
1439 1106 1571 1150 solum
1598 1107 1773 1150 leomini-

146 1176 218 1219 bus
251 1176 363 1219 inter
395 1190 437 1219 se
469 1190 681 1219 eomtnune
698 1182 759 1219 est
784 1178 813 1220 ¹.
847 1175 1119 1221 Considerare
1138 1182 1276 1221 autem
1295 1178 1466 1236 aliquid,
1494 1179 1773 1235 comparando

145 1248 195 1291 ad
236 1248 275 1291 id
310 1247 418 1304 quod
458 1261 506 1290 ex
548 1249 635 1303 ipso
673 1250 875 1304 sequitur,
910 1252 969 1291 est
1008 1251 1220 1305 proprium
1262 1251 1452 1303 rationis3
1493 1254 1533 1292 et
1570 1249 1662 1292 ideo
1697 1249 1773 1293 hoc

147 1319 256 1362 idem
291 1323 351 1361 est
384 1318 572 1361 naturale
607 1318 761 1361 homini
795 1319 1024 1362 secundum
1060 1322 1261 1362 rationem
1296 1320 1540 1375 naturalem,
1566 1333 1670 1378 quae
1700 1320 1776 1364 hoc

146 1390 284 1434 dictat.
305 1389 354 1432 Et
372 1389 463 1432 ideo
482 1389 582 1432 dicit
604 1388 726 1433 Caius
749 1390 1064 1433 iurisconsultus
1083 1391 1120 1435 ²:
1149 1389 1270 1443 Quod
1291 1391 1507 1434 naturalis
1530 1391 1642 1434 ratio
1667 1391 1778 1434 inter

147 1474 287 1504 omues
325 1459 511 1503 homines
554 1460 787 1513 coustituit,
831 1460 876 1503 id
918 1460 1032 1518 apud
1079 1475 1219 1504 omnes
1267 1475 1477 1519 peraeque
1528 1462 1776 1511 custoditur,

146 1537 400 1588 vocaturque
422 1531 488 1573 ius
508 1530 697 1588 qemt'um
713 1547 749 1572 ν).
776 1531 882 1574 Hinc
907 1536 1018 1588 patet
1040 1532 1147 1589 quod
1168 1544 1213 1575 ea
1234 1545 1339 1589 quae
1356 1537 1450 1575 sunt
1470 1535 1567 1575 iuris
1591 1535 1775 1589 gentium

146 1601 313 1658 speciali
350 1604 604 1645 institutione
641 1615 714 1645 seu
755 1605 965 1645 communi
1005 1605 1190 1646 oinnium
1229 1603 1420 1647 condicto
1452 1617 1530 1646 non
1566 1603 1774 1660 indigent;

146 1686 241 1716 nam
276 1675 362 1728 ipsa
396 1672 596 1716 naturalis
640 1675 743 1716 ratio
786 1685 834 1716 ea
878 1675 1052 1716 instituit
1095 1673 1156 1716 vel
1201 1674 1388 1727 dictavit,
1425 1674 1535 1717 velut
1575 1687 1623 1717 ex
1659 1674 1776 1718 brevi

146 1745 459 1787 ratiocinatione
478 1746 642 1800 cognita
665 1746 784 1787 sicuti
805 1746 1055 1801 aequitatem
1081 1744 1289 1788 habentia.
1314 1744 1362 1787 Et
1386 1744 1567 1788 lsidorus
1591 1747 1629 1787 in
1653 1748 1777 1788 citato

146 1819 283 1857 textu:
319 1814 384 1857 effus
418 1814 616 1857 naturale
647 1819 764 1858 vocat
792 1814 903 1857 illud
933 1814 1050 1857 nobis
1084 1814 1234 1858 aliisve
1266 1814 1521 1858 animalibus
1551 1829 1777 1870 commune,

146 1884 269 1928 civile
300 1885 411 1928 aliud
447 1884 557 1942 quod
585 1885 815 1942 positivum
848 1884 1035 1928 (lt'oet'mus
1059 1891 1099 1928 et
1131 1885 1197 1928 ius
1228 1885 1414 1943 yentium
1447 1886 1669 1944 proprium
1702 1900 1776 1928 ἠα-

146 1956 286 1999 turale
320 1956 384 1998 ius
420 1955 645 2000 homiuum.

265 2027 303 2070 t.
338 2030 477 2074 Aliae
518 2031 635 2075 iuris
679 2031 949 2075 divisiones
992 2030 1247 2073 considerari
1292 2034 1452 2087 queunt
1496 2032 1533 2072 in
1580 2031 1775 2086 primario

146 2098 254 2142 illius
286 2112 431 2153 sensu;
469 2099 513 2141 1a
545 2104 749 2156 quatenus
781 2100 1063 2143 diversimode
1112 2100 1261 2157 aliquis
1295 2103 1383 2143 iure
1416 2113 1497 2158 qua
1532 2102 1636 2143 iusto
1670 2100 1776 2143 ordi-

146 2174 266 2212 natur
299 2169 349 2212 ad
384 2169 574 2223 alterum,
599 2174 638 2213 et
671 2169 780 2214 hunc
816 2173 995 2227 respicit,
1020 2176 1142 2228 atque
1166 2184 1216 2214 ex
1250 2170 1327 2214 hac
1361 2171 1602 2214 diversitate
1625 2169 1774 2214 obiecti

145 2240 252 2284 duae
287 2242 461 2283 virtutes
493 2241 711 2284 distinctae
743 2242 1058 2297 specificantur3
1098 2241 1302 2286 videlicet:
1328 2244 1481 2285 iustitia
1516 2241 1775 2298 particularis

143 2315 183 2354 et
225 2313 377 2354 iustitia
419 2311 625 2367 generalis
667 2325 737 2355 seu
784 2312 940 2369 legalis.
975 2311 1034 2356 De
1076 2311 1226 2369 quibus
1268 2313 1445 2356 sufficiat
1482 2313 1590 2370 quod
1630 2314 1685 2355 ait
1724 2311 1771 2355 D.

144 2380 322 2424 Thomas
355 2380 393 2421 ³:
432 2396 452 2421 ((
473 2381 716 2438 Respondeo
751 2382 989 2432 dicendum,
1025 2383 1132 2438 quod
1169 2384 1337 2436 iustitia,
1369 2384 1476 2426 sicut
1507 2383 1666 2426 dictum
1700 2386 1772 2437 est,

144 2452 307 2495 ordinat
339 2451 548 2495 hominem
589 2454 627 2495 in
667 2456 977 2509 comparatione
1014 2454 1064 2496 ad
1104 2453 1247 2507 alium,
1279 2453 1545 2510 singulariter
1583 2452 1770 2496 conside-

145 2527 277 2566 ratum
313 2523 377 2579 (et
409 2522 511 2566 haec
544 2529 603 2566 est
649 2525 800 2567 iustitia
847 2524 1119 2580 particularis,
1156 2523 1207 2567 ib.
1247 2537 1283 2568 a.
1325 2525 1362 2567 7.
1408 2524 1481 2581 c);
1526 2523 1605 2567 allo
1651 2524 1772 2567 modo

144 2593 192 2636 ad
229 2593 354 2636 alium
390 2596 428 2636 in
457 2596 682 2638 communi.
707 2595 935 2638 secundum
970 2595 1128 2638 scilicet
1150 2595 1258 2651 quod
1294 2594 1361 2638 ille
1394 2597 1463 2652 qui
1497 2596 1625 2638 servit
1649 2594 1771 2637 alicui

143 2666 444 2718 communitati,
478 2667 607 2708 servit
641 2665 832 2708 omnihus
866 2664 1102 2709 hominibus
1134 2667 1202 2723 qui
1246 2665 1323 2710 sub
1366 2667 1662 2709 communitate
1706 2665 1773 2708 illa

264 2841 273 2861 1
301 2840 347 2875 D.
381 2840 466 2874 Lib.
502 2840 532 2880 Ι,
569 2841 632 2874 tit.
666 2840 696 2883 1,
734 2840 760 2874 1.
799 2842 816 2874 1
854 2841 894 2875 in
929 2840 1020 2875 fine.
1053 2862 1094 2866 —
1120 2841 1133 2863 2
1161 2841 1206 2876 D.
1240 2841 1324 2876 Lib.
1350 2841 1381 2885 Ι,
1417 2841 1480 2875 tic.
1507 2840 1537 2881 1,
1568 2840 1593 2874 1.
1623 2840 1692 2874 IX.
1724 2860 1767 2865 -

145 2889 158 2908 ³
185 2888 226 2919 ρει
252 2888 310 2919 eae
337 2900 370 2931 q.
398 2887 538 2924 LVIII.
563 2899 597 2922 a.
627 2888 658 2921 5.
686 2899 717 2922 ο.
