1950 3313
112 163 175 195 112
576 159 658 192 Lm.
688 158 733 192 V.
763 178 774 182 -
804 157 913 191 PARS
937 157 988 191 II.
1019 177 1031 199 7
1058 157 1115 192 De
1133 161 1272 202 poenis
1410 157 1503 193 Can.
1529 157 1735 193 2252-2253

108 284 333 323 servatas»
374 279 448 321 fuit
481 281 689 320 coarctata
724 276 906 319 clausula
942 277 1084 320 consti.
1124 293 1146 318 «
1168 277 1324 334 Aplcae
1357 277 1511 321 Sedis»
1540 290 1560 320 3
1588 277 1656 320 Pio
1681 276 1733 320 lX

107 364 138 392 s.
176 350 264 392 ιη.1
302 352 450 391 inserta
486 348 537 390 ‹le
571 348 760 390 censuris
791 347 958 403 speciali
1006 347 1127 391 modo
1165 347 1350 391 Romano
1387 347 1570 391 Pontitici
1608 360 1736 390 reser-

112 423 227 469 vatis,
252 436 272 459 a
291 418 517 461 dummodo
543 431 620 460 non
646 422 793 473 agatur
826 417 876 460 de
913 419 1055 460 mortis
1078 417 1321 474 articulo‚in
1347 431 1428 475 quo
1452 418 1735 461 tamen'tirma

106 493 155 533 sit
190 489 323 547 quoad
359 488 569 531 absolutos
602 478 799 544 obligatio
833 488 967 531 standi
1004 490 1208 532 mandatis
1253 488 1476 542 Ecclesiae,
1510 491 1541 531 si
1582 501 1736 531 conva-

111 561 316 603 luerint».
354 558 469 602 Hanc
503 558 731 605 clausulam
767 561 825 602 sic
861 561 1129 614 interpretata
1162 564 1222 602 est
1255 558 1403 615 Congr.
1440 560 1477 602 S.
1512 556 1649 603 Officii
1675 572 1736 602 re-

107 631 313 687 spondens
346 630 395 673 ad
430 632 644 687 quaesita:
684 646 706 671 a
729 630 762 672 1.
798 629 858 672 An
880 629 1077 685 obligatio
1110 630 1243 673 standi
1281 630 1485 673 mandatis
1513 629 1738 685 Ecclesiae,

107 715 128 744 a
163 701 276 744 Bulla
312 701 573 757 Apostolicae
607 701 724 744 Sedis
759 702 965 757 imposita,
997 703 1049 743 sit
1071 699 1147 744 sub
1182 713 1311 757 poena
1348 701 1646 744 reincidentiae
1673 699 1736 743 vel

110 786 201 815 non.
236 771 292 802 ‘—
327 772 363 816 2.
400 772 460 815 An
495 771 692 828 obligatio
725 772 858 815 standi
896 771 1100 814 mandatis
1133 771 1357 823 Ecclesiae,
1393 774 1431 814 in
1455 785 1576 814 sensu
1598 771 1738 814 Bullae

107 843 369 899 Apostolicae
402 843 532 894 Sedis,
558 843 665 885 idem
691 846 806 885 sonet
831 854 878 885 ac
911 841 1109 898 obligatio
1132 855 1175 885 se
1208 842 1377 885 sistendi
1403 854 1541 885 coram
1567 842 1738 885 Summo

110 914 318 967 l'ontilice,
357 913 419 956 vel
454 926 503 956 an
539 913 590 956 ab
616 912 682 955 illa
715 911 866 955 debeat
899 913 1114 968 distingui.

226 984 270 1028 R.
307 984 366 1026 Ad
408 984 440 1026 1.
477 983 738 1026 Affirmative
773 983 822 1026 ad
861 985 1060 1038 primam,
1096 985 1290 1039 negative
1314 983 1362 1025 ad
1397 983 1624 1026 secundam
1652 995 1740 1039 par-

109 1061 204 1099 tem.
240 1081 293 1086 —-
328 1055 388 1098 Ad
426 1055 462 1097 2.
497 1052 806 1110 Obligationem
844 1052 996 1096 Standi
1028 1052 1244 1096 'mandalis
1266 1052 1483 1096 Ecclesiae
1517 1056 1741 1109 importare

107 1139 211 1168 onus
243 1127 332 1168 sive
369 1138 439 1181 per
472 1138 529 1177 se,
563 1126 652 1167 sive
688 1138 759 1180 per
809 1124 1121 1179 confessarium,
1159 1124 1400 1167 recurrendi
1446 1124 1495 1166 ad
1531 1123 1569 1167 S.
1608 1123 1740 1166 Ponti-

112 1197 247 1249 licem,
281 1198 454 1253 eiusque
491 1196 694 1238 mandatis
743 1194 978 1248 obediendi,
1013 1195 1139 1252 (quod
1177 1197 1213 1236 in
1250 1207 1409 1237 canone
1442 1196 1742 1238 convenienter

107 1267 346 1310 extenditur
381 1266 469 1309 loco
503 1268 592 1309 eius
640 1265 750 1323 quod
785 1267 841 1308 ait
874 1265 1058 1308 clausula
1093 1265 1290 1322 sequens)
1328 1264 1389 1308 vel
1437 1277 1586 1308 novam
1622 1263 1739 1308 abso-

111 1338 306 1381 lutionem
343 1337 507 1393 petendi
529 1337 580 1380 ab
606 1336 782 1380 habente
803 1336 1040 1380 facultatem
1061 1335 1304 1379 absolvendi
1330 1350 1349 1380 a
1375 1339 1563 1380 censuris
1580 1336 1619 1379 S.
1645 1336 1742 1378 Pon-

110 1409 207 1451 tifici
243 1408 411 1464 speciali
460 1408 579 1451 modo
622 1407 753 1465 (nunc
797 1420 817 1450 a
862 1409 1049 1450 censuris
1090 1407 1389 1463 specialissimo
1433 1408 1742 1463 modolreser-

112 1482 272 1522 vatis».
308 1478 485 1522 Demum
520 1479 654 1536 quoad
692 1491 888 1522 censuras
921 1477 973 1521 ab
1007 1477 1174 1521 homine
1209 1478 1385 1522 inflictas
1418 1483 1530 1521 extat
1563 1490 1652 1534 cap.
1689 1477 1742 1520 ⁶2⁶2

114 1566 135 1591 «
154 1551 206 1593 de
230 1552 431 1593 sententia
459 1551 918 1603 excommunicationis,
944 1551 1226 1605 suspensionis
1249 1553 1287 1592 et
1312 1549 1518 1592 interdicti
1540 1565 1558 1589 ))
1583 1547 1649 1602 (V,
1676 1549 1744 1601 11)

111 1622 148 1663 in
188 1621 230 1663 60
267 1620 441 1663 relatum
477 1620 526 1663 ad
562 1633 636 1663 can
673 1620 802 1673 2248,
835 1619 863 1676 ἓ
897 1619 934 1663 3.

229 1692 295 1734 77.
349 1693 420 1737 De
475 1693 791 1737 absolutione
838 1705 869 1736 a
923 1692 1143 1736 censuris
1195 1693 1450 1736 ordinaria
1497 1688 1744 1746 praescribit

110 1776 200 1804 ean
235 1763 374 1805 2253.
408 1760 548 1804 Easslra
581 1761 729 1804 mortis
761 1760 1012 1818 perieulum,
1046 1774 1116 1803 seu
1144 1763 1181 1802 in
1218 1760 1383 1804 casibus
1406 1760 1628 1804 ordinariis
1648 1773 1743 1818 pos-

108 1838 206 1875 sun!
239 1832 452 1875 absolvere
488 1834 524 1874 vi
561 1832 682 1875 lluius
716 1834 915 1875 trationis:

227 1903 266 1945 1ο
299 1903 330 1945 Α
351 1916 528 1945 censura
562 1915 668 1960 quae
701 1905 750 1945 sit
776 1916 795 1944 a
834 1905 936 1953 iure,
955 1903 1025 1945 sed
1063 1915 1144 1945 non
1179 1907 1395 1945 reservata
1415 1915 1623 1958 expresse,
1643 1902 1681 1953 a)
1703 1901 1745 1944 in

109 1974 204 2031 foro
237 1972 543 2015 sacramentali
577 1978 733 2016 tantum
770 1972 942 2030 quilibet
977 1972 1277 2030 confessarius,
1311 1975 1371 2015 sic
1402 1973 1538 2015 dictus
1579 1976 1746 2028 propter

110 2044 454 2087 sacramentalem
491 2044 818 2087 iurisdictionem
854 2057 950 2100 erga
988 2045 1199 2099 proprium
1236 2043 1284 2086 ad
1323 2056 1510 2086 normam
1546 2056 1634 2086 ran.
1661 2043 1738 2085 881

115 2114 175 2157 vel
212 2127 301 2157 can.
336 2115 419 2157 875
450 2118 477 2168 ξ
516 2115 548 2160 l.
587 2114 647 2157 vel
683 2127 773 2157 can.
810 2114 895 2157 876
929 2117 953 2168 ἓ
992 2115 1026 2167 l,
1063 2116 1359 2170 poenitentem,
1388 2113 1429 2170 b)
1464 2119 1587 2156 eoelra
1604 2112 1745 2170 forum

109 2184 430 2239 saerswnentale,
466 2184 712 2241 qea'cumque
750 2183 1087 2227 iurisdietionem
1120 2184 1373 2229 ordinariam
1413 2184 1474 2226 vel
1510 2183 1744 2240 delegatam

109 2255 150 2297 in
185 2254 279 2311 foro
312 2260 484 2297 eoelerno
519 2253 682 2308 lrabeat,
722 2254 780 2311 (v,
816 2268 876 2310 gr.
915 2254 1123 2297 praelatus
1158 2254 1298 2297 localis
1334 2254 1583 2311 religiosus),
1619 2267 1744 2311 quam

112 2338 189 2366 non
225 2324 348 2367 habet
383 2324 598 2380 parochus.v
637 2338 710 2367 nec
747 2327 928 2367 vicarius
962 2326 1167 2378 foraneus,
1203 2323 1248 2366 in
1286 2337 1402 2366 reum
1435 2324 1688 2380 singularem
1723 2336 1743 2367 a

109 2408 284 2437 censura
321 2394 651 2449 absolvendum,

228 2467 274 2507 3⁰
297 2465 327 2507 A
366 2479 543 2507 censura
577 2465 721 2508 saltem
747 2478 852 2522 quae
883 2466 1210 2508 «consideratur
1247 2470 1442 2522 tanquam
1464 2464 1513 2507 ab
1538 2463 1741 2508 homine»

136 2548 224 2577 can.
262 2535 388 2586 2217,
423 2537 447 2589 ἓ
482 2535 518 2581 1,
555 2535 632 2592 3⁰),
669 2535 741 2578 ille
779 2535 1035 2579 «absolvere
1071 2540 1266 2591 potest»,
1300 2535 1368 2578 eui
1400 2548 1578 2578 censura
1611 2547 1746 2577 reser-

114 2611 209 2647 vata
243 2610 303 2647 est
338 2604 393 2648 acl
427 2619 619 2648 normam
653 2620 742 2648 can.
763 2607 904 2658 2245,
928 2605 956 2663 ἓ
986 2607 1029 2660 2,
1067 2605 1119 2649 ibi
1154 2606 1423 2659 declaratam,
1458 2618 1629 2661 nempe:
1670 2619 1691 2645 ((
1709 2606 1745 2647 ei

107 2678 175 2732 qui
211 2688 429 2720 censuram
464 2677 612 2718 inflixit
644 2681 714 2719 aut
737 2678 984 2719 sententiam
1020 2675 1124 2729 tulit,
1159 2678 1302 2719 eiusve
1328 2677 1539 2731 Superiori
1575 2687 1746 2730 compe-

114 2749 228 2799 tenti,
265 2745 327 2788 vel
361 2749 590 2789 successori
623 2751 692 2789 aut
725 2747 981 2802 delegato»,
1018 2746 1108 2802 ipse
1142 2751 1282 2789 aulem
1318 2746 1443 2790 idest:
1479 2744 1653 2802 quilibet
1676 2758 1744 2787 eo-

233 2905 240 2924 ¹
277 2904 317 2936 12
345 2903 431 2937 Oct.
462 2902 565 2936 1869.
