1950 3313
117 143 210 179 Can.
237 143 332 178 2209
498 128 583 178 Tl-T.
611 145 664 179 II.
694 165 705 171 -
732 146 788 181 De
816 151 1120 193 immutabilitate
1145 152 1276 186 delicti
1303 156 1367 186 etc.
1700 158 1741 190 31

236 262 298 306 Ad
335 262 641 318 praedictarum
680 267 1032 322 paragrapliornm
1059 270 1380 314 declarationem
1408 275 1549 317 iurant
1574 290 1745 332 sequen-

118 339 178 378 tes
211 333 462 377 Decretales.
496 334 555 376 Sit
590 337 722 390 prima
758 350 847 391 cap.
877 340 898 379 o
939 355 956 377 «
978 340 1027 381 de
1062 339 1284 383 homicidio
1322 343 1551 386 xoluntario
1590 346 1650 388 rot
1686 362 1747 389 ca-

117 403 262 448 suali»
300 402 366 459 (V,
404 402 475 460 11)
510 403 560 460 X,
595 404 664 448 ubi
700 405 817 449 Alex.
855 407 902 449 ΙΙΙ
939 409 1147 454 decrerit:
1188 427 1205 451 «
1234 411 1289 454 llli
1325 418 1477 467 autent,
1507 418 1574 472 qui
1610 419 1746 459 aninlo

118 475 350 529 occidendi,
370 475 560 527 feriendi,
584 480 652 518 aut
677 478 866 532 capiendi
895 478 1005 521 illnin
1032 489 1216 524 sanctuni
1244 488 1280 525 et
1308 486 1581 528 reverendum
1613 489 1743 530 rirnin

118 547 328 604 quondam
353 544 693 590 Cantuariensem
729 548 1103 606 archiepiscopum,
1128 555 1226 595 citra
1255 568 1447 597 mannum
1485 558 1742 600 iniectionem

118 631 162 662 se
196 618 376 661 fatentur
428 619 614 662 venisse:
646 620 677 660 si
713 618 764 661 de
799 619 864 661 illa
900 623 1088 676 captione
1140 636 1248 665 mors
1281 627 1367 667 eins
1409 632 1546 670 secuta
1593 630 1745 679 inisset,

121 690 208 746 pari
245 690 510 745 poenitentia,
546 687 610 731 vet
648 690 732 732 t'ere
767 692 852 745 pari
888 693 1109 735 existerent
1147 696 1338 748 puniendi
1367 714 1402 739 ».
1431 696 1474 739 Et
1511 700 1546 739 in
1583 699 1745 754 cap.18

120 759 306 803 eiusdem
357 758 462 802 tituli
510 760 635 802 refert
679 759 815 803 lnnoc.
854 760 924 804 lll:
979 764 1269 818 «significasti
1321 766 1448 814 nobis,
1493 769 1599 823 <prod
1651 783 1742 812 cum

118 831 285 888 quidam
322 829 536 873 maleficus
576 831 787 887 ingressus
821 832 1054 888 ecclesiam,
1090 834 1390 878 Eucharistiani
1427 852 1517 880 cuni
1554 839 1744 883 altarium

118 903 386 955 ornamentis,
411 905 451 944 et
476 900 591 944 libris
614 901 1045 953 ecclesiasticis‚exti·a
1070 904 1286 948 ecclesiam
1322 913 1579 962 asportasset,
1608 910 1631 952 Ι,
1657 924 1747 966 pre-

117 972 260 1030 sbyter
293 971 494 1016 ecclesiae
542 975 768 1016 canonicus
817 974 1032 1030 regula1·is·,
1062 978 1294 1031 ‘praefatum
1347 980 1570 1035 iniquitatis
1604 980 1745 1028 tilium,

119 1045 292 1087 fossorio
326 1048 492 1100 arrepto
527 1046 745 1100 percussit,
780 1045 850 1087 sed
886 1047 917 1087 si
953 1045 1001 1088 ad
1040 1052 1210 1089 mortem
1248 1049 1320 1090 fuit
1357 1051 1458 1091 ictus
1499 1050 1744 1097 lininsinodi.

119 1120 161 1158 tu
195 1119 236 1158 et
269 1116 355 1171 ipse
390 1117 553 1171 penitus
601 1117 815 1172 ignoratis,
850 1129 972 1172 quem
1026 1118 1263 1173 parochiani
1313 1120 1512 1163 ecclesiae
1564 1122 1746 1165 ridentes

119 1190 363 1229 ornamenta
412 1185 612 1230 ecclesiae
660 1191 956 1242 asportantem,
990 1191 1165 1244 arreptis
1212 1189 1359 1245 gladiis
1402 1196 1438 1233 et
1484 1191 1667 1242 fustibus,
1708 1196 1743 1235 in

119 1257 264 1300 eodem
302 1256 391 1300 loco
427 1259 613 1313 protinus
645 1257 950 1301 occiderunt».
985 1258 1033 1301 Et
1068 1260 1167 1302 infra
1215 1261 1431 1316 respondet
1465 1262 1501 1306 S.
1540 1262 1744 1305 Pontifex:

122 1326 287 1381 «Quod
321 1331 353 1371 si
388 1328 568 1372 discerni
603 1342 682 1372 non
717 1331 843 1385 possit
876 1342 924 1372 ex
960 1332 1078 1373 cuius
1118 1332 1198 1374 ictu
1246 1345 1463 1386 percussus
1507 1335 1672 1376 interiit.
1708 1336 1743 1376 in

119 1399 196 1443 lioc
228 1399 356 1443 dubio
390 1405 585 1457 tanquam
620 1399 830 1444 homicida
863 1400 987 1444 debet
1022 1401 1163 1445 haberi
1199 1403 1452 1446 sacerdos».

238 1470 296 1514 De
328 1470 621 1527 complicitatis
662 1471 827 1515 delicto.
870 1484 1056 1515 normam
1100 1475 1268 1516 canonis
1313 1476 1546 1517 invenimus
1589 1477 1665 1517 iam
1708 1478 1744 1517 in

118 1544 280 1598 praxim
314 1541 538 1585 deductam
572 1555 646 1598 per
678 1541 796 1586 Alex.
834 1542 883 1585 lll
919 1545 956 1585 in
993 1555 1080 1599 cap.
1118 1544 1141 1586 8
1171 1559 1189 1584 «
1214 1544 1265 1587 de
1296 1547 1468 1588 simonia
1494 1561 1513 1585 »
1544 1544 1671 1601 (t·,3)
1698 1545 1743 1598 X,

120 1612 186 1656 ubi
224 1611 447 1669 prohibens
479 1612 591 1656 illam
618 1615 656 1656 in
681 1613 861 1657 diversis
886 1613 1010 1657 rebus
1045 1616 1098 1657 ita
1132 1614 1309 1670 complet
1345 1617 1551 1671 propriam
1589 1616 1744 1671 legem:

123 1682 285 1727 «Unde
318 1685 507 1741 quisquis
539 1688 682 1727 contra
717 1683 796 1727 hoc
829 1684 1043 1728 decretum
1078 1689 1279 1728 attentare
1310 1689 1628 1742 praesumpserit
1665 1692 1743 1728 tam

121 1753 189 1796 ille
219 1756 290 1811 qui
323 1754 487 1797 dederit
518 1767 642 1811 quam
677 1754 746 1798 ille
778 1757 848 1813 qui
884 1758 1101 1812 receperit,
1127 1755 1192 1799 vel
1226 1759 1492 1810 consenserit,
1514 1762 1668 1812 partein
1703 1771 1745 1799 se

120 1837 215 1867 cum
249 1824 417 1868 Simone
451 1838 530 1868 nou
565 1825 727 1869 dubitet
749 1825 989 1870 habiturum
1015 1842 1053 1870 ›).
1079 1826 1255 1870 Normae
1290 1832 1425 1870 autem
1461 1829 1743 1882 exceptionem

121 1893 239 1938 nobis
271 1894 391 1938 offert
422 1894 521 1939 alibi
545 1895 730 1940 Pontifex
765 1897 892 1950 idem,
918 1897 1135 1941 videlicet:
1172 1899 1211 1940 in
1247 1910 1336 1953 cap.
1357 1898 1380 1940 ὃ
1409 1898 1502 1940 «de
1535 1898 1747 1940 adulteriis

118 1968 158 2007 et
190 1969 377 2021 stupro»
417 1965 482 2023 (V,
518 1967 589 2023 16)
623 1966 674 2023 X,
710 1967 777 2012 ubi
813 1971 891 2013 ait:
931 1985 953 2010 «
976 1969 1071 2026 quid
1119 1970 1205 2012 lieri
1250 1968 1411 2019 debeat,
1444 1982 1536 2011 cum
1573 1973 1746 2024 negante

118 2034 309 2079 adultero
334 2037 484 2081 mulier
507 2040 546 2081 in
570 2039 831 2083 confessione
854 2042 1059 2096 persistat,
1082 2039 1298 2083 consilium
1326 2041 1544 2096 requisisti.
1571 2038 1746 2095 ldeoqne

121 2107 379 2160 mandamus,
413 2113 621 2166 quatenus
653 2111 903 2168 condignam
955 2113 1247 2167 poenitentiam
1294 2112 1500 2166 praefatae
1534 2112 1746 2166 imponens

118 2177 391 2234 adulterae,...
419 2181 640 2236 ‘praedicto
678 2187 816 2225 autem
861 2183 1080 2234 sacerdoti,
1115 2195 1165 2224 ne
1199 2182 1358 2236 (contra
1392 2180 1652 2237 Apostolum)
1688 2183 1745 2222 in-

120 2249 334 2292 tirmorum
379 2251 505 2294 corda
555 2252 662 2296 mala
697 2254 803 2296 fama
840 2256 968 2310 ipsius
1001 2256 1299 2310 percutiantur,
1335 2258 1370 2295 et
1407 2266 1455 2295 ne
1492 2255 1746 2307 vituperetur

121 2321 396 2364 ministerium
440 2326 642 2378 nostrum,
676 2336 811 2382 neque
859 2327 1091 2367 securiores
1140 2323 1368 2379 presbyteri
1418 2324 1671 2365 exsistentes,
1707 2323 1742 2362 in

119 2396 334 2446 peccatum
380 2391 571 2437 licentius
614 2394 898 2450 prolabantur,
932 2408 1025 2438 cuin
1068 2396 1214 2437 ricinis
1256 2396 1438 2450 quinque
1481 2391 1746 2448 presbyteris,

118 2472 222 2517 quos
244 2475 288 2505 se
311 2462 419 2506 nolle
453 2466 641 2520 peierare
672 2468 934 2523 cognoveris,
956 2468 1068 2508 iuxta
1093 2464 1307 2508 arbitrium
1344 2469 1457 2506 tunm
1495 2476 1669 2519 purgare
1702 2475 1743 2504 se

119 2533 283 2587 poterit,
317 2534 356 2576 in
391 2534 526 2578 officio
559 2548 633 2579 suo
669 2539 904 2580 ministrare
938 2538 1174 2593 permittas:
1211 2534 1390 2591 alioquin
1425 2533 1477 2576 ob
1510 2533 1643 2575 otlicio
1671 2546 1742 2574 suo

119 2603 252 2658 ipsum
279 2604 541 2659 ‘suspendere
574 2619 654 2650 non
690 2612 971 2663 postponas».

236 2672 320 2716 lam
344 2679 488 2718 acturo
513 2675 750 2732 legislatore
773 2678 823 2721 (le
848 2677 1039 2720 omnibus
1062 2678 1235 2720 conreis,
1257 2679 1413 2731 oportet
1442 2676 1552 2730 prius
1577 2673 1738 2715 eosdem

119 2755 337 2787 recensere
370 2745 511 2790 verbis
543 2746 670 2793 Clem.
700 2747 728 2790 V
753 2751 791 2791 in
826 2748 950 2792 Conc.
983 2746 1199 2790 Viennensi
1227 2746 1263 2788 ¹:
1302 2761 1320 2785 «
1346 2748 1386 2787 Si
1422 2747 1513 2801 quis
1545 2744 1740 2785 suadente

237 2898 248 2918 1
277 2895 399 2931 Clem.
431 2899 448 2932 1
479 2898 559 2933 «de
585 2900 755 2944 poenis»
785 2900 847 2945 (V,
875 2900 925 2943 S).
