1950 3313
146 160 191 194 50
607 157 692 190 L1B.
721 157 766 190 V.
798 177 808 181 -
835 156 945 190 PARS
970 157 1022 190 ΙΙ.
1050 177 1063 182 -
1089 157 1147 192 De
1166 160 1305 202 poenis
1557 158 1650 194 Can.
1677 159 1771 194 2217

264 278 329 320 34.
353 278 599 322 Diversae
617 289 892 332 poenarum
911 278 1338 323 denominationes
1360 281 1548 334 respectu
1568 277 1616 320 ad
1638 277 1770 335 legem

143 353 235 391 sunt
272 351 307 389 in
346 361 433 399 usu,
468 360 570 403 quas
603 346 822 388 confirmat
856 359 946 388 can.
979 348 1115 389 2217.
1148 347 1176 404 ξ
1199 350 1233 391 1.
1273 346 1406 390 Poena
1446 363 1466 388 <c
1491 347 1770 392 ecelesiastica

143 418 302 461 dicitur
334 420 455 461 etiam
494 419 530 459 in
565 418 678 459 iure:

262 492 315 531 1.0
352 487 639 531 Determinata
688 486 739 530 ab
778 501 839 543 eo,
873 488 911 531 si
943 488 986 530 in
1020 488 1113 546 ipsa
1163 488 1252 546 leffe
1301 489 1364 531 vel
1408 495 1647 547 praecepto,
1683 494 1768 533 tum

142 560 349 603 communi
389 563 475 600 tum
509 557 684 614 singulis
717 558 824 613 (lato,
866 574 886 599 ((
909 561 973 602 cui
1000 559 1201 603 adnexa»
1242 559 1352 616 (ean.
1389 560 1521 617 9195)
1546 562 1770 612 invenitur,

143 629 330 672 {amative
363 629 489 672 illest:
525 627 627 672 liaeo
662 628 726 671 vel
762 629 828 672 illa
863 629 1085 685 singularis
1129 636 1292 672 stalula
1325 630 1380 673 sit
1416 644 1488 687 per
1527 630 1635 674 illius
1669 631 1772 687 legis

143 700 204 743 vel
243 701 447 756 praecepti
485 699 680 752 latorem;
716 699 1065 752 indeterminata,
1097 701 1134 742 si
1165 700 1369 758 prudenti
1403 700 1581 744 arbitrio
1615 701 1771 744 iudicis

142 770 202 813 vel
236 769 490 827 Superioris,
527 775 570 813 ut
605 783 682 813 una
720 770 781 813 vel
816 770 894 813 alia
930 784 978 813 ex
1015 771 1196 814 (liversis
1231 774 1371 828 poenis
1394 772 1686 815 ecelesiasticis
1710 775 1769 815 in·

141 842 321 898 ssigatur,
354 840 506 884 relicta
538 841 594 883 sit
632 857 653 882 «
677 843 715 883 in
752 843 836 897 ipsa
873 841 1009 897 lege»
1049 841 1134 884 sive
1163 842 1445 899 praeeepu'm's
1493 843 1626 900 quoad
1665 843 1766 887 obli-

139 914 345 969 gationem
383 912 595 968 infligendi
629 912 824 969 aliquam,
859 912 944 955 sive
976 911 1247 969 facultalivis
1295 913 1440 969 verbis,
1492 927 1599 971 quae
1636 916 1770 970 expri-

140 988 251 1025 mant
288 983 481 1026 «iudicis
517 982 579 1026 vel
614 983 884 1039 Superioris»
925 982 1035 1025 illam
1070 981 1366 1039 obligationem
1403 989 1472 1027 aut
1497 987 1612 1027 istam
1651 984 1768 1028 liber-

140 1058 264 1097 tatem
299 1056 337 1096 in
373 1053 449 1097 liae
484 1058 621 1110 parte3

255 1123 371 1177 Quae
403 1124 479 1168 sub
514 1124 572 1167 n.⁰
605 1124 668 1167 2⁰
704 1129 937 1181 sequuntur
969 1124 1267 1181 appellationes
1299 1129 1394 1167 sunt
1431 1124 1550 1169 valde
1573 1127 1769 1182 antiquae

139 1200 178 1239 et
211 1196 500 1253 frequentioris
533 1209 632 1239 usus
666 1197 702 1238 in
738 1197 892 1252 scripto
926 1198 1031 1245 iure;
1069 1209 1244 1252 nempe:
1280 1194 1414 1238 Lalae
1446 1196 1692 1250 sententiae,
1717 1209 1766 1239 eo

138 1266 246 1324 quod
283 1266 331 1310 all
366 1266 624 1310 subeundam
660 1279 833 1323 poenam
876 1266 976 1309 nihil
1028 1266 1138 1309 aliud
1174 1280 1277 1322 opus
1309 1269 1361 1309 sit
1393 1280 1443 1310 ex
1479 1271 1593 1323 parte
1626 1271 1764 1310 auoto-

140 1339 268 1379 ritatis
301 1336 620 1391 ecclesiasticae,
660 1336 873 1379 videlieet:
909 1336 946 1379 si
974 1350 1110 1394 poena
1145 1336 1185 1393 a)
1219 1336 1503 1380 determinata
1529 1336 1571 1394 b)
1604 1337 1666 1379 ita
1709 1337 1767 1380 sit

136 1407 285 1450 addita
308 1407 391 1465 leqi
414 1407 475 1450 vel
494 1412 718 1465 praecepto
738 1407 846 1465 (can.
867 1407 1015 1464 2195),
1034 1411 1140 1451 siout
1158 1421 1295 1464 supra,
1322 1408 1361 1465 o)
1388 1413 1432 1450 ut
1459 1408 1596 1451 verbis
1616 1408 1762 1451 horum

136 1483 293 1521 constet
341 1478 448 1536 quod
500 1479 749 1521 incurratur
797 1478 1013 1522 subeunda
1061 1478 1152 1536 ipso
1205 1483 1362 1522 tantum
1407 1478 1522 1537 facto
1555 1478 1767 1522 commissi

139 1551 316 1604 perteote
350 1548 495 1592 delicti
527 1549 578 1592 ad
613 1561 799 1592 normam
836 1552 959 1592 totius
1007 1562 1095 1592 ean.
1148 1549 1261 1592 υ2195
1306 1554 1473 1606 propter
1505 1550 1616 1606 quod
1653 1563 1762 1592 com-

138 1619 389 1675 pescendum
425 1619 488 1662 lex
527 1619 588 1662 vel
625 1624 891 1676 praeceptum
928 1619 1026 1663 illud
1063 1621 1137 1663 fuit
1170 1620 1335 1673 datum3
1368 1619 1576 1678 ferendae
1599 1625 1765 1662 senten-

135 1690 221 1732 tiae
252 1690 289 1733 si
321 1690 466 1747 supple
501 1703 645 1747 poena,
679 1703 726 1733 eo
760 1690 868 1748 quod
910 1690 1243 1744 indeterminata,
1281 1691 1342 1733 vel
1378 1693 1451 1733 etsi
1487 1691 1761 1734 determinata

135 1762 187 1803 sit
220 1760 370 1804 talibus
406 1760 544 1803 verbis
576 1773 770 1816 expressa
806 1763 842 1803 in
878 1760 968 1814 lege
1005 1760 1066 1803 vel
1094 1766 1313 1817 praecepto
1347 1763 1412 1804 oui
1447 1765 1509 1803 est
1542 1761 1696 1814 addita,
1721 1766 1765 1803 ut

138 1836 225 1887 post
258 1833 524 1874 commissum
560 1831 756 1874 delictum
792 1845 817 1873 a
849 1830 988 1874 iudice
1023 1833 1188 1887 proprie
1221 1845 1293 1874 seu
1328 1833 1365 1873 in
1402 1831 1555 1874 iudicio
1589 1830 1652 1873 rel
1687 1830 1759 1873 Su-

132 1901 302 1959 periore
334 1907 449 1945 extra
485 1902 683 1945 iudicium
718 1901 859 1959 infliqi
891 1901 1050 1948 debeat.
1096 1904 1191 1960 quia
1233 1904 1396 1945 interim
1433 1902 1678 1959 delinquens
1711 1901 1762 1944 ad

135 1985 225 2016 eam
262 1986 340 2015 non
376 1977 562 2029 tenetur3

251 2043 315 2088 3.⁰
348 2044 376 2086 Α
414 2044 507 2086 iure
540 2046 745 2100 imposita,
779 2044 816 2086 si
856 2058 991 2102 poena
1035 2044 1296 2088 solummodo
1329 2043 1368 2099 a)
1400 2043 1685 2086 determinata
1718 2044 1761 2086 in

134 2115 227 2173 ipsa
261 2120 417 2157 tantum
455 2114 496 2171 b)
531 2114 620 2172 leq&
651 2120 883 2166 statuatur,
922 2128 968 2158 ao
1012 2120 1109 2159 tuno
1152 2119 1237 2158 sive
1279 2114 1394 2157 lacae
1435 2114 1669 2157 sententiae
1705 2114 1763 2156 sit

134 2185 218 2227 sive
248 2183 450 2242 ferendae
484 2184 582 2227 nillil
627 2187 818 2232 interest:
854 2185 903 2227 ab
937 2184 1102 2227 homine
1141 2187 1379 2240 imponitur,
1412 2184 1450 2226 si
1486 2182 1656 2242 feratur
1684 2197 1764 2241 per

135 2254 299 2298 modurn
329 2255 545 2312 praecepti
574 2254 806 2312 peculiaris
840 2258 908 2298 uni
957 2256 1017 2298 vol
1065 2254 1251 2311 pluribus
1283 2255 1381 2309 (lati,
1416 2257 1479 2298 oui
1515 2255 1676 2297 adnexa
1710 2257 1757 2297 sit

135 2339 207 2382 per
237 2328 601 2369 comminationem
636 2330 706 2368 aut
741 2326 1023 2379 inflictionem,
1057 2325 1120 2367 vel
1156 2327 1187 2368 si
1234 2328 1271 2368 in
1312 2327 1398 2382 ipsa
1434 2325 1523 2381 lege
1556 2329 1763 2368 statuatur

134 2395 231 2439 dum
276 2401 336 2439 est
379 2396 652 2439 determinata
698 2397 893 2440 ferendae
936 2390 1179 2451 sententiae,
1212 2401 1281 2440 aut
1319 2397 1655 2450 indeterminata,
1689 2395 1759 2438 seil

139 2481 160 2507 ((
184 2467 339 2510 t'eratur
362 2482 381 2508 ))
417 2481 494 2524 per
525 2454 777 2509 sententiam
810 2466 1054 2510 iudicialem
1087 2467 1218 2510 solum
1264 2479 1311 2510 ac
1355 2469 1540 2523 praecise
1574 2465 1761 2509 condent-

134 2536 359 2592 notoriam,
385 2541 551 2593 propter
584 2537 693 2594 quod
728 2537 902 2580 dieitur:
937 2536 1017 2579 etsi
1050 2536 1092 2579 in
1126 2537 1219 2579 iure
1251 2542 1439 2587 statuam
1469 2537 1540 2579 sed
1567 2538 1678 2579 iuxta
1704 2538 1761 2578 in-

133 2609 469 2663 terpretationem
506 2613 730 2663 exurgeret
763 2607 953 2661 dubium,
984 2607 1092 2665 quod
1128 2607 1319 2650 dissolvit
1351 2620 1481 2650 canon
1508 2606 1571 2650 his
1598 2606 1758 2650 verbis:

132 2691 263 2734 quare
292 2691 426 2734 poena
458 2677 661 2735 ferendae
692 2678 939 2734 sententiae,
964 2681 1053 2721 sive
1087 2678 1358 2720 determinata
1394 2680 1483 2721 sive
1519 2678 1757 2721 indetermi-

134 2753 239 2800 nata,
275 2747 358 2804 leyi
390 2747 554 2801 addita,
586 2753 626 2791 et
661 2753 826 2805 proptor
870 2749 946 2792 lioo
987 2748 1051 2791 illa
1086 2751 1138 2791 sit
1176 2762 1240 2791 «a
1277 2750 1431 2802 iure»,
1465 2753 1564 2791 anle
1595 2753 1755 2790 senten-

133 2818 236 2861 tiam
269 2817 651 2861 condemnatoriam
686 2824 746 2861 est
781 2820 954 2862 (licenda
980 2833 1003 2861 a
1029 2819 1121 2861 iure
1146 2823 1308 2867 {antean
1331 2821 1594 2872 comminata,
1611 2822 1758 2875 poslea

134 2902 157 2930 a
191 2888 285 2931 iure
316 2888 443 2931 simul
476 2894 514 2931 el
547 2889 596 2931 ab
630 2888 796 2932 homine
830 2890 996 2945 inflicta,
1033 2890 1158 2932 illest:
1205 2902 1275 2945 per
1314 2889 1422 2933 huno
1457 2889 1523 2932 illo
1558 2901 1755 2945 praesup-
