1950 3313
97 125 142 158 1²3

146 124 166 158 Φ

782 332 964 368 SEOTIO
990 333 1042 368 Π.

646 416 711 460 De
738 417 898 471 poenis
929 417 979 459 in
1011 417 1173 472 specie.

759 580 946 617 TITULUS
980 580 1062 617 vill.

424 665 481 699 De
510 665 656 707 poenis
686 664 1004 699 medicinalibus
1031 675 1103 700 seu
1133 665 1184 700 de
1209 666 1409 701 censuris,

511 794 651 830 CAPUT
677 795 706 828 I.
736 816 782 820 —
809 795 863 830 De
888 795 1064 830 censuris
1089 795 1130 830 in
1156 805 1309 839 genere.

100 902 278 937 canones
303 902 504 937 2241-2254
571 929 578 936 .

100 961 283 996 Schema:
313 961 441 1006 Caput
467 961 498 995 I.
527 961 584 995 De
611 961 788 995 censuris
813 961 855 995 in
885 972 1028 1006 genere

99 1020 383 1066 Inscriptiones
410 1020 619 1061 Sectionis‚
648 1020 775 1054 Tituli
801 1024 842 1054 et
868 1020 1019 1065 Capitis

100 1080 304 1114 Canonum
330 1079 585 1114 coordinatio.

99 1139 364 1173 Censurarum
389 1139 499 1173 notio
526 1143 567 1173 et
592 1138 817 1173 adhibenda
842 1138 1138 1183 circumspectio

100 1198 301 1232 Delictum
327 1209 492 1232 censura
516 1197 762 1243 puniendum
787 1202 827 1232 et
853 1197 899 1232 de
926 1198 1175 1232 contumacia
1239 1225 1246 1232 .

100 1258 157 1291 De
184 1257 360 1291 censuris
386 1257 433 1291 ab
458 1257 618 1291 homine
687 1284 693 1290 .

101 1317 364 1351 Censurarum
389 1317 668 1361 multiplicatio
686 1344 692 1350 .

101 1376 330 1411 Divisiones
355 1387 611 1410 censurarum

102 1435 398 1470 Reservationis
423 1435 645 1476 institutio,
674 1436 951 1481 interpretatio
978 1440 1096 1481 atque
1114 1435 1356 1471 virtualitas.

101 1494 159 1529 De
186 1494 466 1529 reservationis
492 1495 627 1538 vigore
688 1523 695 1529 .

102 1553 160 1588 De
185 1553 435 1588 absolutione
463 1565 648 1588 censurae
687 1583 692 1588 .

102 1613 160 1647 De
186 1613 446 1647 absolutionis
472 1626 494 1647 a
520 1614 698 1647 censuris
723 1613 985 1658 amplitudine
1019 1642 1025 1648 .

102 1672 160 1706 De
186 1673 269 1717 ipso
295 1672 557 1707 absolutionis
583 1684 769 1707 censurae
795 1676 887 1706 actu
907 1699 914 1706 .

104 1731 161 1765 De
186 1731 449 1766 absolutionis
475 1731 702 1766 huiusmodi
728 1730 871 1766 effectu
898 1731 1024 1776 quoad
1050 1731 1249 1766 diversum
1278 1730 1407 1765 forum

103 1791 161 1825 De
187 1790 436 1825 absolutione
463 1791 505 1825 in
531 1791 704 1836 periculo
731 1791 870 1825 mortis
911 1818 917 1824 .

103 1850 161 1884 De
188 1850 437 1884 absolutione
463 1862 484 1884 a
510 1851 687 1885 censuris
714 1850 921 1884 ordinaria.

104 1910 161 1944 De
186 1910 434 1944 absolutione
459 1922 481 1944 a
505 1910 683 1945 censuris
709 1909 1030 1945 extraordinaria.

518 2028 656 2063 CAPUT
681 2029 732 2062 II.
763 2049 805 2054 —
833 2029 888 2063 De
913 2028 1088 2063 censuris
1114 2028 1154 2062 in
1180 2027 1321 2072 specie.

104 2125 283 2159 Canones
308 2125 413 2165 2255,
442 2124 535 2158 2256
581 2152 587 2158 .

106 2183 319 2228 Inscriptio
341 2184 482 2228 capitis
509 2188 549 2217 et
573 2183 816 2228 praeambuli
842 2195 1028 2217 canones.

106 2242 369 2277 Censurarum
395 2242 601 2277 distinctio
626 2254 669 2276 ac
695 2247 856 2277 mutuae
883 2241 1140 2276 differentiae.

105 2301 370 2343 Quorumdam
396 2301 604 2336 verborum
629 2301 871 2347 significatio
912 2329 918 2335 .

543 2419 643 2453 ART.
673 2419 702 2454 Ι.
731 2440 772 2443 —
800 2419 858 2454 De
883 2420 1296 2454 eoeeommunicatione.

105 2502 283 2536 fanones
307 2502 511 2537 2257-2267
580 2531 586 2538 .

109 2560 290 2596 Schema:
320 2562 406 2595 Art.
434 2562 466 2596 I.
495 2562 552 2596 De
578 2562 985 2596 excommunicatione
1023 2589 1029 2595 .

107 2620 261 2655 Divisio
287 2621 427 2666 capitis
453 2625 495 2655 et
521 2621 726 2666 inscriptio
752 2625 826 2654 art.
855 2621 874 2654 Ι
914 2647 921 2654 .

108 2679 311 2714 Canonum
337 2679 429 2714 ordo
471 2707 477 2713 .

108 2738 535 2773 Excommunieationis
561 2738 741 2772 definitio
802 2766 808 2772 .

108 2797 547 2831 Excommunicatorum
574 2797 761 2831 canonica
786 2797 993 2831 distinctio
1022 2824 1029 2831 .

109 2853 285 2890 Effectus
311 2856 732 2890 excommunicationis
758 2856 859 2889 circa
885 2855 1020 2890 divina
1049 2854 1176 2890 officia
1242 2884 1248 2889 .

99 132 128 144 ··
547 129 673 154 INDEX
698 129 892 156 CANONUM
916 131 968 155 ΕΤ
994 128 1276 156 COMMENTARH

1664 1671 1731 1705 108
1789 1660 1794 1665 '

1530 852 1608 873 CAN.
1647 851 1726 872 PAG·

1682 902 1727 937 87

1683 962 1729 996 89

1685 1021 1730 1055 90

1460 1166 1467 1173 .
1518 1139 1610 1173 2241
1685 1139 1728 1174 91

1459 1225 1465 1231 .
1518 1198 1611 1232 2242
1684 1198 1729 1232 93

1460 1286 1467 1292 .
1518 1257 1612 1292 2243
1685 1257 1730 1291 96

1460 1343 1466 1350 .
1518 1316 1612 1349 2244
1685 1316 1730 1351 98

1460 1403 1467 1410 .
1519 1376 1612 1410 2245
1663 1376 1731 1409 100

1461 1463 1466 1468 .
1519 1434 1612 1468 2246
1663 1435 1730 1468 102

1459 1518 1469 1528 .
1519 1494 1611 1529 2247
1665 1494 1730 1528 103

1459 1579 1466 1586 .
1518 1552 1612 1586 2248
1663 1552 1731 1586 105

1461 1639 1468 1646 .
1519 1611 1612 1645 2249
1666 1611 1730 1646 107

1462 1699 1468 1705 .
1519 1671 1613 1704 2250

1460 1758 1466 1765 .
1519 1731 1611 1764 2251
1664 1730 1731 1763 109

1463 1819 1468 1825 .
1521 1790 1627 1824 2252.
1665 1789 1732 1823 110

1463 1875 1470 1882 .
1521 1848 1615 1882 2253
1668 1849 1733 1882 112

1462 1937 1467 1942 .
1521 1907 1614 1942 2254
1665 1908 1732 1942 115

1665 2123 1732 2156 121

1464 2269 1470 2275 ,
1522 2240 1616 2274 2255
1701 2256 1715 2270 »

1463 2326 1470 2333 .
1522 2300 1616 2333 2256
1667 2300 1734 2332 124

1670 2501 1736 2535 125

1668 2560 1735 2593 126

1668 2618 1734 2652 127

1463 2706 1468 2711 .
1666 2676 1734 2711 128

1464 2764 1472 2771 .
1523 2736 1617 2771 2257
1690 2751 1704 2766 »

1465 2825 1470 2830 .
1523 2795 1617 2829 2258
1670 2794 1735 2827 129

1463 2881 1470 2888 .
1521 2854 1616 2887 2259
1667 2853 1732 2887 131
