1950 3313
153 141 219 176 132
667 140 752 173 LIB.
780 141 808 173 Ι.
834 159 847 164 -
873 140 1045 174 Normae
1065 140 1263 184 yenerales

150 260 408 316 Quandoque
444 272 542 302 vero
575 258 749 315 supplex
788 260 964 301 oratoris
1002 257 1166 301 libellus
1208 258 1258 301 ad
1302 255 1589 316 Ordinarium,
1624 260 1689 304 vel
1723 262 1775 305 ad

149 332 274 376 alium
309 332 397 373 eius
429 329 518 373 loco
552 328 878 372 ecclesiasticum
918 330 1053 371 virum
1089 341 1161 384 per
1196 341 1394 384 personas
1426 334 1466 373 et
1498 327 1646 375 Officia
1690 345 1775 375 me-

150 407 307 445 morata
341 402 578 454 remittitur,
611 412 704 443 cum
742 398 1006 442 facultatibus
1039 401 1207 455 petitam
1242 401 1419 455 gratiam
1444 399 1662 458 largiendi,
1686 404 1776 446 sive

148 477 274 516 totam
307 473 397 514 sive
430 472 553 514 certis
588 469 787 513 limitibus
819 471 1196 526 circumscriptam.

265 541 340 587 Ubi
376 554 475 584 vero
508 541 560 584 ab
593 543 679 596 ipsa
712 541 749 584 S.
785 540 905 594 Sede,
946 542 1187 596 interposito
1229 543 1407 597 nemine,
1447 543 1579 598 gratia
1624 544 1777 599 imper-

147 617 284 669 tiatur,
319 614 480 656 exarari
515 613 714 668 rescripta
748 615 934 668 possunt,
966 615 1036 654 aut
1072 612 1202 654 forma
1247 613 1442 668 gratiosa,
1475 617 1545 656 aut
1582 615 1774 657 commis-

145 687 265 729 soria.
303 710 354 714 —
388 683 428 726 Si
462 684 591 726 forma
626 684 821 738 gratiosa,
854 686 1175 740 exsequutorem
1220 687 1364 739 suapte
1404 687 1551 727 natura
1588 697 1669 727 non
1705 698 1772 741 po-

145 755 298 799 stulant
321 770 360 795 ».
393 752 456 796 Ab
489 752 553 796 his
596 765 696 809 ergo
735 754 880 808 incipit
912 766 1002 794 caii.
1035 754 1110 796 38.
1147 751 1371 808 Rescripta
1403 752 1625 797 cuiuslibet
1658 756 1773 798 iuxta

144 825 266 869 Tituli
291 826 600 880 inscriptionem
626 822 774 880 quibus
793 823 940 880 qratia
965 825 1146 880 expetita
1171 822 1428 876 conceditur,
1447 837 1548 880 ergo
1571 827 1771 881 rescripta

145 903 230 941 tum
265 897 434 952 gratiae,
470 899 555 938 tum
591 883 783 942 iustitiae,
817 894 887 937 sed
924 893 1026 938 haec
1069 896 1157 937 sine
1192 894 1340 938 iudicis
1374 897 1612 939 interventu
1645 895 1695 939 ad
1730 895 1773 938 il-

146 969 278 1012 lorum
312 967 518 1020 effectum,
553 978 648 1009 nam
681 965 833 1008 dicitur
865 965 956 1007 sine
982 965 1202 1008 interiecto
1236 970 1491 1023 eoeeqicutore
1523 966 1646 1009 idest:
1687 981 1707 1007 (c
1731 969 1771 1010 in

143 1042 273 1084 forma
306 1039 548 1095 gratiosa»,
583 1036 770 1094 effectum
795 1035 959 1088 liabent,
983 1049 1053 1079 seu
1089 1038 1335 1092 pariuntius
1353 1038 1584 1094 quaesitum
1618 1040 1771 1080 oratori

146 1110 209 1154 vel
244 1109 299 1152 illi
337 1122 409 1165 pro
442 1121 523 1165 quo
548 1109 814 1164 impetratum
840 1111 900 1150 est
922 1107 971 1150 ad
1001 1119 1190 1150 normam
1215 1119 1306 1151 can.
1328 1113 1494 1163 p1·aec.⁵‚
1518 1121 1543 1150 a
1565 1113 1770 1151 <momento

143 1195 221 1239 quo
255 1180 381 1224 datae
412 1184 509 1222 sunt
542 1178 712 1221 litterae
745 1191 824 1221 non
860 1180 939 1221 iam
964 1180 1116 1221 oratori
1141 1183 1211 1221 aut
1235 1180 1506 1234 procuratori,
1530 1178 1601 1221 sed
1626 1191 1648 1222 a
1672 1183 1771 1222 tem-

144 1254 254 1309 poris
286 1251 406 1294 datae
440 1255 661 1306 momento,
698 1252 751 1293 ita
785 1254 828 1292 ut
861 1262 1029 1293 necesse
1063 1251 1113 1292 sit
1146 1254 1243 1293 tunc
1277 1251 1454 1292 existere
1479 1262 1624 1293 causas
1647 1262 1770 1306 expo-

141 1325 240 1366 sitas
273 1325 311 1365 in
346 1323 533 1378 rescripti
570 1325 683 1377 parte
718 1322 942 1371 narrativa,
979 1320 1234 1377 proindeque
1276 1320 1466 1363 voluntas
1503 1319 1770 1364 rescribentis

141 1394 321 1437 dimetiri
355 1392 479 1436 debet
502 1405 550 1435 ex
576 1393 900 1435 circumstantiis
934 1391 1042 1434 illius
1080 1391 1213 1439 datae,
1234 1393 1340 1434 sicut
1363 1395 1402 1434 et
1428 1393 1488 1434 vis
1510 1404 1558 1434 ac
1582 1393 1767 1434 extensio

142 1466 352 1520 rescripti,
388 1468 523 1506 celera
558 1476 651 1505 vero
686 1464 884 1518 rescripta
918 1461 1139 1506 cuiuslibet
1172 1467 1214 1505 ut
1248 1474 1387 1518 supra,
1412 1467 1495 1505 tum
1526 1477 1546 1502 «
1571 1464 1609 1504 in
1636 1463 1767 1505 forma

141 1536 424 1579 commissoria
448 1550 468 1574 »
507 1538 593 1577 tum
622 1549 641 1574 ((
667 1535 850 1577 remissis
874 1532 1067 1589 precibus
1089 1530 1313 1577 Ordinario
1337 1546 1431 1576 cum
1457 1532 1761 1576 facultatibus»

141 1620 165 1648 (ι
201 1611 382 1663 {empore
414 1604 728 1662 ea‘seqimliom's
762 1617 834 1660 per
868 1603 1104 1660 delegatum
1138 1605 1176 1645 in
1211 1608 1420 1659 postremo
1453 1616 1564 1654 casu,
1590 1617 1662 1660 per
1687 1616 1768 1646 me—

141 1690 231 1720 rum
266 1680 531 1719 executorem
567 1678 606 1718 in
640 1675 782 1719 altero.
819 1674 905 1718 Hoc
938 1688 1037 1731 ergo
1071 1676 1275 1731 inspicere
1300 1679 1460 1731 oportet
1485 1688 1557 1731 pro
1582 1674 1765 1718 efficacia

143 1749 329 1802 rescripti
365 1747 539 1790 iuridica
573 1746 707 1804 quoad
744 1748 959 1789 veritatem
994 1758 1230 1799 causarum,
1258 1747 1339 1787 vim
1372 1747 1560 1802 rescripti
1595 1747 1766 1802 eiusque

139 1818 470 1874 amplitudinem.
506 1817 617 1861 Haec
651 1819 788 1860 omnia
822 1819 900 1860 iuri
940 1817 1204 1873 praecedenti
1250 1819 1288 1858 in
1333 1818 1488 1859 normis
1530 1820 1767 1872 congruunt

145 1904 165 1929 «
189 1888 354 1946 quando
387 1890 523 1944 agitur
557 1888 606 1931 de
641 1887 765 1932 rebus
798 1891 1000 1944 gratiae»
1039 1887 1135 1945 (loc.
1170 1888 1272 1945 cit).
1602 1943 1605 1947 .

258 1959 355 2003 104.
407 1961 726 2005 Conditiones
775 1961 823 2004 in
872 1961 1126 2016 rescriptis
1175 1972 1449 2016 expressae
1509 1962 1605 2000 sunt
1651 1957 1764 2001 clau-

138 2029 251 2073 sulae
301 2032 490 2084 insertae,
540 2042 646 2087 quae
701 2029 765 2072 vel
820 2029 1028 2073 obiectum
1081 2031 1272 2086 rescripti
1320 2030 1547 2085 respiciunt
1595 2029 1763 2072 forsitan

139 2103 313 2156 gratiam
359 2100 597 2153 limitantes,
639 2105 708 2144 aut
756 2101 1020 2144 moderantes
1062 2113 1198 2152 usum,
1243 2099 1305 2143 vel
1355 2101 1644 2157 exequutionis
1683 2099 1762 2141 for-

139 2183 248 2214 mam
282 2176 350 2214 aut
384 2171 562 2226 delegati
595 2172 852 2215 conditiones
889 2174 1141 2228 exprimunt.
1175 2170 1260 2214 Has
1291 2171 1551 2227 distinguens
1583 2169 1664 2213 alio
1686 2169 1763 2213 sub

140 2246 328 2297 respectu
362 2244 417 2284 ait
450 2256 539 2284 caiz.
578 2244 653 2285 39.
698 2241 967 2285 Coiidi'tioiies
1005 2242 1050 2285 iii
1072 2241 1292 2299 rescriptis
1334 2240 1520 2297 singulis,
1561 2240 1630 2284 sed
1676 2242 1762 2297 qui-

139 2311 316 2355 buslibet.
348 2313 577 2356 secundum
611 2313 717 2356 tituli
753 2315 1077 2369 inscriptionem,
1100 2318 1196 2355 lime
1229 2318 1391 2355 tantum
1427 2311 1546 2369 (alias
1569 2313 1679 2355 enim
1702 2312 1759 2354 uti

137 2382 417 2425 accidentales
450 2387 542 2425 suut
577 2383 791 2426 habendae
827 2388 1046 2440 praecepta
1080 2386 1337 2427 continentes
1372 2382 1435 2426 vel
1471 2380 1760 2438 monitionem)

138 2452 383 2495 essentiales
419 2466 496 2509 pro
534 2453 770 2496 eorumdem
812 2457 1108 2511 rescriptorum
1148 2453 1372 2497 validitate
1408 2453 1640 2496 servandae
1673 2466 1761 2494 σθη-

137 2529 283 2566 senlm·
315 2526 539 2579 appositae,
574 2538 661 2566 cum
702 2525 937 2580 incipiendo
972 2539 1050 2582 per
1084 2523 1324 2582 particulas
1364 2536 1486 2567 unam
1531 2523 1760 2567 alteramve

138 2594 187 2648 si,
226 2593 462 2647 (liimmodo,
504 2593 566 2636 rel
609 2594 737 2636 aliam
783 2594 964 2637 eiusdem
1008 2588 1334 2652 siyiiifieatioiiis
1377 2592 1759 2650 grammaticaliter,

139 2677 216 2706 non
253 2667 330 2706 iam
366 2669 409 2707 ut
452 2664 669 2708 dicebatur
710 2664 761 2708 ab
804 2665 1054 2709 Auctoribus
1093 2681 1113 2706 (‹
1136 2665 1318 2709 ablativo
1352 2664 1539 2708 absoluto
1563 2680 1582 2705 ))
1622 2662 1761 2721 expri-

138 2748 172 2775 m
181 2748 233 2776 im
244 2739 323 2776 tur.

254 2804 355 2847 Cum
389 2805 464 2848 liae
498 2808 727 2862 pertineant
761 2806 811 2849 ad
846 2806 1058 2849 formalem
1084 2809 1377 2863 rescriptorum
1403 2810 1607 2861 naturam,
1632 2803 1758 2860 expli-

137 2888 230 2918 care
259 2879 417 2932 oportet
442 2878 616 2920 formam
641 2876 866 2933 legitimam
894 2879 1187 2933 rescriptorum
1211 2877 1249 2920 S.
1274 2877 1391 2921 Sedis
1413 2876 1570 2931 adesse,
1590 2887 1755 2930 semper
