1950 3313
108 145 177 178 284
479 142 563 175 Lm.
590 141 635 174 V.
657 160 670 165 -
689 140 798 174 PARS
817 139 888 173 ΙΙΙ.
911 159 924 165 —
941 139 998 175 De
1010 143 1147 184 poenis
1166 143 1207 174 in
1226 141 1366 175 delicta
1525 140 1618 176 Can.
1645 139 1738 175 2368

111 269 230 306 vetur
247 260 435 305 omnibus
458 259 679 315 beneficiis,
701 264 820 315 prout
844 259 1100 302 definiuntur
1124 261 1162 302 in
1187 272 1275 303 can.
1302 260 1426 314 1409,
1445 259 1739 317 cliqnstatibus,

110 347 217 391 quae
250 332 300 376 ab
334 331 511 375 Abbatia
545 335 584 373 et
618 330 855 374 Praelatura
890 330 1043 373 nullius
1066 335 1111 373 ut
1134 331 1326 374 inferiore
1359 331 1488 374 limite
1521 333 1740 388 incipiunt,

113 406 186 448 etsi
221 402 426 460 quaedam
461 415 511 445 ex
545 403 605 445 eis
639 401 840 445 beneficia
873 401 954 444 dici
989 414 1068 444 non
1103 407 1252 458 posset,
1278 416 1371 445 vvoce
1404 401 1540 445 activa
1574 407 1613 445 et
1642 415 1739 460 pas-

112 475 217 528 siva,
252 476 333 516 imo
371 472 509 516 adhuc
551 472 747 529 progredi
792 476 929 529 posset
970 472 1190 528 gradatim,
1224 473 1262 529 c)
1296 479 1334 516 et
1367 471 1571 516 inhabilis
1605 472 1661 516 ad
1691 487 1740 516 ea
1787 491 1791 494 ·

113 544 254 588 omnia
287 543 541 594 declaretur,
577 545 630 586 ita
665 547 708 586 ut
743 542 880 586 valide
908 541 1096 586 obtinere
1131 546 1215 599 ipsa
1251 547 1429 601 nequeat
1452 545 1491 586 in
1518 548 1741 600 posterum,

115 616 294 672 denique
318 619 357 656 et
381 614 424 656 in
448 613 613 656 casibus
632 612 901 670 pravioribus
924 612 1227 670 (leqradationi
1250 627 1422 672 qnoque,
1461 630 1482 655 ((
1505 626 1611 672 quae
1636 616 1674 657 in
1699 628 1743 657 se

114 688 296 729 continet
319 685 637 741 depositionem,
661 689 902 741 perpetuam
925 686 1200 741 privationem
1226 684 1391 728 habitus
1415 684 1685 728 ecclesiastici
1705 689 1746 728 et

116 757 398 800 reductionem
423 755 563 799 clerici
589 755 638 798 ad
658 759 809 798 statum
831 755 1017 798 laicalem
1038 771 1058 796 ))
1088 755 1196 812 (can.
1223 755 1350 811 2305,
1367 755 1395 814 ξ
1415 756 1454 811 1)
1477 755 1743 798 subiiciatur.

240 826 365 869 «Lex
400 828 529 869 utitur
566 825 703 869 verbis
738 827 1016 882 praeceptiris
1038 841 1058 867 »
1098 825 1207 883 (can.
1243 826 1368 881 2223,
1393 826 1421 883 ξ
1454 826 1515 881 3),
1549 838 1596 870 ac
1619 839 1669 869 ex
1694 825 1748 869 al-

118 902 203 940 tera
240 903 354 953 parte
388 902 448 940 est
482 899 617 954 potius
651 910 781 952 poena
822 896 1184 940 «determinata»
1228 896 1337 953 (can.
1374 897 1502 950 2217,
1533 897 1561 955 ἓ
1594 898 1632 948 t,
1669 895 1746 953 10),

120 969 302 1025 pendens
349 972 486 1011 tamen
536 981 557 1011 a
607 968 744 1011 delicti
795 969 1025 1024 gravitate3
1058 972 1312 1025 quapropter
1349 981 1444 1011 cuin
1478 966 1617 1012 Codex
1650 967 1748 1011 alibi

120 1039 228 1094 (can.
267 1040 392 1094 1:555,
416 1042 441 1093 ἓ
465 1038 507 1096 1)
532 1044 705 1083 statuat:
745 1055 767 1080 «
790 1041 911 1082 etiam
940 1040 1135 1082 inferiora
1160 1038 1459 1092 ti·ibunalia,'i11
1484 1040 1620 1082 causis
1642 1051 1748 1096 quae

119 1110 167 1154 ad
203 1111 242 1154 S.
277 1108 414 1155 Officii
448 1109 626 1153 tribunal
661 1115 912 1166 spectant»,
950 1109 1074 1167 (sicut
1107 1114 1168 1153 est
1200 1122 1324 1153 causa
1361 1110 1413 1153 de
1446 1109 1522 1153 hoc
1554 1109 1748 1153 sollicita-

120 1183 243 1224 tionis
290 1183 464 1225 crimine
512 1181 741 1225 secundum
782 1183 879 1224 cit.¹¹¹
914 1185 1073 1224 const.m
1107 1180 1257 1224 Bened.
1293 1179 1417 1234 MV),
1456 1193 1667 1224 «normas
1699 1180 1751 1224 ab

121 1252 268 1295 eodem
294 1252 469 1295 traditas
491 1256 719 1309 sequantur
741 1256 901 1308 oportet
923 1268 961 1306 2),
981 1251 1234 1295 consulenda
1258 1257 1318 1294 est
1338 1253 1375 1294 in
1397 1254 1513 1307 praxi
1533 1251 1750 1295 instructio

123 1323 162 1366 S.
197 1322 363 1379 Congi·.⁸
395 1324 433 1367 S.
468 1320 605 1368 Officii
630 1322 658 1371 ¹,
695 1322 763 1366 ubi
798 1322 974 1365 traditur
1008 1322 1156 1365 modus
1189 1322 1441 1379 procedendi
1476 1322 1527 1365 de
1550 1335 1631 1380 quo
1654 1321 1751 1366 alibi

123 1399 443 1451 agereoportet.
465 1420 517 1425 —
537 1392 683 1447 Quoad
708 1394 977 1437 inflictionem
1002 1399 1139 1437 autem
1167 1406 1407 1450 poenarum,
1428 1395 1481 1437 ita
1506 1393 1688 1451 loquitur
1712 1395 1749 1435 in

126 1479 162 1509 n.
202 1466 267 1508 12.
306 1482 327 1506 α
350 1463 526 1518 Quando
561 1469 775 1522 perspecta
808 1467 989 1508 evaserit
1024 1467 1171 1520 patrati
1206 1467 1392 1508 criminis
1419 1466 1584 1519 veritas,
1609 1478 1678 1507 reo
1701 1464 1750 1508 ad

125 1536 418 1591 defensionem,
456 1540 576 1592 prout
609 1537 698 1579 iura
733 1540 974 1592 exposcunt,
1009 1535 1203 1589 admisso,
1238 1535 1547 1578 deveniendum
1587 1538 1665 1578 erit
1702 1535 1752 1578 ad

126 1607 182 1650 illi
218 1607 554 1651 interdicendum
589 1609 629 1649 in
665 1611 925 1663 perpetuum,
962 1619 1011 1649 ne
1055 1607 1334 1649 confessiones
1376 1608 1570 1662 excipiat,
1608 1605 1753 1663 (idest:

129 1682 249 1735 prout
282 1681 320 1720 in
355 1690 512 1721 canone
546 1677 720 1720 dicitur:
761 1677 1083 1733 «suspendatur
1116 1676 1167 1720 ab
1191 1677 1408 1720 audiendis
1431 1677 1757 1720 confessionibus

128 1748 579 1806 sacramentalibusn),
614 1748 897 1792 subtrahendo
947 1761 1090 1791 omnes
1137 1752 1177 1791 et
1223 1753 1509 1806 quascumque
1542 1747 1758 1791 facultates

129 1820 178 1863 ad
215 1820 252 1863 id
290 1822 473 1863 muneris
521 1819 657 1863 eidem
707 1821 829 1862 etiam
872 1832 944 1875 per
977 1819 1271 1876 quodcumque
1305 1818 1571 1875 privilegium
1608 1818 1671 1862 vel
1707 1818 1758 1862 ab

131 1893 219 1946 ipsa
242 1891 390 1934 Sancta
423 1890 528 1934 Sede
562 1892 849 1947 impertitas».
874 1891 1009 1947 Atque
1032 1890 1110 1933 hoe
1136 1890 1301 1934 videtur
1324 1892 1532 1946 respicere
1555 1889 1623 1933 illa
1646 1889 1756 1933 clau-

131 1960 242 2004 sula:
281 1960 519 2005 «inhabilis
551 1961 600 2004 ad
637 1960 727 2005 illas
764 1961 1033 2018 excipiendas
1071 1960 1372 2016 declaretur»,
1405 1974 1499 2004 cum
1533 1959 1760 2004 declaratio

131 2034 183 2075 sit
215 2031 267 2075 de
300 2044 430 2089 poena
464 2034 545 2075 iam
579 2036 804 2081 contracta,
829 2037 867 2075 et
893 2031 961 2075 illa
985 2031 1212 2076 declaratio
1237 2030 1369 2088 (iuxta
1408 2030 1532 2075 verba
1566 2033 1757 2075 canonis:

138 2104 304 2146 «etiam
341 2116 413 2160 pro
447 2102 586 2146 delicti
620 2103 893 2160 gravitate»)
941 2105 993 2146 sit
1026 2102 1305 2159 computanda
1356 2105 1460 2145 inter
1510 2113 1676 2158 poenas,
1710 2101 1761 2145 de

135 2173 285 2230 quibus
317 2172 509 2217 subditur
534 2175 571 2216 in
597 2176 663 2217 cit.
690 2173 887 2217 instruc:
928 2162 948 2214 ⁴«
971 2172 1218 2217 Huiusmodi
1253 2175 1498 2216 sententiam
1533 2172 1763 2229 Episcopus

137 2246 236 2300 ipse,
269 2248 309 2287 et
342 2257 421 2287 non
455 2244 559 2288 alius
592 2244 643 2288 ab
676 2258 724 2288 eo
757 2244 984 2301 delegatus,
1022 2245 1222 2300 proferat:
1262 2247 1302 2287 et
1339 2257 1412 2300 pro
1446 2243 1568 2287 modo
1601 2242 1763 2300 culpae,

137 2318 262 2372 atque
293 2314 486 2359 omnibus
517 2318 683 2359 attentis
715 2317 1038 2359 circumstantiis
1080 2319 1266 2359 caeteras
1307 2327 1473 2372 quoque
1507 2326 1658 2370 poenas
1691 2327 1760 2357 reo

139 2388 305 2442 irroget,
338 2399 444 2444 quae
479 2388 516 2429 in
551 2386 802 2443 supradictis
826 2386 1046 2442 pontificiis
1068 2385 1439 2430 Constitutionibus
1466 2385 1763 2429 decernuntur.

139 2482 192 2487 —
229 2457 444 2500 Praeterea
477 2459 510 2500 si
543 2470 638 2500 reus
670 2459 709 2500 in
744 2457 898 2500 iudicio
931 2459 1088 2501 crimen
1123 2457 1334 2500 confessus
1367 2456 1502 2509 fuerit,
1536 2468 1764 2512 congruam

140 2527 264 2571 debet
296 2530 485 2571 emittere
517 2526 835 2581 abiurationem,
859 2532 903 2571 ut
924 2541 968 2571 se
990 2529 1045 2571 ita
1070 2531 1218 2584 purget
1249 2526 1301 2570 ab
1333 2539 1394 2577 ea,
1418 2539 1542 2584 quam
1576 2528 1763 2581 incurrit,

141 2598 323 2642 haeresis
346 2600 598 2655 suspicione3
623 2603 661 2641 et
685 2598 762 2642 hae
785 2611 950 2656 quoque
975 2610 1105 2655 poena
1130 2599 1169 2640 in
1194 2600 1279 2654 ipsa
1302 2599 1504 2641 sententia
1529 2596 1766 2641 mulctetur.

140 2669 374 2712 Notandum
409 2673 482 2723 est,
517 2682 669 2725 poenas
702 2669 940 2713 huiusmodi
973 2682 1130 2721 omnes,
1154 2673 1193 2712 et
1226 2671 1355 2725 ipsam
1381 2668 1679 2712 inhabilitatem
1714 2667 1764 2711 ad

141 2744 450 2783 sacrosanctum
475 2738 621 2783 Missae
645 2741 897 2783 sacrificium
922 2738 1217 2783 celebrandum
1253 2738 1311 2796 (in
1345 2751 1503 2783 canone
1526 2750 1764 2795 expressam

265 2894 276 2915 1
303 2893 348 2926 20
376 2892 486 2927 Febr.
515 2893 618 2928 1866.
655 2891 817 2927 Collect.
857 2891 894 2926 S.
929 2892 1071 2937 Congr.
1102 2891 1148 2925 de
1176 2891 1218 2926 P.
1248 2891 1292 2926 F.
1321 2886 1363 2926 n.'
1391 2891 1494 2926 1282.
