1950 3313
184 169 252 203 100
698 167 784 200 LIB.
816 166 845 202 Ι.
871 186 884 191 -
910 166 1083 200 Normcze
1104 166 1303 209 generales

175 289 225 330 ad
260 286 576 343 significandam
610 289 742 328 artem
776 297 855 342 qua
890 284 967 327 hoc
1001 285 1059 326 tit.
1093 283 1151 327 lta
1183 288 1307 327 etiam
1342 297 1490 328 nomen
1536 287 1655 328 ius».
1691 285 1799 329 ldeni

173 359 373 413 contingit
407 356 542 414 quoad
566 355 787 399 verborum
808 355 1133 411 significationes
1151 355 1361 399 iuridicas.
1382 381 1434 385 -—
1457 355 1630 412 Propter
1645 357 1800 412 signiti-

172 430 380 471 cationum
427 429 688 483 propriarum
725 424 1090 481 multiplicitatem,
1121 429 1161 468 et
1183 427 1278 482 quia
1313 430 1355 468 ut
1387 428 1442 469 ait
1469 425 1680 482 Eugenius
1712 424 1763 468 lV
1788 426 1801 448 ¹

179 497 298 541 «Nos
346 498 604 541 attendentes
654 499 765 539 iuxta
814 496 1047 539 doctrinam
1092 494 1199 539 beati
1248 495 1482 552 Augustini,
1528 496 1638 554 quod
1672 496 1804 540 solent

173 571 511 612 circumstantiae
544 568 854 624 Scripturarum
879 566 1115 610 illuminare
1138 566 1387 610 subtantiam
1417 569 1615 621 veritatis,
1651 572 1689 610 et
1722 581 1800 611 non

171 639 302 683 solum
348 639 594 693 adiacentia,
632 638 703 681 sed
749 639 873 680 etiam
924 637 1215 694 praecedentia
1258 642 1297 680 et
1341 637 1636 695 subsequentia
1675 638 1800 682 verba

170 715 263 753 sunt
297 709 595 754 consideranda
630 709 915 766 prudenter»,
949 721 1080 752 canon
1119 708 1364 765 praescribit
1396 709 1506 766 quod
1547 709 1703 765 «leges
1739 711 1800 752 in-

171 780 420 836 telligendae
466 784 560 823 sunt
602 779 831 823 secundum
877 779 1132 822 declaratam
1177 780 1524 835 significationem
1544 795 1564 820 )>
1608 780 1650 822 in
1686 785 1801 822 textu

170 865 241 895 seu
276 853 582 895 constructione
615 852 785 894 canonis
819 852 943 893 totius
979 850 1041 892 vel
1077 849 1241 893 articuli
1276 849 1377 906 legis
1413 855 1452 892 et
1486 855 1680 893 contemtu
1712 853 1801 894 sive

170 935 265 966 cum
289 922 378 965 aliis
407 921 647 971 canonibus,
671 924 759 964 sive
783 934 879 964 cum
904 922 1171 976 inscriptione
1207 923 1423 977 proximae
1455 920 1687 974 divisionis,
1712 923 1801 965 sive

169 1006 268 1050 erga
301 998 429 1036 totum
464 992 672 1044 Codicem‚
707 997 777 1035 aut
815 997 931 1035 extra
966 991 1081 1034 illum
1121 995 1198 1034 «in
1233 996 1470 1035 contextu»
1509 992 1671 1036 articuli
1705 1006 1799 1036 cum

169 1068 253 1107 toto
287 1064 423 1121 aliquo
459 1063 644 1107 DecretO.
669 1061 1006 1113 consideratanm
1037 1076 1109 1105 seu
1145 1067 1187 1105 ut
1219 1065 1273 1105 ait
1309 1061 1535 1118 Gregorius
1569 1062 1584 1084 ²
1623 1065 1688 1106 «si
1714 1077 1801 1120 pro-

170 1134 295 1178 lixam
329 1134 542 1191 epistolam
570 1146 705 1177 meam
739 1134 789 1177 ad
825 1133 1185 1190 interpretandum
1210 1136 1402 1190 accipere
1436 1138 1474 1177 te
1510 1135 1680 1177 tortasse
1704 1147 1799 1178 con·

168 1208 329 1262 tigerit:
364 1219 463 1262 rogo
493 1218 571 1248 non
600 1204 773 1248 verbum
797 1218 846 1248 ex
874 1203 1015 1259 verbo,
1040 1205 1110 1248 sed
1136 1218 1304 1248 sensum
1329 1218 1376 1247 ex
1402 1218 1525 1248 sensu
1563 1206 1799 1248 transferri:

168 1279 264 1334 quia
299 1276 543 1333 plerumque
577 1276 673 1319 dum
712 1277 943 1332 proprietas
980 1275 1203 1319 verborum
1239 1275 1481 1329 attenditur,
1515 1289 1660 1319 sensus
1693 1278 1798 1319 veri-

168 1349 262 1390 tatis
294 1350 555 1401 amittitur»,
593 1360 640 1390 ac
675 1349 713 1389 in
749 1346 1031 1390 Romanorum
1068 1348 1156 1389 iure
1189 1349 1391 1402 scriptum
1425 1351 1487 1389 est
1512 1346 1550 1391 3;
1591 1346 1800 1390 «lncivile

168 1423 241 1471 est,
276 1420 350 1461 nisi
386 1423 468 1461 tota
514 1417 604 1474 lege
649 1422 878 1474 perspecta,
917 1429 996 1460 una
1040 1417 1177 1475 aliqua
1225 1417 1427 1474 particula
1471 1419 1560 1460 eius
1594 1419 1799 1474 proposita

174 1489 358 1532 indicare
395 1488 457 1532 vel
495 1489 784 1545 respondere»

287 1559 372 1603 Hac
396 1572 541 1603 norma
565 1560 746 1616 generali
772 1565 953 1616 servata,
982 1560 1298 1604 memorandum
1322 1565 1383 1603 est
1402 1560 1511 1617 quod
1531 1558 1763 1603 aitGlossa:
1784 1559 1799 1580 4

173 1645 193 1671 «
212 1629 287 1674 Ubi
324 1630 450 1674 verba
483 1644 562 1673 non
606 1636 700 1674 sunt
733 1631 944 1687 ambigua,
980 1644 1059 1674 non
1094 1636 1154 1674 est
1187 1631 1302 1674 locus
1337 1633 1689 1687 interpretationi3
1727 1630 1796 1674 sed

168 1700 237 1744 ubi
271 1706 364 1744 sunt
387 1701 524 1757 dubia,
551 1704 782 1745 necessaria
816 1707 875 1745 est
910 1704 1251 1759 interpretatio».
1287 1701 1420 1745 Huius
1444 1701 1613 1758 regulae
1637 1704 1694 1745 sic
1728 1701 1797 1744 ad-

165 1770 319 1814 duntur
352 1774 390 1814 in
425 1785 604 1815 canone:
640 1786 746 1829 quae
779 1773 1029 1829 significatio
1052 1772 1278 1816 verborum
1314 1771 1430 1828 legis,
1464 1772 1722 1816 considerata
1757 1775 1800 1814 ut

165 1854 302 1898 supra,
336 1842 373 1884 si
405 1841 543 1893 (lichia,
579 1843 630 1885 ad
676 1845 923 1900 praescripti
973 1843 1289 1899 intelligentiam
1325 1843 1433 1900 quod
1470 1845 1629 1897 attinet,
1665 1857 1702 1886 v.
1736 1856 1796 1899 gr.

165 1914 261 1969 quia
301 1931 315 1951 «
339 1914 519 1969 protecto
553 1915 611 1956 sic
647 1914 918 1970 intelligenda
963 1919 1058 1957 sunt
1098 1913 1240 1965 verba,
1273 1918 1315 1956 ut
1351 1926 1417 1956 res
1451 1913 1502 1957 de
1535 1917 1616 1971 qua
1649 1915 1798 1969 agitur,

168 1982 306 2026 valere
343 1986 467 2039 possit
501 1986 646 2040 potius,
682 1996 806 2041 quam
854 1986 1029 2041 perire»
1067 1984 1097 2037 ⁵,
1136 1984 1199 2028 vel
1244 1997 1291 2027 eo
1337 1984 1446 2042 quod
1499 1984 1714 2027 vitandum
1748 1985 1797 2026 sit

166 2053 394 2097 absurdum
428 2054 535 2112 quod
571 2059 828 2112 sequeretur,
855 2057 970 2099 iuxta
1003 2068 1092 2111 cap.
1133 2054 1363 2098 «Solitae»
1401 2054 1430 2113 ξ
1467 2053 1617 2098 Verum
1643 2054 1693 2097 de
1718 2066 1798 2097 ma·

166 2126 328 2168 ioritate
361 2130 400 2168 et
433 2124 666 2168 obedientia
701 2126 747 2182 (1.
783 2126 870 2182 3⁶2),
909 2125 971 2169 vel
1011 2139 1147 2169 «cum
1184 2125 1310 2169 verba
1344 2125 1501 2183 aliquid
1536 2127 1697 2182 operari
1732 2125 1796 2168 de-

166 2193 325 2238 beant»
364 2193 393 2247 ⁶,
430 2197 493 2238 vel
533 2195 612 2238 alia
644 2195 695 2239 de
739 2208 878 2250 causa,
916 2201 954 2239 et
998 2195 1174 2239 obseura
1222 2195 1425 2238 mamert!
1465 2198 1503 2238 in
1548 2197 1682 2251 seipsa
1716 2194 1796 2249 lex,

164 2266 208 2320 a)
242 2264 297 2307 ad
328 2264 439 2308 locos
475 2264 638 2308 Codicis
669 2266 905 2323 parallelos
939 2280 1112 2324 nempe:
1160 2279 1340 2310 canones
1372 2268 1483 2310 circa
1518 2266 1709 2310 eamdem
1743 2268 1794 2309 si-

167 2334 362 2378 milemve
383 2338 596 2379 materiam
621 2341 855 2393 tractantes,
884 2337 948 2381 vel
972 2338 1160 2381 eiusdem
1184 2339 1518 2391 constructionis,
1543 2336 1580 2379 si
1603 2336 1675 2394 qui
1696 2336 1795 2387 sint,

165 2410 331 2461 propter
364 2406 557 2449 eumdem
591 2406 816 2450 Auctorem
850 2410 921 2466 qui
962 2408 1135 2464 digessit
1180 2410 1388 2464 integrum
1421 2405 1633 2460 Codicem‚
1669 2406 1707 2464 b)
1741 2405 1797 2449 ad

164 2474 268 2531 leqis
301 2475 436 2531 finem,
469 2489 575 2533 quae
609 2478 647 2519 in
683 2478 869 2521 futurum
903 2479 1026 2522 detur
1056 2491 1318 2535 expressum,
1345 2477 1407 2521 vel
1443 2479 1482 2520 in
1519 2476 1700 2520 fontibus
1721 2476 1796 2521 Co-

164 2545 279 2599 dicis,
315 2560 363 2588 ae
395 2545 738 2589 circumstantias
783 2548 1154 2605 promulgationis,
1181 2553 1380 2605 tempore,
1415 2547 1646 2591 secundum
1695 2546 1794 2591 illud

284 2723 295 2744 1
323 2722 457 2756 Const.
488 2722 554 2756 cit.
586 2726 604 2764 ξ
630 2724 652 2756 2
679 2743 721 2747 —
749 2723 762 2744 ‘2
790 2723 881 2768 Cap.
910 2724 933 2758 8
963 2724 1008 2758 de
1037 2724 1242 2760 verborum
1274 2723 1584 2768 significatione,
1612 2724 1677 2757 tit.
1712 2722 1794 2756 XL.

167 2768 235 2802 lib.
264 2769 297 2802 V
324 2790 365 2793 —
392 2769 406 2791 3
432 2769 478 2803 D.
509 2769 594 2803 Lib.
624 2770 643 2803 I
678 2770 741 2803 tit.
777 2770 836 2803 111
870 2770 895 2803 1.
930 2772 976 2804 -24
1073 2772 1086 2793 4
1111 2772 1157 2805 In
1185 2783 1268 2816 cap.
1310 2785 1328 2804 «
1348 2770 1446 2805 Cum
1475 2770 1671 2805 dilectus»
1701 2770 1723 2804 8
1749 2769 1795 2804 de

165 2815 465 2860 consuetudine,
504 2816 607 2850 verb.
644 2817 722 2850 iuri
757 2819 955 2851 communi
1000 2838 1041 2843 —-
1082 2820 1095 2840 5
1122 2820 1212 2863 (lap.
1243 2818 1398 2852 Abbate
1435 2818 1482 2851 25
1509 2818 1557 2852 de
1590 2817 1795 2852 verborum

166 2862 469 2944 signigffiaittifing,
499 2864 574 2943 xtrit.
617 2863 702 2907 XL,
742 2864 828 2898 Lib.
858 2865 889 2897 V
930 2885 972 2889 —
1013 2865 1026 2886 Γ)
1053 2866 1145 2910 Cap.
1186 2865 1227 2899 Si
1268 2865 1372 2910 Papa
1402 2865 1442 2899 15
1479 2865 1525 2899 de
1556 2864 1790 2910 privilegiis,

166 2910 231 2943 tit.
418 2911 427 2944 i
459 2937 467 2945 .
569 2911 608 2944 in
648 2912 700 2945 6⁰.
