1950 3313
184 159 255 192 208

532 157 611 190 ΙΛΒ.
638 156 682 189 V.
713 176 725 181 -
753 156 862 190 PARS
889 156 962 190 ΠΙ.
990 175 1005 182 -
1031 156 1088 191 De
1107 160 1248 202 poenis
1274 160 1317 192 in
1342 158 1483 193 delicta

183 277 263 312 dem
291 276 443 321 privetur
470 275 637 321 pensione
661 280 721 310 aut
751 286 908 317 munere,
934 275 962 310 si

183 323 274 370 quod
294 323 418 358 habeat
438 323 474 356 in
495 321 655 362 Ecclesia,
675 322 824 368 aliisque
844 322 963 368 poenis

183 382 244 417 pro
261 370 430 415 gravitate
455 369 578 415 culpae
606 369 789 415 puniatur3
817 369 963 406 clericus

184 429 262 453 vero
287 418 501 463 deponatur3

276 464 314 498 20
337 464 372 500 Si
391 463 461 499 alia
481 463 602 499 munia
621 463 848 499 sacerdotalia
866 475 962 499 usur-

181 511 323 557 paverit,
344 511 387 546 ab
407 509 596 547 Ordinario
615 522 676 557 pro
693 511 863 556 gravitate
888 511 960 547 cul-

181 569 243 604 pae
270 558 447 605 puniatur.

227 604 311 642 CAN.
340 604 445 640 2323.
470 625 486 630 -
507 603 574 649 Qui
595 604 889 651 blasphemaverit
907 605 959 641 vel

179 653 371 698 periurium
398 657 494 688 extra
529 652 697 688 iudicium
731 652 957 694 commiserit,

179 701 341 746 prudenti
375 698 554 735 Ordinarii
593 700 738 736 arbitrio
778 700 956 747 puniatur,

181 747 329 783 maxime
355 747 514 782 clericus.

225 794 310 830 CAN.
340 793 443 829 2324.
467 814 485 820 -
505 793 572 838 Qui
599 794 811 841 deliquerint
836 799 959 831 contra

179 841 431 888 praescriptum
457 853 536 877 can.
565 840 646 882 827,
675 842 756 883 8²28,
787 841 867 885 840,
889 841 956 884 51,

178 889 221 923 ab
248 887 437 925 Ordinario
464 901 525 935 pro
553 891 721 934 gravitate
751 890 873 936 culpae
902 901 958 935 pu-

178 936 331 978 niantur,
359 947 430 972 non
457 937 608 980 exclusa,
637 937 664 971 si
692 948 746 972 res
778 936 874 976 ferat.
904 948 957 971 su-

176 985 364 1029 spensione
388 988 450 1019 aut
477 983 635 1019 beneficii
663 984 715 1019 vel
733 984 833 1019 officii
854 984 959 1020 eccle·

175 1031 304 1066 siastici
335 1031 539 1077 privatione,
561 1031 626 1074 vel,
643 1031 670 1065 si
690 1031 732 1067 de
758 1032 854 1066 laicis
879 1042 957 1076 aga-

177 1083 245 1120 tur,
273 1078 645 1114 excommunicatione.

224 1125 306 1161 CAN.
327 1124 430 1160 2325.
450 1146 466 1152 -
484 1125 549 1169 Qui
567 1125 848 1172 superstitionem
865 1136 956 1161 exer-

173 1173 284 1208 cuerit
301 1174 353 1208 vel
372 1173 592 1218 sacrilegium
614 1174 872 1219 perpetraverit,
897 1184 955 1219 pro

173 1220 343 1265 gravitate
367 1221 490 1266 culpae
507 1220 550 1256 ab
570 1219 758 1256 Ordinario
779 1220 953 1266 puniatur,

1037 275 1144 310 salvis
1163 276 1281 321 poenis
1300 277 1373 312 iure
1391 277 1530 312 statutis
1548 283 1669 313 contra
1681 279 1816 326 aliquos

1035 327 1134 358 actus
1164 324 1420 369 superstitiosos
1446 324 1498 360 vel
1525 325 1719 371 sacrilegia.

1084 369 1168 406 CAN.
1187 369 1292 406 2326.
1313 392 1330 396 -
1347 369 1413 415 Qui
1436 371 1540 406 falsas
1558 372 1723 419 reliquias
1740 384 1817 409 con-

1035 416 1118 456 ficit,
1139 423 1199 452 aut
1225 418 1374 454 scienter
1401 418 1531 461 vendit,
1556 419 1735 455 distribuit
1760 421 1814 456 vel

1034 464 1194 510 publicae
1220 465 1374 500 fidelium
1408 467 1622 502 venerationi
1658 468 1812 513 exponit,

1033 512 1108 558 ipso
1135 512 1223 548 facto
1248 513 1647 550 excommunicationem
1667 512 1816 551 Ordina-

1032 560 1083 595 rio
1109 564 1317 595 reservatam
1345 561 1532 596 contrahit.

1081 605 1165 642 CAN.
1194 606 1299 642 2327.
1324 628 1340 632 -
1362 607 1555 651 Quaestum
1582 609 1748 652 facientes
1773 620 1813 645 ex

1034 653 1263 699 indulgentiis
1304 654 1502 700 plectuntur
1540 655 1615 701 ipso
1646 655 1735 691 facto
1760 667 1813 692 ex-

1031 701 1352 737 communicatione
1379 701 1456 738 Sedi
1487 703 1704 749 Apostolieae
1729 703 1812 738 sim-

1034 748 1168 794 pliciter
1197 754 1383 784 reservata.

1078 795 1160 831 CAN.
1188 794 1290 830 2328.
1318 816 1341 822 -
1367 795 1434 840 Qui
1474 797 1642 832 cadavera
1681 797 1733 833 vel
1763 809 1814 833 se-

1032 843 1150 889 pulcra
1179 848 1394 878 mortuorum
1411 844 1454 878 ad
1475 844 1605 879 furtum
1630 845 1682 880 vel
1699 844 1810 880 alium

1032 890 1163 925 malum
1193 890 1299 925 finem
1320 891 1510 934 violaverit,
1530 891 1714 927 interdicto
1741 903 1814 939 per-

1030 937 1140 972 sonali
1171 938 1349 983 puniatur,
1370 938 1414 973 sit
1441 938 1515 984 ipso
1543 939 1630 974 facto
1656 939 1810 981 infamis,

1029 989 1062 1019 et
1087 984 1232 1020 clericus
1261 990 1435 1030 praeterea
1461 986 1669 1031 deponatur.

1076 1031 1161 1067 CAN.
1191 1032 1291 1067 2329.
1316 1053 1332 1057 —
1354 1032 1526 1068 Ecclesiae
1545 1035 1597 1068 vel
1615 1034 1808 1069 coemeterii

1029 1078 1223 1118 violatores,
1241 1081 1282 1115 de
1301 1079 1428 1125 quibus
1443 1080 1474 1116 in
1491 1091 1568 1115 can.
1589 1079 1690 1122 1172,
1708 1080 1810 1123 12⁰7,

1027 1125 1213 1162 interdicto
1230 1127 1274 1162 ab
1293 1127 1453 1172 ingressu
1472 1128 1638 1163 ecclesiae
1662 1128 1810 1174 aliisque

1026 1174 1189 1218 congruis
1217 1175 1336 1219 poenis
1363 1174 1406 1210 ab
1433 1173 1622 1210 Ordinario
1647 1186 1708 1221 pro
1734 1187 1808 1221 gra-

1027 1221 1131 1256 vitate
1157 1222 1272 1256 delicti
1303 1222 1506 1267 puniantur.

439 1372 480 1375 —
501 1361 582 1395 erga
603 1349 763 1386 SSrham.
805 1370 847 1376 —
874 1350 988 1396 quoad
1014 1352 1146 1397 species
1173 1356 1391 1387 consecratas
1599 1352 1686 1388 Can.
1716 1351 1807 1388 232⁰

460 1397 713 1433 Eucharistiam
744 1380 802 1467 -Ι
1242 1430 1248 1434 .

806 1445 1026 1480 —inmissa
1066 1446 1245 1481 —iterato
1261 1446 1311 1482 vel
1326 1446 1458 1492 absque
1473 1446 1603 1482 ieiunio
1646 1460 1661 1479 »
1715 1446 1805 1482 ‘2321

817 1492 989 1528 celebrata
1005 1513 1046 1518 -

187 1539 404 1575 Titululel.
1073 1560 1107 1565 —
1134 1550 1193 1584 per
1224 1550 1295 1573 non
1330 1543 1526 1584 promotum
1558 1539 1601 1574 ad

177 1587 223 1623 De
261 1588 397 1623 delictis
1083 1587 1240 1621 ordinem
1269 1586 1515 1621 sacerdotalem
1647 1600 1661 1618 »
1715 1585 1806 1620 2322

198 1640 319 1670 contra
345 1646 395 1670 re—

199 1682 418 1727 ligionem-
440 1703 479 1707 —
507 1682 660 1717 nominis
689 1681 744 1716 Dei
1646 1695 1660 1712 »
1716 1679 1805 1715 2323

440 1798 478 1802 —
505 1777 685 1812 occasione
710 1777 874 1823 stipendii
903 1776 1088 1811 Missarum
1644 1790 1658 1808 υ
1714 1773 1805 1810 ’2324

695 1892 739 1897 ———
766 1872 801 1906 in
829 1882 955 1916 genere
981 1871 1126 1916 indigne
1152 1875 1316 1906 tractatas
1644 1883 1657 1902 n
1713 1868 1804 1904 2325

435 1940 477 1943 —
503 1930 585 1964 erga
601 1930 655 1954 res

456 1976 572 2002 sacras
634 1987 676 1992 —
954 1986 999 1990 -—
1026 1968 1164 2011 propter
1192 1964 1295 1999 falsas
1319 1963 1484 2010 reliquias
1643 1978 1657 1995 »
1713 1961 1803 1998 2326

687 2029 738 2085 ¹—
771 2060 804 2094 in
839 2069 915 2105 spe·
955 2079 997 2083 —
1024 2058 1066 2095 ob
1093 2063 1274 2104 quaestum
1301 2068 1339 2093 ex
1362 2057 1591 2102 indulgentiis
1642 2070 1656 2088 »
1712 2055 1801 2091 2327

716 2118 767 2142 cte
896 2127 936 2131 —-

1207 2173 1257 2188 .——
1289 2153 1497 2187 cadaverum
1537 2151 1588 2187 vel

956 2211 1070 2253 -—·per
1081 2200 1185 2235 viola-
1207 2189 1210 2233 l
1236 2199 1474 2245 sepulcrorum
1639 2212 1654 2231 »
1709 2196 1801 2233 2328

975 2253 1105 2283 tionem
1158 2268 1198 2272 —

1213 2315 1254 2319 -
1284 2294 1437 2329 locorum
1476 2303 1587 2328 sacro-

1234 2352 1312 2375 rum
1639 2354 1654 2372 »
1709 2339 1800 2375 :²329

290 2474 386 2517 158.
422 2475 679 2531 Inscriptio
721 2475 869 2519 Tituli
918 2476 966 2519 et
1014 2475 1137 2518 ordo
1187 2486 1442 2518 canonum.
1482 2497 1534 2511 —v
1582 2471 1798 2528 Postquam

167 2542 305 2588 Codex
341 2548 522 2587 tractans
555 2543 605 2586 de
639 2545 780 2599 poenis
815 2545 852 2585 in
886 2542 1048 2599 singula
1082 2542 1231 2586 delicta
1266 2544 1399 2598 primo
1433 2542 1686 2585 coadunavit
1719 2554 1799 2584 uno

168 2613 244 2658 sub
262 2613 396 2657 Titulo
420 2613 572 2657 delicta
596 2617 738 2657 contra
775 2616 949 2657 virtutes
982 2612 1248 2669 theologales,
1277 2612 1494 2656 videlicet:
1529 2612 1653 2655 sidem
1677 2616 1800 2668 alque

167 2687 397 2736 caritatem,
446 2684 543 2728 huic
592 2687 702 2728 enim
736 2675 984 2727 adversatur
1016 2688 1159 2727 contra
1195 2685 1391 2726 unitatem
1428 2682 1637 2726 Ecclesiae
1669 2681 1800 2725 delin-

167 2768 311 2812 quens,
336 2754 489 2811 digerit
522 2757 657 2798 statim
699 2753 881 2797 Titulum
916 2752 1000 2797 XII
1029 2756 1272 2810 inscriptum
1298 2752 1357 2796 De
1389 2751 1571 2806 delictis,
1593 2764 1699 2809 quae
1732 2751 1798 2794 de-

166 2825 365 2868 liniuntur
397 2828 502 2879 (can.
538 2825 666 2878 2195,
697 2824 725 2882 ξ
760 2825 799 2878 1)
834 2828 1051 2868 «externa
1084 2829 1123 2867 et
1157 2823 1367 2866 moraliter
1400 2821 1654 2878 imputabilis
1695 2821 1797 2877 legis

171 2894 337 2938 violatio
386 2898 452 2939 cui
502 2895 642 2939 addita
685 2898 735 2938 sit
777 2897 935 2938 sanctio
983 2896 1182 2938 canonica
1225 2893 1372 2937 saltem
1417 2893 1795 2945 indeterminata»,
