1950 3313
208 204 277 238 202
652 208 777 233 INDEX
802 203 1384 233 ANALY‘mcus-ALPHABE'HOUS

208 319 358 354 dicialis
407 317 548 355 84-110,
601 316 677 350 iuri
719 314 856 349 divino
899 325 976 347 non

205 378 403 424 praevalet
427 377 572 412 88-112,
609 373 818 416 ordinaria,
854 377 980 406 cente-

205 449 315 471 naria
340 442 379 470 et
415 432 709 469 immemorialis
741 431 883 472 84-110,
911 442 977 465 un-

204 496 342 530 denam
368 495 448 529 vim
474 493 630 528 obtinet
655 491 800 525 86-110.

254 556 432 598 Corporis
482 554 588 586 Iuris
637 551 815 584 canonici
867 549 976 582 notio

199 614 245 647 ⁴23
260 614 316 646 222.

253 673 390 706 Cultus
416 671 541 704 «livini
569 668 660 702 finis
688 667 849 701 163-152.

248 731 429 765 Debitmn
454 729 602 772 ‹Iupleoe
628 726 807 760 iustitiae
834 731 874 759 et
900 736 975 758 mo-

200 790 279 824 rale
297 790 392 829 6-11,
415 788 509 821 item
527 790 742 831 pertectum
761 795 828 818 seu
848 783 974 828 legale

197 854 237 882 et
264 849 533 892 imperiectum
560 856 628 879 seu
655 843 798 877 morale
825 843 922 876 6-11.

245 907 404 941 Decreta
430 904 523 950 quid
557 905 639 938 sint
676 902 793 945 6157,
834 901 972 935 Sacrae

199 967 358 1011 Congrf
386 965 552 999 Rituum
579 963 733 997 diversa
759 965 796 995 et
824 960 892 994 ubi
919 971 972 994 re-

198 1025 405 1069 periuntur
417 1023 582 1061 166-184,
599 1027 686 1066 post
697 1020 864 1055 Const.m
881 1035 894 1049 α
909 1019 970 1052 Di-

198 1084 289 1118 vino
316 1083 454 1117 afflatu
475 1098 487 1112 ›>
522 1081 683 1116 173-188.

243 1141 447 1176 Decretum
475 1139 653 1173 Gratiani
680 1137 796 1171 24-33.

242 1200 505 1234 Decretalimn
533 1197 712 1242 Gregorii
739 1196 797 1229 IX
831 1195 970 1240 compi-

194 1259 291 1292 latio
317 1259 437 1297 26-34,
466 1257 564 1291 liber
591 1256 734 1290 Sextus
759 1255 881 1293 27-35,
911 1254 970 1287 de-

194 1318 410 1351 nominatio
437 1317 556 1351 61-78.

240 1376 331 1411 Dies
359 1377 397 1409 in
425 1377 507 1409 iure
533 1376 672 1409 94-115.

239 1435 486 1479 Dispensatio
514 1446 535 1468 a
561 1432 811 1479 generalibus
841 1432 966 1466 Eccle-

192 1494 270 1528 siae
289 1494 443 1538 legibus
465 1493 629 1536 152-176,
651 1504 673 1526 a
690 1491 845 1536 legibus
863 1491 964 1525 dioe-

190 1554 341 1587 cesanis
371 1560 411 1586 et
449 1552 715 1587 Conciliorum
752 1550 964 1595 particula-

191 1613 292 1646 rium
330 1612 492 1652 153-177‚
532 1623 553 1645 a
591 1611 747 1655 legibus
786 1610 823 1643 S.
854 1609 964 1644 Sedis

190 1670 451 1715 peculiaribus
480 1669 644 1710 iae-177,
673 1681 693 1703 a
720 1669 861 1714 quibus
880 1680 965 1703 eon-

188 1729 359 1763 cedenda
386 1730 551 1771 151-1Ί5,
581 1730 621 1762 111
660 1740 752 1762 casu
791 1727 963 1762 difficilis

189 1800 369 1822 recursus
395 1788 442 1822 ad
470 1788 507 1822 S.
531 1788 667 1822 Sedem
695 1787 857 1828 152-176,
879 1799 965 1821 con-

187 1847 358 1881 cedenda
384 1858 471 1880 cum
496 1858 611 1880 causa
638 1846 803 1889 155-177,
826 1849 866 1880 in
894 1847 962 1880 du—

136 1921 141 1926 ·
188 1906 252 1940 bia
279 1917 394 1940 causa
422 1906 582 1940 155-178.

234 1964 547 2009 Dispensationz's
574 1964 754 1998 definitio
784 1975 828 1998 ac
867 1964 963 1998 divi—

186 2023 243 2057 sio
276 2023 434 2063 151-175‚
474 2022 678 2056 distinctio
716 2022 763 2056 ab
801 2034 960 2057 excusa-

186 2082 295 2116 tione
320 2093 342 2115 a
368 2081 452 2126 lege
478 2087 517 2115 et
543 2081 589 2115 ab
608 2082 856 2127 exemptione
879 2082 959 2116 149-

189 2141 264 2183 174,
293 2141 556 2185 etymologica
582 2141 691 2174 notio
725 2142 887 2182 148-173,
917 2142 956 2175 in

184 2199 270 2244 lege
297 2200 509 2233 necessitas
543 2200 608 2233 148
626 2200 703 2234 174.

231 2257 580 2301 Dispensationmn
606 2258 815 2303 multiplex
835 2270 956 2293 cessa-

184 2316 241 2349 tio
270 2316 431 2350 157-179.

229 2374 349 2409 Dubii
362 2374 542 2408 definitio
557 2380 597 2409 et
612 2375 827 2410 divisiones
837 2377 954 2411 71-92.

230 2434 511 2477 Epis-colrmram
538 2439 712 2478 potestas
740 2435 779 2468 in
816 2436 876 2469 ius
914 2436 955 2469 li—

182 2492 378 2536 turgicum
410 2492 570 2526 169-185.

230 2551 442 2585 Est-cusano
468 2562 489 2584 a
516 2551 600 2596 lege
627 2551 720 2596 quid
741 2553 905 2587 149-174.

230 2610 436 2653 Eoeemptio
463 2621 484 2643 a
510 2609 595 2655 lege
617 2610 711 2655 quid
744 2612 904 2646 149-174.

230 2669 543 2711 Eoelravaqantas·
569 2669 687 2703 29-36.

230 2726 451 2760 Facultates
462 2728 677 2762 lzabz'lnales
688 2729 830 2773 quibus
841 2730 956 2774 privi-

181 2783 298 2829 legiis
318 2786 627 2830 aequiparantur
655 2787 816 2828 134-162,
841 2800 956 2833 quam

180 2848 415 2886 potestatem
431 2844 642 2879 includunt
663 2846 823 2887 134-164‚
841 2859 957 2892 quan—

180 2900 229 2934 do
256 2913 331 2935 non
361 2909 604 2937 evanescunt
629 2909 668 2938 et
684 2905 834 2949 ‘quibus
860 2917 954 2940 com-

181 2960 436 2994 municantur
464 2962 624 2996 134-163.

1098 313 1300 346 Horarum
1326 299 1557 356 supputatio
1584 312 1751 348 iuridica
1772 313 1829 348 95-

1053 371 1133 405 119.

1071 436 1074 440 '
1097 431 1341 474 Ignorantia:
1356 428 1536 477 definitio
1551 433 1592 464 et
1606 429 1828 464 distinctio-

1048 498 1119 522 nes
1145 488 1265 530 7293,
1292 488 1393 522 circa
1410 487 1560 522 factum
1577 488 1753 523 alienum
1772 489 1830 524 72-
1932 502 1935 507 ¹

1048 549 1107 591 95,
1159 547 1261 582 circa
1302 558 1400 592 quae
1442 558 1520 581 non
1563 548 1830 593 praesumitur

1047 606 1164 641 72-94.

1094 666 1368 710 luteo-pretam
1384 665 1534 720 diversa
1551 665 1758 700 facultatis
1773 665 1826 699 di·

1045 724 1258 768 spensandi
1286 723 1453 759 156-179.

1093 783 1433 827 Interpretatz'onis
1476 782 1658 817 definitio
1701 783 1821 824 95-74,

1045 841 1289 882 authentica,
1320 841 1565 881 doctrinalis,
1590 841 1742 875 usualis
1768 843 1825 876 95-

1045 900 1100 941 74,
1132 900 1274 935 divisio
1293 893 1508 935 secundum
1527 900 1690 934 formam
1704 900 1820 945 97-74,

1043 960 1260 994 auctoritas
1287 963 1514 1004 competens
1540 959 1661 994 96-74.

1093 1039 1136 1045 —
1177 1018 1430 1053 authenticae
1469 1018 1648 1053 diversus
1685 1017 1823 1052 modus

1041 1082 1161 1122 atque
1187 1078 1352 1112 alterius
1370 1078 1502 1112 utrius
1521 1076 1684 1112 effectus
1702 1077 1819 1112 97-74.

1091 1157 1131 1161 —
1148 1136 1379 1171 doctrinalis
1389 1136 1547 1181 regulae
1562 1137 1680 1177 98-75,
1696 1136 1822 1181 quoad

1042 1195 1142 1241 legis
1168 1196 1372 1230 materiam
1401 1196 1538 1230 iol-76.

1087 1256 1202 1290 Jm'z's
1228 1255 1469 1300 etymologia
1496 1256 1563 1295 1-1,
1592 1254 1821 1299 praecipuae

1040 1313 1355 1359 significationes
1382 1315 1452 1354 2-1,
1490 1313 1701 1347 subiectivi
1729 1312 1819 1347 defi-

1040 1373 1144 1406 nitio
1169 1373 1242 1413 6-9,
1269 1372 1411 1407 divisio
1437 1373 1534 1407 7-12.

1089 1452 1129 1456 —
1156 1433 1365 1466 divisiones
1391 1432 1431 1465 in
1459 1431 1521 1465 ius
1549 1431 1739 1471 naturale,
1758 1442 1819 1475 po-

1039 1491 1205 1525 sitivum
1233 1495 1273 1525 et
1303 1491 1484 1536 gentium
1522 1490 1596 1531 3-4,
1638 1490 1680 1524 in
1715 1489 1817 1524 obie-

1039 1554 1145 1583 ctum
1173 1549 1351 1583 iustitiae
1386 1548 1637 1594 particularis
1670 1552 1740 1582 aut
1765 1548 1817 1582 le-

1037 1608 1138 1652 galis
1175 1609 1249 1650 4-6,
1290 1609 1470 1642 iustitiae
1510 1607 1816 1641 commutativae

1036 1667 1101 1701 vel
1127 1667 1407 1702 distributivae
1432 1667 1503 1705 4-7,
1538 1667 1580 1699 in
1606 1666 1734 1711 legem
1760 1665 1815 1699 di-

1036 1726 1168 1760 vinam
1195 1731 1281 1760 tum
1310 1726 1531 1760 naturalem
1572 1730 1658 1759 tum
1683 1724 1816 1770 positi

1035 1798 1123 1821 vam
1162 1790 1201 1820 et
1240 1786 1472 1820 humanitus
1510 1784 1689 1829 positam,
1729 1787 1815 1817 tum

1035 1845 1192 1880 civilem
1217 1849 1302 1879 tum
1330 1844 1638 1879 ecclesiasticam
1663 1842 1737 1877 5-8.

1081 1906 1195 1939 ‚Iuris
1220 1907 1398 1939 canonici
1418 1903 1664 1948 acceptiones
1691 1901 1812 1936 diver-

1034 1975 1098 1997 sae
1116 1965 1232 2004 10-15,
1247 1963 1346 1997 aliae
1365 1961 1705 1996 denominationes
1716 1960 1814 2000 9-14,

1033 2022 1209 2056 discendi
1234 2022 1425 2067 obligatio
1442 2021 1555 2061 1628,
1574 2018 1814 2066 etymologia

1031 2081 1130 2122 8-14,
1150 2081 1371 2115 formaliter
1388 2080 1536 2125 sumpti
1555 2078 1736 2114 definitio
1752 2078 1811 2111 11-

1034 2141 1088 2182 15,
1119 2140 1343 2175 deficientis
1361 2151 1405 2174 ac
1424 2137 1634 2184 supplendi
1652 2147 1809 2172 normae

1032 2199 1175 2244 102-77‚
1209 2198 1409 2244 generalia
1434 2197 1630 2243 plincipia
1665 2195 1804 2230 104-78.

1079 2278 1122 2284 —
1163 2259 1398 2303 disciplinae
1440 2257 1550 2291 notio
1601 2254 1718 2291 13-16.
1761 2253 1811 2288 ad

1030 2329 1145 2363 quem
1172 2317 1318 2351 mentis
1336 2316 1518 2350 habitum
1535 2313 1732 2360 pertineat
1751 2313 1810 2347 14-

1031 2377 1087 2418 18,
1117 2376 1325 2411 distinctio
1350 2387 1372 2409 a
1398 2375 1435 2409 S.
1453 2373 1669 2419 Theologia
1687 2372 1806 2406 15-18.

1077 2437 1190 2471 <Iuris
1217 2437 1391 2480 lituryici
1417 2433 1529 2467 notio
1561 2431 1727 2472 159—181,
1757 2430 1810 2465 di-

1029 2495 1131 2529 visio
1147 2495 1315 2538 162-182,
1331 2493 1462 2527 fontes
1476 2491 1623 2526 diversi
1644 2489 1808 2531 leci-183,

1028 2554 1269 2598 praestantia
1297 2558 1337 2586 et
1369 2551 1585 2585 necessitas
1606 2548 1723 2583 ‘illud
1749 2559 1808 2583 co-

1029 2604 1245 2657 gnoscendi
1274 2611 1434 2651 163-182,
1449 2609 1574 2655 quoad
1594 2608 1808 2643 Ecclesiam

1030 2671 1272 2706 Orientalem
1312 2669 1474 2710 165-183,
1520 2667 1645 2714 quoad
1681 2666 1808 2701 Eccle-

1030 2731 1128 2764 siam
1153 2730 1338 2764 Latinam
1366 2728 1530 2762 166-183.
1758 2766 1764 2773 ⁴

1075 2790 1240 2824 Justmn
1268 2788 1412 2833 duplex
1438 2786 1582 2821 morale
1615 2789 1655 2820 et
1681 2784 1808 2829 legale

1029 2849 1126 2882 6-11.

1078 2908 1159 2941 Leve
1183 2907 1319 2941 divina
1348 2906 1389 2940 in
1416 2904 1556 2940 Codice
1574 2903 1808 2949 quotuplici-

1030 2970 1091 3000 ter
1114 2970 1357 3010 proponatur
1384 2965 1503 2998 12-15.
