1950 3313
160 168 229 200 ‘212
538 166 622 199 Lin.
644 166 688 200 Y.
707 186 719 190 -
744 166 851 200 PAits
869 166 939 200 ΠΙ.
963 186 975 191 -
995 167 1052 201 De
1064 171 1202 212 poenis
1223 170 1265 202 z'n
1282 169 1422 202 delicta
1577 169 1668 203 (lan.
1699 169 1794 204 2322

160 289 244 343 qni,
267 286 421 342 profani
460 298 552 328 cum
587 286 681 338 sint,
715 284 818 328 adeo
853 274 1141 341 praestantiori
1178 299 1311 330 novae
1336 286 1455 343 Legis
1489 288 1719 330 ministerio
1751 302 1794 331 se

162 359 363 413 ingerere,
384 360 506 412 atque
540 354 789 398 oblationem
826 360 866 399 et
899 356 1246 413 dispensationem
1284 357 1573 414 Mysteiiorum
1613 357 1683 401 Dei
1716 357 1792 402 sibi

159 439 356 482 arrogare
400 426 783 482 praesumpserint?
810 441 827 467 ))
866 426 1072 479 <Pi-oemio
1115 432 1261 471 const.S
1299 431 1395 480 cit).
1430 428 1497 471 Sic
1532 430 1656 484 igitur
1691 431 1794 472 iuste

160 510 327 553 prorsus
359 496 547 539 decernit
585 509 741 540 canon:
775 497 839 540 Ad
871 497 1063 541 ordinem
1095 498 1414 551 sacerdotalem,
1451 512 1628 556 quonum
1674 500 1795 543 datur

165 572 388 623 «potestas
430 568 629 611 offerendi
676 567 821 612 Missae
863 570 1115 613 sacrificium
1140 585 1161 611 ))
1205 574 1245 613 et
1293 572 1614 613 «ministerium
1657 583 1793 614 sacra-

162 640 285 680 nicnti
321 640 598 693 poenitentiae
622 653 661 691 )>,
699 643 740 682 ut
773 638 1025 695 explicatum
1063 639 1365 697 probatumque
1398 642 1473 683 t'nit
1507 643 1544 682 in
1579 652 1670 683 can.
1696 641 1794 696 80⁶2,

160 709 258 763 871,
293 722 374 751 non
403 715 636 766 promotus,
668 712 758 753 sive
791 711 992 753 diaconus
1025 712 1161 761 tuerit,
1195 716 1238 753 ut
1271 713 1309 753 in
1345 724 1434 768 cap.
1461 711 1484 754 2
1514 727 1534 752 <‹
1558 711 1609 754 de
1642 711 1793 755 clerico

161 793 238 821 non
274 779 464 822 ordinato
499 782 801 824 ministrante»
840 780 906 837 (V,
943 780 1015 838 ⁹28)
1051 784 1088 824 in
1127 781 1424 836 Decretalibus,
1457 785 1547 825 sive
1586 783 1795 825 inferioris

159 850 327 905 ordinis,
365 856 406 893 ut
439 864 488 894 ex
524 851 709 895 eiusdem
747 854 804 894 tit.
832 851 1012 906 rubrica,
1045 854 1135 895 sive
1159 849 1184 893 ’((
1208 852 1338 896 laicus
1362 868 1382 894 ›>
1405 852 1634 896 secundnm
1670 853 1791 896 aliam

158 925 264 965 cit.ae
300 921 490 965 rubricae
528 925 754 966 variantem
795 939 817 963 ((
840 923 891 966 de
924 936 1002 966 non
1047 923 1237 966 ordinato
1282 925 1584 967 ministrante»
1622 926 1794 982 eiusque

159 1004 248 1048 cap.
287 993 300 1034 1
339 992 420 1035 «Si
455 995 547 1050 quis
570 1009 608 1048 >),
634 1006 739 1051 quae
774 994 1062 1050 interpretatio
1096 994 1369 1037 confirmatur
1401 994 1620 1037 evidenter
1652 1008 1701 1037 ex
1735 1008 1793 1038 se-

158 1063 381 1120 quentibus
416 1066 453 1107 in
486 1077 646 1107 canone,
678 1069 912 1108 statuente:

279 1135 322 1176 10
357 1135 402 1178 Si
435 1134 475 1191 a)
511 1135 679 1188 Missae,
705 1151 725 1176 «
751 1149 829 1178 non
857 1136 978 1179 modo
1010 1138 1130 1179 unius
1154 1152 1191 1190 )),
1217 1148 1323 1193 quae
1356 1138 1480 1180 etiam
1516 1136 1661 1180 ritibus
1695 1139 1795 1180 iuris

160 1205 328 1248 hnmani
363 1210 535 1259 constat,
572 1205 891 1249 celebrationem
927 1209 1146 1263 integram,
1187 1207 1299 1250 «sed
1336 1211 1458 1250 etiam
1497 1209 1618 1251 nnius
1650 1207 1794 1251 Missae

160 1284 334 1332 partem,
368 1277 594 1320 dummodo
642 1277 917 1321 elevationem
962 1277 1120 1321 hostiae
1167 1278 1228 1321 vel
1276 1277 1428 1327 calicis,
1463 1292 1533 1322 seu
1581 1281 1794 1336 utrinsqne

160 1349 198 1389 in
223 1346 353 1390 Altari
389 1350 595 1404 peregerit
620 1364 655 1392 ›>.
684 1361 775 1391 nam
803 1354 899 1392 tnnc
932 1352 1097 1405 proprie
1131 1350 1284 1392 dicitur
1305 1348 1586 1403 simulaverit,
1611 1349 1792 1393 scilicet:

159 1420 343 1461 exterius
366 1419 532 1462 faciens.
552 1419 660 1475 quod
689 1432 835 1462 revera
859 1421 994 1463 sciens
1016 1432 1064 1463 ac
1092 1419 1233 1463 volens
1255 1433 1334 1463 non
1361 1421 1534 1476 perlicit,
1558 1435 1578 1461 <t
1602 1423 1795 1478 quamvis

159 1488 210 1531 de
246 1488 472 1544 prolatione
510 1491 665 1532 formae
703 1493 1029 1533 consecrationis
1068 1503 1146 1533 non
1188 1495 1407 1545 constet»,
1447 1489 1509 1533 vel
1544 1490 1612 1533 illa
1644 1493 1793 1533 omissa

161 1560 306 1602 fuerit:
336 1576 358 1600 «
380 1573 473 1602 cum
506 1573 553 1602 ex
589 1560 824 1604 huiusmodi
863 1560 1085 1605 verborum
1125 1560 1353 1617 prolatione
1388 1561 1589 1604 tremendi
1625 1561 1792 1618 quidem

158 1630 359 1674 Sacriticii
396 1636 657 1688 contemptus
690 1637 728 1674 et
762 1632 1042 1689 delinquentis
1075 1633 1263 1687 andacia,
1298 1637 1337 1675 et
1370 1634 1528 1675 crimen
1568 1637 1792 1688 augeatur,

158 1700 228 1743 scd
264 1714 313 1743 ex
349 1714 491 1744 eornm
536 1704 747 1746 reticentia
793 1715 1054 1760 nequaquam
1101 1705 1373 1746 imminuatur
1417 1708 1629 1758 peccatum
1666 1702 1794 1745 idolo-

161 1771 317 1825 latriac,
346 1773 454 1829 qnod
492 1787 564 1828 per
597 1778 712 1817 actus
746 1774 997 1817 adorationis
1032 1787 1052 1817 a
1088 1773 1326 1817 celebrante
1362 1787 1438 1816 non
1476 1779 1662 1830 promoto
1695 1785 1794 1830 erga

161 1855 305 1898 puram
351 1847 444 1900 pani
479 1850 518 1888 et
555 1847 637 1887 vini
682 1844 954 1888 substantiam
1000 1844 1221 1899 exhibitos,
1255 1844 1500 1896 admittitur,
1534 1849 1572 1887 et
1606 1846 1644 1887 in
1683 1845 1792 1902 quod

162 1913 337 1969 populus
370 1917 491 1957 etiam
528 1915 662 1958 tidelis
698 1915 967 1958 materialiter
999 1915 1143 1958 saltem
1180 1915 1434 1958 inducitur»
1464 1914 1658 1972 (ibgss).
1682 1913 1795 1958 Haec

159 1996 309 2041 nempe
338 2000 355 2025 (ι
381 1987 547 2029 omissio
570 2001 592 2026 ))
623 1986 685 2029 vel
713 1986 887 2042 prolatio
913 1991 1023 2029 recta
1051 1986 1112 2029 vel
1143 2002 1165 2026 «
1188 1985 1514 2029 substantialiter
1547 1986 1789 2028 deficiens»

161 2056 198 2096 in
234 2068 281 2098 eo
315 2058 383 2112 qni
417 2062 531 2100 caret
563 2057 809 2100 sacerdotali
835 2057 981 2100 ordine
1006 2059 1198 2100 intactam
1236 2056 1431 2113 relinquit
1463 2055 1793 2108 simulationem,

160 2138 267 2182 quae
301 2132 435 2170 tamen
472 2130 509 2170 in
545 2128 760 2171 sacerdote
792 2127 1030 2171 celebrante
1066 2128 1310 2171 inducerent
1343 2127 1531 2170 eamdem
1566 2126 1796 2169 simulatio-

161 2209 253 2238 nem
290 2211 382 2240 cum
418 2201 667 2254 gravissimo
701 2199 933 2255 sacrilegio,
969 2199 1038 2241 sed
1075 2198 1141 2241 liic
1175 2197 1286 2241 nullo
1321 2199 1358 2240 in
1394 2209 1489 2240 casu
1525 2196 1796 2253 sequentibus

163 2267 225 2309 vol
261 2268 351 2311 aliis
384 2271 526 2325 poenis
558 2282 579 2311 a
614 2268 766 2313 Codice
801 2269 1007 2325 plectitur.
1042 2270 1237 2325 Sequitm·
1270 2270 1307 2310 in
1342 2267 1420 2310 hoc
1454 2267 1512 2312 n.⁰
1543 2266 1609 2310 10:
1646 2266 1686 2323 b)
1721 2272 1794 2309 ant

159 2338 507 2381 saeramentalem
542 2338 843 2397 confessionem
878 2339 1058 2382 scilicet:
1103 2352 1151 2382 ex
1197 2338 1432 2381 contitentis
1476 2339 1713 2387 intentione,
1753 2343 1792 2379 nt

159 2409 459 2452 absolutionem
498 2415 760 2466 peccatorum
796 2412 992 2463 obtineat,
1017 2410 1179 2461 tactam,
1204 2408 1413 2466 eoeceperit
1437 2410 1559 2451 etiam
1590 2407 1732 2462 semel,
1755 2413 1794 2450 et

159 2483 353 2536 quamvis
390 2481 734 2524 «absolutionem
770 2481 821 2524 ab
856 2481 924 2523 illo
960 2482 1128 2523 minime
1171 2479 1370 2536 prolatam
1414 2480 1538 2522 fuisse
1571 2483 1731 2522 constet
1753 2494 1793 2533 »,

165 2566 183 2590 «
208 2564 300 2593 cum
338 2553 369 2594 is
402 2564 567 2608 quoqne
600 2551 914 2594 Sacramentum
952 2550 1304 2594 reconciliationis
1337 2549 1543 2592 humanae
1580 2549 1796 2593 conculcet

160 2622 268 2677 (eam
303 2620 378 2665 sibi
415 2622 514 2665 t'also
548 2635 736 2665 asserens
779 2624 895 2665 sactis
941 2621 1177 2665 facultatem
1223 2621 1477 2664 emundandi
1522 2621 1795 2663 conscientias

160 2691 373 2735 hominum
409 2692 460 2736 ab
494 2692 688 2748 operibns
724 2695 909 2747 mortuis,
945 2706 1068 2750 quain
1104 2694 1259 2735 aeterni
1296 2692 1475 2734 t'oederis
1507 2692 1688 2747 Sponsor
1721 2689 1793 2732 Dei

160 2761 287 2805 Filius
321 2765 473 2805 nemini
508 2776 565 2815 se,
601 2765 674 2805 nisi
712 2776 783 2819 per
815 2762 1138 2806 ecclesiasticam
1175 2763 1477 2805 ordinationem
1514 2762 1795 2804 communica-

161 2837 298 2875 turum
336 2832 554 2889 promisit),
579 2838 617 2876 et
650 2835 894 2889 sanguinem
929 2832 1193 2886 Testamenti,
1218 2844 1238 2875 a
1264 2846 1344 2889 qno
1382 2834 1512 2874 virtus
1544 2832 1795 2874 sacramenti
