1950 3313
176 141 242 174 168
630 136 716 169 LiB.
749 135 790 168 V.
819 155 832 160 -
866 135 976 169 PARS
997 134 1053 169 ·11.
1080 154 1092 159 —
1118 134 1176 169 De
1195 137 1345 181 poeuis¹
1586 131 1679 168 Gan.
1706 130 1801 165 2285

173 265 211 303 et
245 259 399 302 tamdiu
437 260 630 304 maneant
662 255 713 298 ab
747 255 881 298 officio
913 259 952 298 et
986 253 1197 298 beneficiis
1233 253 1567 311 quibuscumque
1594 252 1795 308 suspensi,

172 330 302 372 donec
327 328 444 384 plene
468 327 736 379 restituerint,
760 324 963 382 quidquid
987 323 1039 367 de
1060 323 1179 367 bouis
1203 324 1463 380 perceperint
1485 321 1734 378 supradictis
1761 336 1799 365 ›>.

176 426 225 430 -
260 397 471 443 Simililms
504 410 602 453 ergo
628 398 667 439 in
695 395 872 448 casibus,
897 399 1116 438 serventur
1148 393 1272 437 liuius
1304 392 1480 437 articuli
1511 406 1703 435 canones.
1728 391 1790 434 ln-

172 472 257 512 nuit
292 471 416 525 igitur
450 466 662 524 legislator
695 467 746 509 de
782 468 966 522 personis
998 465 1180 522 physicis
1213 465 1303 508 illos
1336 464 1522 508 conditos
1554 463 1693 506 fuisse.
1752 457 1754 460 ’

287 538 314 596 ξ
345 540 387 582 3.
421 537 473 580 Si
505 536 703 592 alterum,
736 538 774 580 id
809 541 892 580 est:
927 538 958 580 si
992 538 1208 592 suspensio
1243 535 1322 579 lata
1357 536 1480 578 fuerit
1506 549 1529 575 «
1553 536 1590 576 in
1615 546 1798 576 commu-

172 613 356 664 nitatem,
391 611 447 653 uti
483 608 620 664 talem,
655 608 920 661 clericorum,
953 620 1058 665 quae
1090 606 1289 650 delictum
1328 607 1583 649 commiserit
1611 620 1634 646 c(
1667 603 1710 661 (ἓ
1743 604 1797 659 1),

176 695 298 738 ngr.
323 680 488 738 quando
506 682 648 723 statuit
665 679 793 722 Bonis.
824 674 938 721 v111‘1
963 678 1097 736 quod:
1138 693 1160 718 «
1185 679 1334 734 poterit
1352 678 1802 733 episcopus(vacantes

173 753 361 796 conferre
396 750 667 808 praebendas,
701 763 875 807 quarum
911 749 962 792 ad
996 748 1245 805 Episcopum
1279 753 1318 791 et
1349 746 1582 804 Capitulum
1619 759 1801 789 commu-

173 825 280 867 niter
314 825 516 879 pertineat
548 821 738 876 collatio),
773 823 806 864 si
840 820 1074 876 Capitulum
1119 819 1171 863 ab
1214 821 1298 876 ipsa
1343 818 1562 862 collatione
1604 817 1800 874 suspendi

173 896 447 951 contingat».
481 892 567 936 Hac
603 896 640 936 in
674 892 893 949 hypothesi
917 891 1193 934 communitas
1226 903 1340 933 «seu
1373 889 1594 946 collegium
1629 888 1800 932 clerico-

173 979 263 1009 rum
288 981 328 1021 »,
362 968 458 1023 quia
494 966 549 1007 uli
585 976 758 1020 persona
794 962 962 1006 moralis
995 961 1062 1005 illa
1096 965 1157 1004 est
1189 960 1446 1017 accipienda,
1476 959 1737 1018 prohibetur,
1762 964 1801 1002 et

173 1038 267 1094 quia
306 1052 329 1078 «
351 1041 488 1080 actum
523 1049 612 1079 esse
646 1034 804 1078 nullum
838 1047 1034 1090 expresse
1061 1032 1122 1076 vel
1157 1031 1471 1090 aequivalenter
1505 1030 1623 1088 (non)
1657 1032 1800 1074 statui·

173 1113 282 1151 tur»
321 1107 430 1165 (cau.
471 1106 552 1161 11),
587 1111 743 1149 tantum
778 1118 799 1148 a
833 1105 943 1148 licito
976 1103 1178 1147 emera-ilio
1211 1103 1370 1146 iuriam
1409 1101 1670 1146 solummodo
1716 1100 1801 1159 spi-

173 1178 399 1221 ritualium
432 1177 564 1235 (salva
599 1190 698 1233 ergo
734 1180 901 1219 manent
934 1178 1021 1219 iura
1057 1177 1095 1218 in
1131 1174 1236 1219 bona
1269 1173 1531 1231 temporalia)
1564 1186 1671 1231 quae
1703 1172 1800 1230 ipsi,

177 1250 240 1293 uti
272 1246 577 1303 eommmiilati,
611 1248 737 1292 idest:
771 1261 894 1304 supra
928 1247 1163 1290 declaratae
1207 1258 1405 1302 personae
1450 1244 1609 1300 morali,
1644 1257 1800 1302 compe-

178 1327 283 1376 luut,
316 1335 388 1364 seu
422 1323 699 1364 communiter
732 1318 981 1373 exercenda,
1005 1331 1083 1361 nou
1122 1331 1218 1361 vero
1251 1319 1282 1359 si
1319 1319 1477 1360 ratione
1498 1316 1622 1359 huius
1644 1315 1693 1359 ad
1719 1318 1801 1358 sin-

177 1392 296 1449 gulos
327 1392 477 1435 similia
511 1394 600 1435 iura
636 1393 881 1447 pertineant.

296 1466 320 1517 ἓ
353 1466 393 1505 4.
429 1463 474 1506 Si
508 1462 694 1515 tertium,
731 1461 856 1505 idest:
896 1476 918 1502 ((
940 1462 971 1503 51
1004 1462 1219 1515 suspensio
1259 1459 1339 1502 lata
1379 1460 1501 1502 fuerit
1533 1460 1573 1501 in
1610 1469 1807 1514 personas

178 1534 466 1592 delinquentes
499 1538 538 1577 et
571 1534 909 1576 communitatem
937 1547 956 1572 1)
995 1531 1040 1589 (ξ
1075 1530 1131 1588 1),
1165 1530 1332 1588 effectus
1367 1529 1565 1586 praedicti
1600 1528 1676 1572 sub
1698 1527 1755 1585 §¹3²
1781 1528 1803 1570 2

179 1611 218 1649 81
252 1606 275 1648 3
309 1604 595 1657 cumulantur,
630 1617 800 1660 nempe:
836 1616 979 1646 omnes
1010 1602 1209 1660 praedicti
1235 1614 1359 1645 causa
1381 1602 1662 1657 suspensionis
1685 1604 1807 1643 eruut

178 1676 371 1720 servandi
407 1690 479 1732 per
510 1675 695 1732 singulos
727 1674 1015 1731 delinquentes
1038 1673 1172 1731 quoad
1199 1673 1369 1716 eftectus
1400 1674 1424 1726 ξ
1459 1672 1497 1721 ⁶2,
1525 1684 1596 1728 per
1618 1683 1803 1714 commu-

179 1750 347 1790 nitatem
383 1746 517 1804 quoad
554 1748 855 1802 praescriptum
890 1742 918 1802 3³
952 1745 989 1786 3.

829 1899 1061 1938 TITULUS
1095 1901 1160 1937 IX.

696 1983 758 2025 De
791 1982 950 2036 poenis
982 1981 1298 2025 vindicativis.

231 2100 315 2137 Cis.
352 2100 455 2136 2286.
497 2122 514 2127 -
556 2101 687 2136 Poenae
727 2100 958 2136 vindicatixae

183 2149 261 2185 illae
287 2153 380 2191 suut,
407 2160 495 2194 quae
533 2149 660 2183 directe
689 2148 732 2182 ad
760 2148 874 2183 delicti
902 2159 958 2183 ex-

185 2197 373 2242 piationem
401 2196 550 2231 tendunt
568 2196 615 2230 ita
633 2200 670 2230 ut
691 2206 810 2230 earum
839 2195 959 2229 remis-

183 2248 232 2279 sio
250 2255 267 2279 e
286 2243 477 2278 cessatione
495 2243 735 2278 contumaciae
753 2242 960 2287 delinquen·

185 2293 228 2326 tis
255 2295 324 2326 non
358 2291 516 2336 pendeat

233 2338 316 2373 (3111.
335 2336 438 2372 2287.
453 2357 474 2364 -
501 2337 553 2372 Ab
580 2336 722 2371 inflictis
752 2336 870 2382 poenis
888 2335 961 2369 vin-

185 2385 344 2421 dicativis
370 2385 472 2420 datur
497 2384 684 2438 appellatio
714 2394 773 2418 5811
800 2394 960 2418 recursus

187 2434 220 2467 in
248 2432 465 2478 suspensivo
495 2432 560 2466 nisi
600 2432 694 2466 aliud
733 2441 892 2476 expresse
924 2430 960 2464 111

189 2481 261 2516 11118
288 2484 462 2514 caveatur.

233 2525 316 2562 Cis.
346 2524 449 2560 2288.
472 2547 488 2551 -
510 2525 667 2571 Exceptis
695 2524 814 2571 poenis
840 2525 961 2569 degra—

185 2574 349 2615 dationis,
370 2572 608 2619 depositionis,
633 2572 838 2618 privationis
856 2571 959 2607 officii

187 2626 246 2657 aut
274 2620 444 2662 beneficii,
471 2625 503 2656 et
530 2620 595 2654 11151
625 2624 744 2664 urgeat
775 2619 963 2654 necessitas

189 2668 373 2714 reparandi
389 2667 606 2707 scandalum,
622 2667 825 2712 prudentiae
840 2666 963 2701 iudicis

189 2715 391 2756 remittitur,
419 2715 446 2749 si
475 2726 552 2750 reus
578 2714 656 2749 talis
694 2714 736 2748 sit
776 2719 813 2748 ut
853 2714 962 2759 prima

192 2764 264 2798 vice
291 2767 365 2809 post
397 2762 501 2797 vitam
541 2761 763 2796 laudabiliter
790 2766 963 2806 peractam

314 2895 323 2916 ¹
352 2894 441 2938 Cap.
467 2904 536 2927 un.
568 2906 587 2925 «
605 2893 661 2926 Ne
689 2893 785 2927 Sede
813 2896 978 2926 vacante
1004 2891 1154 2936 aliquid
1181 2891 1430 2924 innovetur»
1461 2888 1546 2932 (ΙΙΙ,

1032 2099 1228 2152 deliquerit,
1257 2110 1386 2145 poenae
1412 2098 1609 2134 ordinariae
1645 2107 1704 2143 per
1734 2107 1794 2132 seu

1032 2148 1178 2182 tentiam
1205 2146 1527 2182 condemnatoriam
1548 2144 1700 2180 inflictae
1718 2154 1807 2179 exse-

1032 2195 1207 2229 cutionem
1234 2194 1458 2239 suspendere,
1487 2204 1527 2228 ea
1552 2197 1669 2227 tamen
1690 2191 1808 2226 condi-

1034 2242 1126 2276 tione
1153 2245 1201 2281 ut,
1219 2242 1246 2274 si
1266 2251 1343 2276 reus
1371 2240 1464 2275 intra
1491 2240 1685 2285 proximum
1705 2239 1810 2273 trien-

1035 2290 1132 2323 nium
1147 2288 1242 2323 aliud
1257 2287 1422 2323 delictum
1438 2287 1593 2323 eiusdem
1605 2285 1810 2322 velalterius

1033 2335 1170 2380 generis
1189 2335 1414 2375 commiserit,
1434 2345 1578 2381 poenam
1599 2333 1737 2379 utrique
1755 2333 1811 2367 de-

1035 2383 1114 2418 licto
1140 2382 1292 2417 debitam
1321 2382 1405 2417 luat

1082 2427 1492 2465 (31Ν.)289.Ρ-(181111
1526 2427 1738 2463 vindicativa
1771 2426 1809 2460 fi-

1034 2478 1130 2512 nitur
1155 2477 1230 2511 eius
1256 2476 1452 2529 expiatione
1471 2475 1521 2510 vel
1548 2473 1811 2521 dispensatione

1034 2524 1077 2560 ab
1103 2535 1141 2559 eo
1167 2534 1331 2559 concessa
1369 2524 1427 2569 qui
1467 2523 1659 2567 legitimam
1687 2521 1812 2556 habeat

1034 2571 1263 2617 dispensandi
1317 2575 1518 2617 potestatem
1562 2570 1606 2606 ad
1649 2578 1809 2604 normam

1036 2630 1113 2654 can.
1145 2618 1249 2652 ⁰236.

1084 2665 1168 2701 CAN,
1198 2664 1338 2700 22911.-
1356 2664 1426 2707 §l
1448 2664 1487 2699 Iu
1504 2664 1642 2700 casibus
1668 2661 1811 2698 occultis

1037 2713 1306 2757 urgentioribus,
1321 2713 1347 2746 51
1364 2723 1401 2748 ex
1422 2712 1662 2747 observatione
1682 2719 1811 2755 poenae

1039 2760 1270 2795 vindic-ativae
1290 2760 1378 2795 latae
1396 2759 1603 2799 sententiae
1626 2768 1703 2792 leus
1723 2767 1811 2800 seip-

1571 2887 1608 2928 8)
1637 2887 1677 2920 in
1704 2886 1756 2920 6⁰.

1942 1137 1950 1201 ’1

1940 1224 1950 1347 3³
