1950 3313
95 180 191 216 Can.
218 178 313 214 2263
504 176 587 210 Ti‘r.
622 176 726 210 vm.
749 196 760 200 —
783 177 835 211 De
861 180 995 221 poenis
1020 178 1318 212 medicinalibus
1656 177 1719 211 137

94 298 260 342 homine
287 295 349 339 vet
375 307 397 338 a
434 297 522 337 iure
557 298 769 338 statutum,
797 308 872 336 non
900 297 1019 337 tuerit
1045 295 1103 352 (nt
1139 295 1297 349 debuit)
1328 300 1580 351 prosecutus,
1611 295 1722 351 tapso

94 368 242 412 eodem
291 371 477 422 tempore
511 367 899 408 excommunicatus
945 365 1105 421 publice
1149 369 1342 417 nuntiari,
1374 366 1440 423 (ac
1490 369 1723 409 referuntur

94 439 280 492 effectus)
313 442 353 481 et
399 436 551 480 nedum
600 438 637 477 in
686 435 962 481 iudicialibus.
996 437 1065 478 sed
1101 440 1221 479 etiam
1269 440 1304 479 in
1340 437 1724 480 extraiudicialibus

96 511 260 560 evitari,
291 521 339 552 ac
372 520 393 551 a
442 507 641 563 legitimis
686 506 846 548 actibus
891 510 1093 548 removeri
1139 507 1319 560 debebit,
1352 521 1567 564 quousque
1611 508 1719 564 quod

99 586 187 639 post
219 579 536 637 appellationem
583 577 810 633 legitimam
847 580 1230 620 excominimicatus
1263 581 1397 628 tuerit,
1434 578 1494 621 ret
1531 578 1630 620 adias
1673 578 1723 620 de

98 654 226 710 ipsius
257 652 487 694 sententiae
520 649 709 692 docuerit
746 648 994 691 nullitate».
1032 649 1153 690 t'orro
1198 652 1326 703 magis
1359 649 1560 704 ‹nunplt—tn·
1604 651 1722 691 reteri

99 722 397 780 prohibitiones
441 723 478 763 in
525 721 729 776 praesenti
765 731 920 761 canone
967 721 1188 761 recensitas
1220 732 1307 774 cap.
1349 720 1394 761 123
1445 736 1462 758 «
1489 719 1537 761 de
1582 719 1722 762 tiaere-

99 796 228 838 ticis»
267 791 334 854 (V,
359 792 402 848 7)
438 790 486 834 X.
525 791 587 834 Ait
623 792 733 833 enim
768 789 903 833 lnnoc.
941 789 986 831 lll
1025 791 1061 831 in
1095 790 1215 831 (lonc.
1252 790 1457 845 generali:
1496 789 1725 832 «tirmiter

97 868 337 918 statuentes,
373 867 415 906 ut
462 867 678 919 postquam
715 863 806 918 quis
851 861 991 903 talium
1028 861 1149 902 fuerit
1182 863 1610 902 excommunit-atione
1656 874 1722 901 no-

99 940 221 986 tatus,
252 936 284 978 si
318 934 560 977 satisfacere
591 933 886 987 contempserit
928 932 1028 973 intra
1063 943 1213 973 animm
1248 930 1446 985 (conditio
1483 944 1586 971 num·
1632 930 1723 972 ¹‹ub-

102 1007 200 1063 tata)
224 1019 272 1050 ex
309 1010 406 1048 tunc
441 1006 527 1060 ipso
562 1006 693 1047 iure...
731 1016 805 1045 nec
838 1002 887 1046 ad
920 1001 1081 1058 publica
1106 1002 1237 1043 otiu-ia
1272 1014 1342 1043 seu
1367 1000 1549 1050 consilia,
1575 1015 1646 1042 ιιω·
1677 1000 1723 1042 ad

99 1077 312 1134 eligendos
354 1076 516 1133 aliquos
548 1074 598 1118 ad
644 1073 883 1116 huiusmodi
929 1086 1003 1115 nec
1036 1073 1084 1115 ad
1131 1073 1408 1114 testimonium
1445 1072 1726 1113 admittatur...

100 1148 246 1192 Nullus
280 1152 492 1204 praeterea
527 1147 602 1202 ipsi
637 1158 763 1201 super
799 1157 1061 1200 quocumque
1097 1144 1273 1198 negotio,
1308 1142 1376 1184 sed
1426 1144 1507 1197 ipse
1546 1141 1634 1183 aiii>
1669 1155 1726 1182 re-

99 1218 305 1276 spondere
354 1221 541 1274 cogatur.
576 1213 696 1268 Quod
731 1217 762 1257 si
815 1216 917 1257 torte
968 1214 1089 1256 iudex
1126 1215 1319 1266 extiterit,
1355 1211 1494 1268 (etiam
1544 1228 1563 1250 <‹
1591 1214 1620 1253 is
1663 1213 1726 1253 cui

100 1301 238 1344 causa,
272 1289 368 1332 ticet
402 1289 568 1344 proprio
604 1288 770 1329 nomine
808 1287 895 1329 eius
928 1298 1137 1341 expresso,
1163 1296 1184 1326 a
1208 1283 1312 1326 Sede
1347 1284 1463 1325 tuerit
1500 1282 1639 1337 Aptca.
1665 1282 1730 1324 de-

104 1361 281 1418 legata»
335 1364 376 1403 ut
425 1363 583 1402 constat
626 1371 677 1401 ex
723 1369 814 1413 cap.
853 1357 905 1399 tt)
944 1356 1038 1398 «de
1086 1355 1219 1398 officio
1252 1358 1291 1397 et
1340 1358 1536 1409 potestate
1589 1353 1731 1395 iudicis

103 1432 326 1489 delegati»
365 1433 412 1474 tit
462 1430 529 1482 14,
565 1429 650 1473 Lib.
687 1428 701 1471 l
736 1430 774 1471 in
811 1427 889 1483 6⁰),
923 1430 1010 1470 eius
1041 1427 1241 1469 sententia
1278 1424 1428 1467 nuttam
1455 1424 1634 1466 obtineat
1671 1425 1732 1464 tir-

105 1505 302 1557 mitatem‚
339 1515 413 1545 nec
457 1513 606 1545 causae
650 1499 816 1557 aliquae
850 1499 898 1542 ad
944 1500 1031 1541 eius
1075 1497 1327 1540 audientiam
1378 1496 1648 1551 perferantur.
1693 1496 1730 1536 Si

105 1575 228 1618 fuerit
259 1574 504 1626 advocatus,
528 1574 618 1616 eius
652 1572 926 1627 patrocinium
953 1568 1186 1611 nullatenus
1209 1567 1463 1609 admittatur.
1489 1567 1526 1607 Si
1554 1564 1733 1614 tabellio,

106 1647 377 1689 instrumenta
421 1644 609 1688 confecta
660 1655 731 1699 per
783 1643 914 1697 ipsum
960 1638 1111 1682 nultius
1153 1640 1231 1681 sint
1280 1639 1489 1680 momenti.
1524 1636 1592 1678 sed
1639 1649 1730 1678 cuin

106 1720 274 1759 auctore
307 1715 502 1759 damnato
536 1713 800 1757 damnentur.
838 1711 883 1754 Et
921 1713 957 1753 in
983 1709 1186 1753 similibus
1220 1708 1327 1750 idem
1366 1708 1641 1762 praecipimus
1664 1705 1732 1747 ob-

106 1791 310 1832 servari...
343 1785 544 1830 Similiter
575 1783 749 1842 quilibet
790 1782 1015 1839 regulares,
1049 1779 1198 1837 quibus
1230 1781 1351 1821 etiam
1402 1777 1477 1820 hoc
1513 1777 1733 1831 infligatur,

108 1864 150 1902 ut
183 1871 327 1902 eorum
373 1856 592 1914 privilegia
642 1858 679 1898 in
734 1854 799 1897 illa
836 1854 1014 1896 dioecesi
1060 1865 1137 1894 non
1171 1854 1402 1895 serventur,
1439 1850 1474 1889 in
1511 1860 1588 1904 qua
1634 1846 1734 1889 tales

107 1942 304 1973 excessus
337 1929 690 1985 praesumpserint
726 1930 967 1982 perpetrare
992 1939 1031 1964 2).

228 1999 365 2044 Codex
403 2002 584 2042 mentem
617 2010 665 2041 ac
700 1997 877 2040 litteram
914 1997 1014 2038 iuris
1053 1992 1327 2036 Decretalium
1363 1991 1560 2035 seri-axii,
1593 1988 1733 2030 derer-

109 2084 231 2115 nens:
267 2070 308 2128 a)
338 2069 589 2115 Removetur
610 2066 995 2111 eoeeommzmicwcs
1023 2063 1193 2122 quilibet
1230 2062 1303 2105 bac
1338 2061 1387 2103 de
1421 2072 1540 2103 causa
1567 2058 1615 2099 ab
1639 2058 1737 2099 acli-

108 2143 180 2187 bus
213 2141 415 2200 legitimis
446 2139 744 2184 ecclesiasticis
784 2138 890 2196 (can.
928 2137 1054 2186 2236,
1090 2134 1165 2191 ⁶20),
1203 2147 1279 2176 non
1324 2137 1458 2174 autem
1495 2129 1545 2172 ab
1578 2128 1736 2171 actibus

110 2213 306 2270 legitimis
337 2211 546 2266 civilibus,
571 2216 610 2255 et
643 2210 694 2254 ab
730 2198 808 2253 illis
842 2209 956 2251 intra
991 2207 1091 2263 fines
1124 2202 1432 2260 cognoscendos
1455 2200 1541 2242 suis
1567 2200 1606 2240 in
1637 2198 1737 2241 loris

109 2283 272 2329 Codicis
307 2297 379 2340 pro
404 2283 567 2326 illorum
593 2282 849 2331 diversitate,
875 2293 946 2323 seu
982 2278 1073 2320 iure
1095 2278 1247 2331 scripto
1271 2272 1475 2329 definitos,
1503 2270 1603 2313 nitra
1636 2282 1737 2326 qnos

112 2369 190 2399 non
224 2354 472 2399 extendatur
508 2355 693 2407 remoti0,
731 2351 772 2409 b)
808 2350 950 2408 nequi(
986 2349 1024 2391 in
1060 2347 1199 2389 causis
1234 2342 1516 2388 tantummodo
1550 2339 1737 2382 eeclesia-

111 2426 230 2470 slieis
263 2431 431 2483 propter
465 2425 570 2468 lianc
602 2426 830 2468 exercitam
868 2420 1192 2465 iurisdictionem
1219 2429 1343 2472 assere
1378 2415 1553 2470 proprie.
1580 2410 1661 2452 ›uls-i
1684 2408 1737 2450 ml

112 2511 300 2541 normam
336 2511 428 2541 can.
463 2498 599 2549 1654,
632 2495 699 2539 ubi
736 2494 961 2552 quidquam
1000 2488 1232 2533 huiusmodi
1279 2488 1374 2542 ipsis
1412 2500 1430 2524 <c
1455 2483 1735 2526 excommnni-

112 2571 214 2613 catis
250 2568 429 2612 vitandis
462 2573 533 2611 aut
566 2567 750 2611 toleratis
797 2570 883 2621 post
916 2563 1158 2606 sententiam
1195 2558 1508 2601 declaratoriam
1548 2553 1607 2595 iet
1643 2565 1736 2593 ron-

113 2640 416 2684 demnatoriam
440 2641 693 2696 permittitur
712 2653 731 2678 ))
752 2656 760 2690 3
785 2639 825 2692 c)
849 2633 1095 2692 prohibetur
1117 2627 1411 2673 ecelesiasticis
1434 2625 1576 2681 offieiz's
1600 2625 1737 2664 stricto

112 2724 236 2756 sensu
268 2716 395 2768 atque
428 2709 508 2753 lato
542 2716 646 2762 (can.
682 2708 780 2755 145,
805 2710 829 2761 ἓ
859 2707 894 2758 t)
916 2719 964 2747 ex
991 2703 1222 2746 additione:
1257 2713 1327 2741 seu
1354 2694 1587 2739 innuerilms
1613 2693 1736 2745 iungi,

118 2796 155 2824 v.
189 2795 249 2840 gr.
283 2781 490 2829 advocati,
537 2782 697 2833 notarii,
738 2777 978 2835 praedicare
1031 2772 1200 2816 vei-bum
1255 2770 1337 2816 Dei,
1381 2767 1423 2822 d)
1458 2763 1738 2818 1·0111·«›.=·.s·is1s11‹²

115 2858 256 2906 antea,
291 2864 384 2896 nam
437 2853 475 2894 in
525 2851 568 2905 ἑο
605 2852 649 2893 2³³
681 2855 789 2893 can.s
824 2847 936 2890 *2⁶2625
972 2841 1214 2887 tractabitur
1262 2840 1311 2882 de
1359 2834 1648 2882 venet-(tendis,
1691 2830 1738 2872 ‹d›

115 2922 306 2967 Ecclesia
341 2936 413 2980 per
445 2921 673 2980 quamlibet
721 2922 961 2975 potestatem
1005 2910 1243 2971 pririleyiis
1285 2911 1425 2951 stricto
1457 2917 1576 2947 sensu
1621 2902 1739 2944 dictis
