<?xml version="1.0" encoding="UTF-8"?>
<!DOCTYPE html PUBLIC "-//W3C//DTD XHTML 1.0 Transitional//EN"
    "http://www.w3.org/TR/xhtml1/DTD/xhtml1-transitional.dtd">
<html xmlns="http://www.w3.org/1999/xhtml" xml:lang="en" lang="en">
 <head>
  <title>
</title>
<meta http-equiv="Content-Type" content="text/html;charset=utf-8" />
  <meta name='ocr-system' content='tesseract 3.04.00' />
  <meta name='ocr-capabilities' content='ocr_page ocr_carea ocr_par ocr_line ocrx_word'/>
</head>
<body>
  <div class='ocr_page' id='page_1' title='image "./commentariumtext01blatuoft_0134.png"; bbox 0 0 1950 3313; ppageno 0'>
   <div class='ocr_carea' id='block_1_1' title="bbox 106 156 1722 204">
    <p class='ocr_par' dir='ltr' id='par_1_1' title="bbox 106 156 1722 204">
     <span class='ocr_line' id='line_1_1' title="bbox 106 156 1722 204; baseline -0.004 -6"><span class='ocrx_word' id='word_1_1' title='bbox 106 170 167 203; x_wconf 75' lang='lat'>[22</span> <span class='ocrx_word' id='word_1_2' title='bbox 562 163 645 197; x_wconf 76' lang='lat' dir='ltr'>Lm.</span> <span class='ocrx_word' id='word_1_3' title='bbox 672 162 717 195; x_wconf 88' lang='lat' dir='ltr'>V.</span> <span class='ocrx_word' id='word_1_4' title='bbox 748 182 760 186; x_wconf 99' lang='lat'>-</span> <span class='ocrx_word' id='word_1_5' title='bbox 789 161 898 194; x_wconf 77' lang='lat' dir='ltr'>PARS</span> <span class='ocrx_word' id='word_1_6' title='bbox 924 159 974 194; x_wconf 90' lang='lat' dir='ltr'>II.</span> <span class='ocrx_word' id='word_1_7' title='bbox 1001 180 1013 185; x_wconf 95' lang='lat'>-</span> <span class='ocrx_word' id='word_1_8' title='bbox 1039 159 1098 194; x_wconf 82' lang='lat' dir='ltr'>De</span> <span class='ocrx_word' id='word_1_9' title='bbox 1120 162 1254 204; x_wconf 73' lang='lat' dir='ltr'>poenis</span> <span class='ocrx_word' id='word_1_10' title='bbox 1509 157 1602 192; x_wconf 82' lang='lat' dir='ltr'>Can.</span> <span class='ocrx_word' id='word_1_11' title='bbox 1628 156 1722 191; x_wconf 78' lang='lat'>2255</span> 
     </span>
    </p>
   </div>
   <div class='ocr_carea' id='block_1_2' title="bbox 1061 219 1686 225">
    <p class='ocr_par' dir='ltr' id='par_1_2' title="bbox 1061 219 1686 225">
     <span class='ocr_line' id='line_1_2' title="bbox 1061 219 1686 225; baseline 0 0"><span class='ocrx_word' id='word_1_12' title='bbox 1061 219 1686 225; x_wconf 95' lang='lat' dir='ltr'> </span> 
     </span>
    </p>
   </div>
   <div class='ocr_carea' id='block_1_3' title="bbox 101 220 922 234">
    <p class='ocr_par' dir='ltr' id='par_1_3' title="bbox 101 220 922 234">
     <span class='ocr_line' id='line_1_3' title="bbox 101 220 922 234; baseline 0 0"><span class='ocrx_word' id='word_1_13' title='bbox 101 220 922 234; x_wconf 95' lang='lat' dir='ltr'> </span> 
     </span>
    </p>
   </div>
   <div class='ocr_carea' id='block_1_4' title="bbox 98 278 1745 2806">
    <p class='ocr_par' dir='ltr' id='par_1_4' title="bbox 98 278 1735 1401">
     <span class='ocr_line' id='line_1_4' title="bbox 98 278 1722 345; baseline -0.007 -16"><span class='ocrx_word' id='word_1_14' title='bbox 98 287 207 345; x_wconf 86' lang='lat' dir='ltr'>quod</span> <span class='ocrx_word' id='word_1_15' title='bbox 244 299 314 341; x_wconf 91' lang='lat' dir='ltr'>per</span> <span class='ocrx_word' id='word_1_16' title='bbox 347 297 437 327; x_wconf 89' lang='lat' dir='ltr'>eam</span> <span class='ocrx_word' id='word_1_17' title='bbox 472 295 550 325; x_wconf 90' lang='lat' dir='ltr'>non</span> <span class='ocrx_word' id='word_1_18' title='bbox 584 280 718 324; x_wconf 87' lang='lat' dir='ltr'>solum</span> <span class='ocrx_word' id='word_1_19' title='bbox 753 279 975 334; x_wconf 88' lang='lat' dir='ltr'>interdicti,</span> <span class='ocrx_word' id='word_1_20' title='bbox 1009 278 1079 322; x_wconf 88' lang='lat' dir='ltr'>sed</span> <span class='ocrx_word' id='word_1_21' title='bbox 1113 279 1395 334; x_wconf 76' lang='lat' dir='ltr'><strong>suspensionis</strong></span> <span class='ocrx_word' id='word_1_22' title='bbox 1418 281 1457 319; x_wconf 89' lang='lat' dir='ltr'>et</span> <span class='ocrx_word' id='word_1_23' title='bbox 1481 289 1722 319; x_wconf 81' lang='lat' dir='ltr'>excommu-</span> 
     </span>
     <span class='ocr_line' id='line_1_5' title="bbox 101 345 1724 406; baseline -0.007 -5"><span class='ocrx_word' id='word_1_24' title='bbox 101 358 315 401; x_wconf 72' lang='lat' dir='ltr'>nicationis</span> <span class='ocrx_word' id='word_1_25' title='bbox 347 355 548 397; x_wconf 87' lang='lat' dir='ltr'>sententia</span> <span class='ocrx_word' id='word_1_26' title='bbox 575 351 695 402; x_wconf 58' lang='lat' dir='ltr'>⁴valet</span> <span class='ocrx_word' id='word_1_27' title='bbox 728 349 964 406; x_wconf 84' lang='lat' dir='ltr'>intelligi».</span> <span class='ocrx_word' id='word_1_28' title='bbox 1010 349 1251 404; x_wconf 84' lang='lat' dir='ltr'>Quaesitum</span> <span class='ocrx_word' id='word_1_29' title='bbox 1295 349 1487 404; x_wconf 78' lang='lat' dir='ltr'>supponit</span> <span class='ocrx_word' id='word_1_30' title='bbox 1510 359 1640 403; x_wconf 90' lang='lat' dir='ltr'>usque</span> <span class='ocrx_word' id='word_1_31' title='bbox 1673 345 1724 389; x_wconf 86' lang='lat' dir='ltr'>ad</span> 
     </span>
     <span class='ocr_line' id='line_1_6' title="bbox 102 420 1726 481; baseline -0.007 -11"><span class='ocrx_word' id='word_1_32' title='bbox 102 428 199 471; x_wconf 86' lang='lat' dir='ltr'>illud</span> <span class='ocrx_word' id='word_1_33' title='bbox 235 431 396 481; x_wconf 88' lang='lat' dir='ltr'>tempus</span> <span class='ocrx_word' id='word_1_34' title='bbox 419 435 690 467; x_wconf 75' lang='lat' dir='ltr'>censurarum</span> <span class='ocrx_word' id='word_1_35' title='bbox 726 434 873 464; x_wconf 91' lang='lat' dir='ltr'>nomen</span> <span class='ocrx_word' id='word_1_36' title='bbox 907 433 985 463; x_wconf 91' lang='lat' dir='ltr'>non</span> <span class='ocrx_word' id='word_1_37' title='bbox 1011 420 1134 462; x_wconf 84' lang='lat' dir='ltr'>fuisse</span> <span class='ocrx_word' id='word_1_38' title='bbox 1160 423 1400 475; x_wconf 87' lang='lat' dir='ltr'>usurpatum</span> <span class='ocrx_word' id='word_1_39' title='bbox 1426 421 1537 461; x_wconf 90' lang='lat' dir='ltr'>certa</span> <span class='ocrx_word' id='word_1_40' title='bbox 1561 429 1726 473; x_wconf 78' lang='lat' dir='ltr'>semper</span> 
     </span>
     <span class='ocr_line' id='line_1_7' title="bbox 100 487 1727 553; baseline -0.007 -12"><span class='ocrx_word' id='word_1_41' title='bbox 100 497 386 553; x_wconf 87' lang='lat' dir='ltr'>amplitudine.</span> <span class='ocrx_word' id='word_1_42' title='bbox 421 495 505 537; x_wconf 92' lang='lat' dir='ltr'>lmo</span> <span class='ocrx_word' id='word_1_43' title='bbox 547 494 671 536; x_wconf 83' lang='lat' dir='ltr'>refert</span> <span class='ocrx_word' id='word_1_44' title='bbox 712 492 863 536; x_wconf 90' lang='lat' dir='ltr'>Bened.</span> <span class='ocrx_word' id='word_1_45' title='bbox 907 489 995 534; x_wconf 89' lang='lat' dir='ltr'>XlV</span> <span class='ocrx_word' id='word_1_46' title='bbox 1032 490 1044 512; x_wconf 82' lang='lat'>¹</span> <span class='ocrx_word' id='word_1_47' title='bbox 1079 490 1187 547; x_wconf 89' lang='lat' dir='ltr'>quod</span> <span class='ocrx_word' id='word_1_48' title='bbox 1233 494 1345 533; x_wconf 85' lang='lat' dir='ltr'>textu</span> <span class='ocrx_word' id='word_1_49' title='bbox 1387 504 1406 530; x_wconf 82' lang='lat'>((</span> <span class='ocrx_word' id='word_1_50' title='bbox 1430 489 1507 531; x_wconf 84' lang='lat' dir='ltr'>hoc</span> <span class='ocrx_word' id='word_1_51' title='bbox 1546 501 1625 530; x_wconf 92' lang='lat' dir='ltr'>non</span> <span class='ocrx_word' id='word_1_52' title='bbox 1660 487 1727 530; x_wconf 89' lang='lat' dir='ltr'>ob-</span> 
     </span>
     <span class='ocr_line' id='line_1_8' title="bbox 99 558 1726 617; baseline -0.006 -7"><span class='ocrx_word' id='word_1_53' title='bbox 99 572 244 617; x_wconf 80' lang='lat' dir='ltr'>stante,</span> <span class='ocrx_word' id='word_1_54' title='bbox 278 565 476 609; x_wconf 81' lang='lat' dir='ltr'>Gonzalez</span> <span class='ocrx_word' id='word_1_55' title='bbox 516 567 552 607; x_wconf 94' lang='lat' dir='ltr'>in</span> <span class='ocrx_word' id='word_1_56' title='bbox 602 562 883 607; x_wconf 88' lang='lat' dir='ltr'>Commentar.</span> <span class='ocrx_word' id='word_1_57' title='bbox 918 561 968 604; x_wconf 90' lang='lat' dir='ltr'>ad</span> <span class='ocrx_word' id='word_1_58' title='bbox 1017 561 1114 604; x_wconf 87' lang='lat' dir='ltr'>dict.</span> <span class='ocrx_word' id='word_1_59' title='bbox 1151 565 1308 603; x_wconf 85' lang='lat' dir='ltr'>textum</span> <span class='ocrx_word' id='word_1_60' title='bbox 1358 559 1581 614; x_wconf 73' lang='lat' dir='ltr'>contendit,</span> <span class='ocrx_word' id='word_1_61' title='bbox 1617 558 1726 615; x_wconf 92' lang='lat' dir='ltr'>quod</span> 
     </span>
     <span class='ocr_line' id='line_1_9' title="bbox 101 629 1728 689; baseline -0.007 -8"><span class='ocrx_word' id='word_1_62' title='bbox 101 638 176 681; x_wconf 85' lang='lat' dir='ltr'>sub</span> <span class='ocrx_word' id='word_1_63' title='bbox 210 639 374 680; x_wconf 88' lang='lat' dir='ltr'>nomine</span> <span class='ocrx_word' id='word_1_64' title='bbox 406 647 607 679; x_wconf 75' lang='lat' dir='ltr'>censurae</span> <span class='ocrx_word' id='word_1_65' title='bbox 630 636 754 677; x_wconf 89' lang='lat' dir='ltr'>etiam</span> <span class='ocrx_word' id='word_1_66' title='bbox 780 632 1065 689; x_wconf 80' lang='lat' dir='ltr'>irregularitas</span> <span class='ocrx_word' id='word_1_67' title='bbox 1088 644 1138 674; x_wconf 85' lang='lat' dir='ltr'>ex</span> <span class='ocrx_word' id='word_1_68' title='bbox 1162 630 1312 674; x_wconf 87' lang='lat' dir='ltr'>delicto</span> <span class='ocrx_word' id='word_1_69' title='bbox 1336 629 1728 686; x_wconf 77' lang='lat' dir='ltr'>comprehendatur.</span> 
     </span>
     <span class='ocr_line' id='line_1_10' title="bbox 99 700 1727 756; baseline -0.006 -4"><span class='ocrx_word' id='word_1_70' title='bbox 99 708 357 753; x_wconf 83' lang='lat' dir='ltr'>Contrariam</span> <span class='ocrx_word' id='word_1_71' title='bbox 395 712 530 750; x_wconf 86' lang='lat' dir='ltr'>tamen</span> <span class='ocrx_word' id='word_1_72' title='bbox 564 707 810 748; x_wconf 91' lang='lat' dir='ltr'>sententiam</span> <span class='ocrx_word' id='word_1_73' title='bbox 845 708 1012 746; x_wconf 88' lang='lat' dir='ltr'>tuentur</span> <span class='ocrx_word' id='word_1_74' title='bbox 1054 704 1218 756; x_wconf 81' lang='lat' dir='ltr'>Suarez,</span> <span class='ocrx_word' id='word_1_75' title='bbox 1262 701 1426 753; x_wconf 89' lang='lat' dir='ltr'>Molina,</span> <span class='ocrx_word' id='word_1_76' title='bbox 1467 700 1727 756; x_wconf 87' lang='lat' dir='ltr'>Trullengus,</span> 
     </span>
     <span class='ocr_line' id='line_1_11' title="bbox 102 771 1730 834; baseline -0.007 -11"><span class='ocrx_word' id='word_1_77' title='bbox 102 779 325 834; x_wconf 89' lang='lat' dir='ltr'>Filliucius‚</span> <span class='ocrx_word' id='word_1_78' title='bbox 360 777 615 834; x_wconf 88' lang='lat' dir='ltr'>Reginaldus</span> <span class='ocrx_word' id='word_1_79' title='bbox 659 775 812 832; x_wconf 88' lang='lat' dir='ltr'>aliique</span> <span class='ocrx_word' id='word_1_80' title='bbox 862 773 1162 829; x_wconf 80' lang='lat' dir='ltr'>complures».</span> <span class='ocrx_word' id='word_1_81' title='bbox 1202 771 1325 815; x_wconf 89' lang='lat' dir='ltr'>Haec·</span> <span class='ocrx_word' id='word_1_82' title='bbox 1347 776 1483 815; x_wconf 90' lang='lat' dir='ltr'>autem</span> <span class='ocrx_word' id='word_1_83' title='bbox 1528 772 1730 814; x_wconf 86' lang='lat' dir='ltr'>sententia</span> 
     </span>
     <span class='ocr_line' id='line_1_12' title="bbox 100 840 1732 905; baseline -0.007 -12"><span class='ocrx_word' id='word_1_84' title='bbox 100 850 204 893; x_wconf 88' lang='lat' dir='ltr'>adeo</span> <span class='ocrx_word' id='word_1_85' title='bbox 240 848 485 905; x_wconf 87' lang='lat' dir='ltr'>praevaluit,</span> <span class='ocrx_word' id='word_1_86' title='bbox 520 852 561 890; x_wconf 89' lang='lat' dir='ltr'>nt</span> <span class='ocrx_word' id='word_1_87' title='bbox 596 849 634 889; x_wconf 92' lang='lat' dir='ltr'>in</span> <span class='ocrx_word' id='word_1_88' title='bbox 669 850 797 889; x_wconf 87' lang='lat' dir='ltr'>const.</span> <span class='ocrx_word' id='word_1_89' title='bbox 838 860 857 884; x_wconf 85' lang='lat'>«</span> <span class='ocrx_word' id='word_1_90' title='bbox 884 844 1144 900; x_wconf 83' lang='lat' dir='ltr'>Apostolicae</span> <span class='ocrx_word' id='word_1_91' title='bbox 1176 842 1336 886; x_wconf 81' lang='lat' dir='ltr'>Sedis»</span> <span class='ocrx_word' id='word_1_92' title='bbox 1376 842 1431 884; x_wconf 88' lang='lat' dir='ltr'>Pii</span> <span class='ocrx_word' id='word_1_93' title='bbox 1455 841 1524 884; x_wconf 86' lang='lat' dir='ltr'>PP.</span> <span class='ocrx_word' id='word_1_94' title='bbox 1548 840 1597 884; x_wconf 88' lang='lat' dir='ltr'>lX</span> <span class='ocrx_word' id='word_1_95' title='bbox 1625 843 1732 883; x_wconf 89' lang='lat' dir='ltr'>inter</span> 
     </span>
     <span class='ocr_line' id='line_1_13' title="bbox 102 911 1730 971; baseline -0.006 -8"><span class='ocrx_word' id='word_1_96' title='bbox 102 933 298 964; x_wconf 88' lang='lat' dir='ltr'>censuras</span> <span class='ocrx_word' id='word_1_97' title='bbox 333 933 410 961; x_wconf 91' lang='lat' dir='ltr'>non</span> <span class='ocrx_word' id='word_1_98' title='bbox 445 921 745 961; x_wconf 87' lang='lat' dir='ltr'>enumerentur</span> <span class='ocrx_word' id='word_1_99' title='bbox 779 915 883 959; x_wconf 87' lang='lat' dir='ltr'>aliae</span> <span class='ocrx_word' id='word_1_100' title='bbox 919 927 1090 971; x_wconf 87' lang='lat' dir='ltr'>poenae,</span> <span class='ocrx_word' id='word_1_101' title='bbox 1124 926 1246 971; x_wconf 86' lang='lat' dir='ltr'>quam</span> <span class='ocrx_word' id='word_1_102' title='bbox 1283 925 1503 969; x_wconf 82' lang='lat' dir='ltr'>expressae</span> <span class='ocrx_word' id='word_1_103' title='bbox 1537 912 1587 955; x_wconf 87' lang='lat' dir='ltr'>ab</span> <span class='ocrx_word' id='word_1_104' title='bbox 1613 911 1730 954; x_wconf 91' lang='lat' dir='ltr'>lnno-</span> 
     </span>
     <span class='ocr_line' id='line_1_14' title="bbox 101 983 1730 1045; baseline -0.006 -10"><span class='ocrx_word' id='word_1_105' title='bbox 101 993 236 1035; x_wconf 87' lang='lat' dir='ltr'>centio</span> <span class='ocrx_word' id='word_1_106' title='bbox 269 990 333 1033; x_wconf 85' lang='grc' dir='ltr'>ΙΙΙ.</span> <span class='ocrx_word' id='word_1_107' title='bbox 371 989 550 1045; x_wconf 89' lang='lat' dir='ltr'>ldipsum</span> <span class='ocrx_word' id='word_1_108' title='bbox 585 990 770 1031; x_wconf 86' lang='lat' dir='ltr'>sancitur</span> <span class='ocrx_word' id='word_1_109' title='bbox 802 985 967 1039; x_wconf 81' lang='lat' dir='ltr'>Codtce,</span> <span class='ocrx_word' id='word_1_110' title='bbox 992 984 1157 1042; x_wconf 88' lang='lat' dir='ltr'>quando</span> <span class='ocrx_word' id='word_1_111' title='bbox 1186 983 1284 1026; x_wconf 73' lang='lat' dir='ltr'>Can.</span> <span class='ocrx_word' id='word_1_112' title='bbox 1304 985 1430 1026; x_wconf 67' lang='lat'>2255</span> <span class='ocrx_word' id='word_1_113' title='bbox 1454 983 1730 1026; x_wconf 86' lang='lat' dir='ltr'>sicdecernit.</span> 
     </span>
     <span class='ocr_line' id='line_1_15' title="bbox 105 1053 1733 1115; baseline -0.006 -11"><span class='ocrx_word' id='word_1_114' title='bbox 105 1088 158 1092; x_wconf 84' lang='lat'>——</span> <span class='ocrx_word' id='word_1_115' title='bbox 192 1063 216 1115; x_wconf 63' lang='lat' dir='ltr'>g</span> <span class='ocrx_word' id='word_1_116' title='bbox 248 1064 282 1105; x_wconf 82' lang='lat'>1.</span> <span class='ocrx_word' id='word_1_117' title='bbox 321 1059 546 1113; x_wconf 70' lang='lat' dir='ltr'>Cevszcrae,</span> <span class='ocrx_word' id='word_1_118' title='bbox 596 1060 650 1101; x_wconf 86' lang='lat' dir='ltr'>uti</span> <span class='ocrx_word' id='word_1_119' title='bbox 700 1069 902 1113; x_wconf 83' lang='lat' dir='ltr'>«poenae</span> <span class='ocrx_word' id='word_1_120' title='bbox 953 1055 1264 1099; x_wconf 79' lang='lat' dir='ltr'>medicinales»</span> <span class='ocrx_word' id='word_1_121' title='bbox 1319 1053 1427 1111; x_wconf 89' lang='lat' dir='ltr'>(can.</span> <span class='ocrx_word' id='word_1_122' title='bbox 1463 1053 1592 1109; x_wconf 66' lang='lat'>2216)</span> <span class='ocrx_word' id='word_1_123' title='bbox 1635 1058 1733 1095; x_wconf 75' lang='lat' dir='ltr'>sunt</span> 
     </span>
     <span class='ocr_line' id='line_1_16' title="bbox 105 1123 1735 1187; baseline -0.006 -12"><span class='ocrx_word' id='word_1_124' title='bbox 105 1131 390 1175; x_wconf 91' lang='lat' dir='ltr'>tantummodo</span> <span class='ocrx_word' id='word_1_125' title='bbox 424 1134 644 1187; x_wconf 80' lang='lat' dir='ltr'>sequentes</span> <span class='ocrx_word' id='word_1_126' title='bbox 673 1127 950 1184; x_wconf 89' lang='lat' dir='ltr'>appellatione</span> <span class='ocrx_word' id='word_1_127' title='bbox 984 1128 1181 1169; x_wconf 86' lang='lat' dir='ltr'>canonica</span> <span class='ocrx_word' id='word_1_128' title='bbox 1207 1127 1265 1168; x_wconf 89' lang='lat' dir='ltr'>sic</span> <span class='ocrx_word' id='word_1_129' title='bbox 1289 1125 1552 1181; x_wconf 79' lang='lat' dir='ltr'>designatae:</span> <span class='ocrx_word' id='word_1_130' title='bbox 1587 1125 1628 1167; x_wconf 85' lang='grc' dir='ltr'>1Ο</span> <span class='ocrx_word' id='word_1_131' title='bbox 1652 1123 1735 1167; x_wconf 73' lang='lat' dir='ltr'>Eoe-</span> 
     </span>
     <span class='ocr_line' id='line_1_17' title="bbox 104 1193 1733 1257; baseline -0.004 -12"><span class='ocrx_word' id='word_1_132' title='bbox 104 1201 438 1255; x_wconf 73' lang='lat' dir='ltr'>comnmm&#39;eatio,</span> <span class='ocrx_word' id='word_1_133' title='bbox 477 1201 579 1244; x_wconf 90' lang='lat' dir='ltr'>ultra</span> <span class='ocrx_word' id='word_1_134' title='bbox 606 1212 744 1257; x_wconf 84' lang='lat' dir='ltr'>quam,</span> <span class='ocrx_word' id='word_1_135' title='bbox 765 1210 870 1255; x_wconf 88' lang='lat' dir='ltr'>quae</span> <span class='ocrx_word' id='word_1_136' title='bbox 895 1213 915 1238; x_wconf 86' lang='grc'>((</span> <span class='ocrx_word' id='word_1_137' title='bbox 937 1196 1164 1253; x_wconf 87' lang='lat' dir='ltr'>spiritualis</span> <span class='ocrx_word' id='word_1_138' title='bbox 1182 1195 1347 1252; x_wconf 86' lang='lat' dir='ltr'>gladius</span> <span class='ocrx_word' id='word_1_139' title='bbox 1369 1213 1383 1232; x_wconf 89' lang='lat'>»</span> <span class='ocrx_word' id='word_1_140' title='bbox 1414 1200 1474 1238; x_wconf 90' lang='lat' dir='ltr'>est</span> <span class='ocrx_word' id='word_1_141' title='bbox 1497 1193 1524 1249; x_wconf 74' lang='lat'>²,</span> <span class='ocrx_word' id='word_1_142' title='bbox 1550 1194 1733 1238; x_wconf 86' lang='lat' dir='ltr'>Ecclesia</span> 
     </span>
     <span class='ocr_line' id='line_1_18' title="bbox 107 1264 1732 1324; baseline -0.006 -8"><span class='ocrx_word' id='word_1_143' title='bbox 107 1273 204 1316; x_wconf 87' lang='lat' dir='ltr'>nihil</span> <span class='ocrx_word' id='word_1_144' title='bbox 240 1273 348 1315; x_wconf 88' lang='lat' dir='ltr'>aliud</span> <span class='ocrx_word' id='word_1_145' title='bbox 386 1271 535 1324; x_wconf 63' lang='lat' dir='ltr'>habet,</span> <span class='ocrx_word' id='word_1_146' title='bbox 567 1271 616 1314; x_wconf 72' lang='lat'>2⁰</span> <span class='ocrx_word' id='word_1_147' title='bbox 654 1268 927 1312; x_wconf 73' lang='lat' dir='ltr'>Interdictum</span> <span class='ocrx_word' id='word_1_148' title='bbox 975 1280 1054 1324; x_wconf 87' lang='lat' dir='ltr'>qua</span> <span class='ocrx_word' id='word_1_149' title='bbox 1096 1267 1317 1309; x_wconf 86' lang='lat' dir='ltr'>iuridicum</span> <span class='ocrx_word' id='word_1_150' title='bbox 1361 1264 1536 1319; x_wconf 72' lang='lat' dir='ltr'>nomen,</span> <span class='ocrx_word' id='word_1_151' title='bbox 1574 1265 1623 1307; x_wconf 83' lang='lat'>30</span> <span class='ocrx_word' id='word_1_152' title='bbox 1659 1265 1732 1307; x_wconf 79' lang='lat' dir='ltr'>Su-</span> 
     </span>
     <span class='ocr_line' id='line_1_19' title="bbox 105 1341 710 1401; baseline -0.002 -15"><span class='ocrx_word' id='word_1_153' title='bbox 105 1343 271 1401; x_wconf 71' lang='lat' dir='ltr'>spensio</span> <span class='ocrx_word' id='word_1_154' title='bbox 304 1342 549 1399; x_wconf 88' lang='lat' dir='ltr'>simpliciter</span> <span class='ocrx_word' id='word_1_155' title='bbox 587 1341 710 1385; x_wconf 90' lang='lat' dir='ltr'>dicta.</span> 
     </span>
    </p>

    <p class='ocr_par' dir='ltr' id='par_1_5' title="bbox 106 1406 1745 2806">
     <span class='ocr_line' id='line_1_20' title="bbox 231 1406 1739 1467; baseline -0.006 -10"><span class='ocrx_word' id='word_1_156' title='bbox 231 1413 502 1458; x_wconf 84' lang='lat' dir='ltr'>Characteres</span> <span class='ocrx_word' id='word_1_157' title='bbox 534 1412 796 1455; x_wconf 77' lang='lat' dir='ltr'>diversarum</span> <span class='ocrx_word' id='word_1_158' title='bbox 824 1412 1011 1467; x_wconf 88' lang='lat' dir='ltr'>proprios</span> <span class='ocrx_word' id='word_1_159' title='bbox 1033 1410 1091 1451; x_wconf 87' lang='lat' dir='ltr'>sic</span> <span class='ocrx_word' id='word_1_160' title='bbox 1117 1411 1299 1451; x_wconf 88' lang='lat' dir='ltr'>recenset</span> <span class='ocrx_word' id='word_1_161' title='bbox 1331 1407 1359 1465; x_wconf 60' lang='grc' dir='ltr'>ἓ</span> <span class='ocrx_word' id='word_1_162' title='bbox 1380 1409 1423 1454; x_wconf 74' lang='grc'>2,</span> <span class='ocrx_word' id='word_1_163' title='bbox 1449 1411 1492 1449; x_wconf 91' lang='lat' dir='ltr'>ut</span> <span class='ocrx_word' id='word_1_164' title='bbox 1515 1406 1608 1449; x_wconf 85' lang='lat' dir='ltr'>illae</span> <span class='ocrx_word' id='word_1_165' title='bbox 1631 1419 1739 1449; x_wconf 89' lang='lat' dir='ltr'>com-</span> 
     </span>
     <span class='ocr_line' id='line_1_21' title="bbox 109 1476 1736 1528; baseline -0.006 -1"><span class='ocrx_word' id='word_1_166' title='bbox 109 1487 286 1528; x_wconf 86' lang='lat' dir='ltr'>muniter</span> <span class='ocrx_word' id='word_1_167' title='bbox 305 1484 594 1527; x_wconf 87' lang='lat' dir='ltr'>discernantur</span> <span class='ocrx_word' id='word_1_168' title='bbox 616 1481 668 1525; x_wconf 76' lang='lat' dir='ltr'>al]</span> <span class='ocrx_word' id='word_1_169' title='bbox 692 1484 885 1524; x_wconf 84' lang='lat' dir='ltr'>invicem.</span> <span class='ocrx_word' id='word_1_170' title='bbox 906 1478 1297 1523; x_wconf 69' lang='lat' dir='ltr'>Eoeeomrmmicatio</span> <span class='ocrx_word' id='word_1_171' title='bbox 1324 1478 1365 1520; x_wconf 89' lang='lat'>1⁰</span> <span class='ocrx_word' id='word_1_172' title='bbox 1386 1480 1543 1520; x_wconf 89' lang='lat' dir='ltr'>ratione</span> <span class='ocrx_word' id='word_1_173' title='bbox 1561 1476 1736 1520; x_wconf 84' lang='lat' dir='ltr'>subiecti</span> 
     </span>
     <span class='ocr_line' id='line_1_22' title="bbox 109 1546 1735 1612; baseline -0.006 -13"><span class='ocrx_word' id='word_1_174' title='bbox 109 1568 264 1612; x_wconf 90' lang='lat' dir='ltr'>poenae</span> <span class='ocrx_word' id='word_1_175' title='bbox 297 1554 459 1612; x_wconf 76' lang='lat' dir='ltr'>afficere</span> <span class='ocrx_word' id='word_1_176' title='bbox 489 1558 626 1610; x_wconf 82' lang='lat' dir='ltr'>polest</span> <span class='ocrx_word' id='word_1_177' title='bbox 661 1557 837 1605; x_wconf 69' lang='lat' dir='ltr'>tautum,</span> <span class='ocrx_word' id='word_1_178' title='bbox 874 1554 926 1594; x_wconf 88' lang='lat' dir='ltr'>ita</span> <span class='ocrx_word' id='word_1_179' title='bbox 962 1554 1004 1593; x_wconf 92' lang='lat' dir='ltr'>ut</span> <span class='ocrx_word' id='word_1_180' title='bbox 1038 1549 1219 1592; x_wconf 89' lang='lat' dir='ltr'>invalide</span> <span class='ocrx_word' id='word_1_181' title='bbox 1264 1552 1514 1591; x_wconf 85' lang='lat' dir='ltr'>statueretur</span> <span class='ocrx_word' id='word_1_182' title='bbox 1548 1550 1585 1589; x_wconf 91' lang='lat' dir='ltr'>in</span> <span class='ocrx_word' id='word_1_183' title='bbox 1621 1546 1735 1602; x_wconf 89' lang='lat' dir='ltr'>alias,</span> 
     </span>
     <span class='ocr_line' id='line_1_23' title="bbox 106 1617 1737 1683; baseline -0.006 -14"><span class='ocrx_word' id='word_1_184' title='bbox 106 1639 230 1683; x_wconf 89' lang='lat' dir='ltr'>quam</span> <span class='ocrx_word' id='word_1_185' title='bbox 267 1628 303 1667; x_wconf 91' lang='lat' dir='ltr'>in</span> <span class='ocrx_word' id='word_1_186' title='bbox 336 1638 540 1682; x_wconf 77' lang='lat' dir='ltr'>personas</span> <span class='ocrx_word' id='word_1_187' title='bbox 581 1622 793 1681; x_wconf 75' lang='lat' dir='ltr'>physicas,</span> <span class='ocrx_word' id='word_1_188' title='bbox 836 1634 929 1665; x_wconf 86' lang='lat' dir='ltr'>nam</span> <span class='ocrx_word' id='word_1_189' title='bbox 970 1623 1076 1664; x_wconf 85' lang='lat' dir='ltr'>sicut</span> <span class='ocrx_word' id='word_1_190' title='bbox 1119 1622 1175 1663; x_wconf 89' lang='lat' dir='ltr'>ait</span> <span class='ocrx_word' id='word_1_191' title='bbox 1221 1619 1356 1662; x_wconf 88' lang='lat' dir='ltr'>lnnoc.</span> <span class='ocrx_word' id='word_1_192' title='bbox 1394 1617 1458 1673; x_wconf 87' lang='lat' dir='ltr'>lV,</span> <span class='ocrx_word' id='word_1_193' title='bbox 1494 1621 1530 1660; x_wconf 91' lang='lat' dir='ltr'>in</span> <span class='ocrx_word' id='word_1_194' title='bbox 1571 1631 1660 1673; x_wconf 88' lang='lat' dir='ltr'>cap.</span> <span class='ocrx_word' id='word_1_195' title='bbox 1697 1618 1737 1672; x_wconf 81' lang='lat'>5,</span> 
     </span>
     <span class='ocr_line' id='line_1_24' title="bbox 113 1687 1735 1747; baseline -0.004 -10"><span class='ocrx_word' id='word_1_196' title='bbox 113 1713 135 1737; x_wconf 67' lang='lat' dir='ltr'>a</span> <span class='ocrx_word' id='word_1_197' title='bbox 153 1697 203 1739; x_wconf 93' lang='lat' dir='ltr'>de</span> <span class='ocrx_word' id='word_1_198' title='bbox 227 1697 426 1739; x_wconf 89' lang='lat' dir='ltr'>sententia</span> <span class='ocrx_word' id='word_1_199' title='bbox 453 1695 909 1746; x_wconf 78' lang='lat' dir='ltr'>excommunicationis,</span> <span class='ocrx_word' id='word_1_200' title='bbox 930 1692 1212 1747; x_wconf 87' lang='lat' dir='ltr'>suspensionis</span> <span class='ocrx_word' id='word_1_201' title='bbox 1236 1694 1272 1732; x_wconf 91' lang='lat' dir='ltr'>et</span> <span class='ocrx_word' id='word_1_202' title='bbox 1300 1689 1505 1732; x_wconf 86' lang='lat' dir='ltr'>interdicti</span> <span class='ocrx_word' id='word_1_203' title='bbox 1527 1704 1547 1730; x_wconf 87' lang='grc'>))</span> <span class='ocrx_word' id='word_1_204' title='bbox 1578 1687 1643 1745; x_wconf 84' lang='lat' dir='ltr'>(V,</span> <span class='ocrx_word' id='word_1_205' title='bbox 1663 1687 1735 1742; x_wconf 88' lang='lat'>11)</span> 
     </span>
     <span class='ocr_line' id='line_1_25' title="bbox 110 1759 1737 1818; baseline -0.005 -9"><span class='ocrx_word' id='word_1_206' title='bbox 110 1766 145 1809; x_wconf 82' lang='lat' dir='ltr'>X</span> <span class='ocrx_word' id='word_1_207' title='bbox 179 1769 216 1809; x_wconf 93' lang='lat' dir='ltr'>in</span> <span class='ocrx_word' id='word_1_208' title='bbox 253 1766 310 1809; x_wconf 82' lang='lat'>6⁰:</span> <span class='ocrx_word' id='word_1_209' title='bbox 348 1765 434 1808; x_wconf 83' lang='lat' dir='ltr'>«ln</span> <span class='ocrx_word' id='word_1_210' title='bbox 471 1767 783 1808; x_wconf 86' lang='lat' dir='ltr'>universitatem</span> <span class='ocrx_word' id='word_1_211' title='bbox 823 1763 887 1806; x_wconf 89' lang='lat' dir='ltr'>vel</span> <span class='ocrx_word' id='word_1_212' title='bbox 924 1762 1145 1818; x_wconf 86' lang='lat' dir='ltr'>collegium</span> <span class='ocrx_word' id='word_1_213' title='bbox 1186 1759 1360 1815; x_wconf 73' lang='lat' dir='ltr'>proferri</span> <span class='ocrx_word' id='word_1_214' title='bbox 1399 1761 1737 1803; x_wconf 86' lang='lat' dir='ltr'>excommunica-</span> 
     </span>
     <span class='ocr_line' id='line_1_26' title="bbox 111 1829 1737 1890; baseline -0.006 -10"><span class='ocrx_word' id='word_1_215' title='bbox 111 1839 231 1880; x_wconf 92' lang='lat' dir='ltr'>tionis</span> <span class='ocrx_word' id='word_1_216' title='bbox 262 1838 506 1879; x_wconf 84' lang='lat' dir='ltr'>sententiam</span> <span class='ocrx_word' id='word_1_217' title='bbox 545 1837 705 1890; x_wconf 88' lang='lat' dir='ltr'>penitus</span> <span class='ocrx_word' id='word_1_218' title='bbox 731 1833 1016 1890; x_wconf 84' lang='lat' dir='ltr'>prohibemus:</span> <span class='ocrx_word' id='word_1_219' title='bbox 1046 1831 1230 1874; x_wconf 81' lang='lat' dir='ltr'>volentes</span> <span class='ocrx_word' id='word_1_220' title='bbox 1248 1833 1480 1874; x_wconf 91' lang='lat' dir='ltr'>animarum</span> <span class='ocrx_word' id='word_1_221' title='bbox 1508 1829 1737 1886; x_wconf 88' lang='lat' dir='ltr'>pericnlum</span> 
     </span>
     <span class='ocr_line' id='line_1_27' title="bbox 113 1903 1741 1964; baseline -0.004 -15"><span class='ocrx_word' id='word_1_222' title='bbox 113 1910 257 1960; x_wconf 74' lang='lat' dir='ltr'>vitare,</span> <span class='ocrx_word' id='word_1_223' title='bbox 305 1907 413 1964; x_wconf 93' lang='lat' dir='ltr'>quod</span> <span class='ocrx_word' id='word_1_224' title='bbox 464 1906 613 1949; x_wconf 84' lang='lat' dir='ltr'>exinde</span> <span class='ocrx_word' id='word_1_225' title='bbox 652 1907 768 1961; x_wconf 89' lang='lat' dir='ltr'>sequi</span> <span class='ocrx_word' id='word_1_226' title='bbox 821 1909 969 1961; x_wconf 87' lang='lat' dir='ltr'>posset.</span> <span class='ocrx_word' id='word_1_227' title='bbox 1020 1916 1113 1946; x_wconf 90' lang='lat' dir='ltr'>cum</span> <span class='ocrx_word' id='word_1_228' title='bbox 1165 1914 1430 1959; x_wconf 84' lang='lat' dir='ltr'>nonunquam</span> <span class='ocrx_word' id='word_1_229' title='bbox 1481 1903 1741 1957; x_wconf 84' lang='lat' dir='ltr'>contingeret</span> 
     </span>
     <span class='ocr_line' id='line_1_28' title="bbox 111 1971 1739 2031; baseline -0.005 -10"><span class='ocrx_word' id='word_1_230' title='bbox 111 1981 300 2021; x_wconf 83' lang='lat' dir='ltr'>innoxios</span> <span class='ocrx_word' id='word_1_231' title='bbox 335 1977 569 2020; x_wconf 82' lang='lat' dir='ltr'>huiusmodi</span> <span class='ocrx_word' id='word_1_232' title='bbox 604 1978 808 2019; x_wconf 87' lang='lat' dir='ltr'>sententia</span> <span class='ocrx_word' id='word_1_233' title='bbox 844 1977 994 2018; x_wconf 90' lang='lat' dir='ltr'>irretiri</span> <span class='ocrx_word' id='word_1_234' title='bbox 1023 1990 1061 2029; x_wconf 82' lang='lat'>›)‚</span> <span class='ocrx_word' id='word_1_235' title='bbox 1096 1973 1205 2031; x_wconf 92' lang='lat' dir='ltr'>quod</span> <span class='ocrx_word' id='word_1_236' title='bbox 1241 1977 1348 2016; x_wconf 89' lang='lat' dir='ltr'>esset</span> <span class='ocrx_word' id='word_1_237' title='bbox 1371 1971 1573 2015; x_wconf 89' lang='lat' dir='ltr'>absdubio</span> <span class='ocrx_word' id='word_1_238' title='bbox 1597 1976 1739 2015; x_wconf 87' lang='lat' dir='ltr'>contra</span> 
     </span>
     <span class='ocr_line' id='line_1_29' title="bbox 112 2041 1740 2104; baseline -0.004 -12"><span class='ocrx_word' id='word_1_239' title='bbox 112 2049 344 2092; x_wconf 83' lang='lat' dir='ltr'>huiusmodi</span> <span class='ocrx_word' id='word_1_240' title='bbox 380 2050 653 2104; x_wconf 83' lang='lat' dir='ltr'>gravissimae</span> <span class='ocrx_word' id='word_1_241' title='bbox 689 2059 844 2102; x_wconf 88' lang='lat' dir='ltr'>poenae</span> <span class='ocrx_word' id='word_1_242' title='bbox 879 2044 1138 2088; x_wconf 87' lang='lat' dir='ltr'>medicinalis</span> <span class='ocrx_word' id='word_1_243' title='bbox 1173 2048 1377 2095; x_wconf 83' lang='lat' dir='ltr'>naturam,</span> <span class='ocrx_word' id='word_1_244' title='bbox 1415 2042 1529 2086; x_wconf 83' lang='lat' dir='ltr'>«sed</span> <span class='ocrx_word' id='word_1_245' title='bbox 1572 2044 1609 2084; x_wconf 91' lang='lat' dir='ltr'>in</span> <span class='ocrx_word' id='word_1_246' title='bbox 1650 2041 1740 2085; x_wconf 88' lang='lat' dir='ltr'>illos</span> 
     </span>
     <span class='ocr_line' id='line_1_30' title="bbox 110 2113 1741 2174; baseline -0.006 -11"><span class='ocrx_word' id='word_1_247' title='bbox 110 2120 327 2163; x_wconf 81' lang='lat' dir='ltr'>dumtaxat</span> <span class='ocrx_word' id='word_1_248' title='bbox 360 2120 409 2161; x_wconf 86' lang='lat' dir='ltr'>de</span> <span class='ocrx_word' id='word_1_249' title='bbox 443 2118 618 2174; x_wconf 84' lang='lat' dir='ltr'>collegio</span> <span class='ocrx_word' id='word_1_250' title='bbox 656 2118 717 2160; x_wconf 84' lang='lat' dir='ltr'>vel</span> <span class='ocrx_word' id='word_1_251' title='bbox 756 2119 1041 2169; x_wconf 67' lang='lat' dir='ltr'>universitate,</span> <span class='ocrx_word' id='word_1_252' title='bbox 1074 2129 1177 2172; x_wconf 84' lang='lat' dir='ltr'>quos</span> <span class='ocrx_word' id='word_1_253' title='bbox 1210 2113 1441 2169; x_wconf 88' lang='lat' dir='ltr'>culpabiles</span> <span class='ocrx_word' id='word_1_254' title='bbox 1474 2114 1741 2156; x_wconf 85' lang='lat' dir='ltr'>esseconsti-</span> 
     </span>
     <span class='ocr_line' id='line_1_31' title="bbox 113 2185 1740 2246; baseline -0.005 -13"><span class='ocrx_word' id='word_1_255' title='bbox 113 2193 220 2243; x_wconf 77' lang='lat' dir='ltr'>terit,</span> <span class='ocrx_word' id='word_1_256' title='bbox 255 2189 600 2246; x_wconf 81' lang='lat' dir='ltr'>promulgetur».</span> <span class='ocrx_word' id='word_1_257' title='bbox 636 2187 752 2231; x_wconf 89' lang='lat' dir='ltr'>Hanc</span> <span class='ocrx_word' id='word_1_258' title='bbox 785 2187 1098 2243; x_wconf 81' lang='lat' dir='ltr'>dispositionem</span> <span class='ocrx_word' id='word_1_259' title='bbox 1142 2186 1321 2228; x_wconf 87' lang='lat' dir='ltr'>admittit</span> <span class='ocrx_word' id='word_1_260' title='bbox 1354 2196 1484 2226; x_wconf 91' lang='lat' dir='ltr'>canon</span> <span class='ocrx_word' id='word_1_261' title='bbox 1517 2185 1576 2225; x_wconf 89' lang='lat' dir='ltr'>sic</span> <span class='ocrx_word' id='word_1_262' title='bbox 1603 2195 1740 2238; x_wconf 90' lang='lat' dir='ltr'>prose-</span> 
     </span>
     <span class='ocr_line' id='line_1_32' title="bbox 113 2252 1743 2318; baseline -0.006 -14"><span class='ocrx_word' id='word_1_263' title='bbox 113 2274 264 2318; x_wconf 87' lang='lat' dir='ltr'>quens:</span> <span class='ocrx_word' id='word_1_264' title='bbox 300 2265 337 2302; x_wconf 79' lang='lat' dir='ltr'>et</span> <span class='ocrx_word' id='word_1_265' title='bbox 371 2259 476 2307; x_wconf 79' lang='lat' dir='ltr'>ideo,</span> <span class='ocrx_word' id='word_1_266' title='bbox 511 2263 815 2315; x_wconf 84' lang='lat' dir='ltr'>consequenter</span> <span class='ocrx_word' id='word_1_267' title='bbox 847 2257 895 2300; x_wconf 91' lang='lat' dir='ltr'>ad</span> <span class='ocrx_word' id='word_1_268' title='bbox 934 2257 1049 2312; x_wconf 91' lang='lat' dir='ltr'>prius</span> <span class='ocrx_word' id='word_1_269' title='bbox 1083 2256 1278 2309; x_wconf 88' lang='lat' dir='ltr'>edictum,</span> <span class='ocrx_word' id='word_1_270' title='bbox 1313 2254 1350 2296; x_wconf 81' lang='lat' dir='ltr'>si</span> <span class='ocrx_word' id='word_1_271' title='bbox 1383 2253 1549 2311; x_wconf 74' lang='lat' dir='ltr'>quando</span> <span class='ocrx_word' id='word_1_272' title='bbox 1575 2252 1743 2309; x_wconf 74' lang='lat' dir='ltr'>feratur</span> 
     </span>
     <span class='ocr_line' id='line_1_33' title="bbox 114 2325 1741 2383; baseline -0.005 -9"><span class='ocrx_word' id='word_1_273' title='bbox 114 2335 201 2374; x_wconf 90' lang='lat' dir='ltr'>iure</span> <span class='ocrx_word' id='word_1_274' title='bbox 240 2331 300 2374; x_wconf 86' lang='lat' dir='ltr'>vel</span> <span class='ocrx_word' id='word_1_275' title='bbox 335 2330 386 2374; x_wconf 82' lang='lat' dir='ltr'>al)</span> <span class='ocrx_word' id='word_1_276' title='bbox 421 2329 600 2383; x_wconf 88' lang='lat' dir='ltr'>homine,</span> <span class='ocrx_word' id='word_1_277' title='bbox 634 2329 780 2371; x_wconf 88' lang='lat' dir='ltr'>saltem</span> <span class='ocrx_word' id='word_1_278' title='bbox 813 2327 864 2370; x_wconf 81' lang='lat' dir='ltr'>al)</span> <span class='ocrx_word' id='word_1_279' title='bbox 898 2326 1133 2382; x_wconf 87' lang='lat' dir='ltr'>Apostolica</span> <span class='ocrx_word' id='word_1_280' title='bbox 1168 2325 1286 2379; x_wconf 83' lang='lat' dir='ltr'>Sede,</span> <span class='ocrx_word' id='word_1_281' title='bbox 1313 2337 1405 2367; x_wconf 89' lang='lat' dir='ltr'>nam</span> <span class='ocrx_word' id='word_1_282' title='bbox 1437 2328 1616 2380; x_wconf 78' lang='lat' dir='ltr'>«potest</span> <span class='ocrx_word' id='word_1_283' title='bbox 1645 2325 1741 2366; x_wconf 85' lang='lat' dir='ltr'>terri</span> 
     </span>
     <span class='ocr_line' id='line_1_34' title="bbox 113 2394 1742 2456; baseline -0.007 -10"><span class='ocrx_word' id='word_1_284' title='bbox 113 2414 288 2446; x_wconf 85' lang='lat' dir='ltr'>censura</span> <span class='ocrx_word' id='word_1_285' title='bbox 322 2403 443 2444; x_wconf 83' lang='lat' dir='ltr'>ctiam</span> <span class='ocrx_word' id='word_1_286' title='bbox 481 2403 517 2442; x_wconf 90' lang='lat' dir='ltr'>in</span> <span class='ocrx_word' id='word_1_287' title='bbox 554 2400 843 2456; x_wconf 79' lang='lat' dir='ltr'>delinquentes</span> <span class='ocrx_word' id='word_1_288' title='bbox 878 2400 1081 2453; x_wconf 82' lang='lat' dir='ltr'>ignotos»</span> <span class='ocrx_word' id='word_1_289' title='bbox 1121 2396 1230 2453; x_wconf 89' lang='lat' dir='ltr'>(can.</span> <span class='ocrx_word' id='word_1_290' title='bbox 1257 2394 1570 2453; x_wconf 65' lang='lat' dir='ltr'>2242‚§1),2·n</span> <span class='ocrx_word' id='word_1_291' title='bbox 1592 2407 1742 2451; x_wconf 71' lang='lat' dir='ltr'>eorpus</span> 
     </span>
     <span class='ocr_line' id='line_1_35' title="bbox 114 2466 1742 2526; baseline -0.006 -11"><span class='ocrx_word' id='word_1_292' title='bbox 114 2472 286 2519; x_wconf 75' lang='lat' dir='ltr'>morale,</span> <span class='ocrx_word' id='word_1_293' title='bbox 324 2472 450 2515; x_wconf 88' lang='lat' dir='ltr'>idest:</span> <span class='ocrx_word' id='word_1_294' title='bbox 487 2473 524 2513; x_wconf 90' lang='lat' dir='ltr'>in</span> <span class='ocrx_word' id='word_1_295' title='bbox 561 2482 777 2526; x_wconf 85' lang='lat' dir='ltr'>porsonam</span> <span class='ocrx_word' id='word_1_296' title='bbox 812 2467 1088 2524; x_wconf 85' lang='lat' dir='ltr'>collegialem,</span> <span class='ocrx_word' id='word_1_297' title='bbox 1122 2479 1228 2524; x_wconf 88' lang='lat' dir='ltr'>quae</span> <span class='ocrx_word' id='word_1_298' title='bbox 1252 2471 1410 2509; x_wconf 89' lang='lat' dir='ltr'>tantum</span> <span class='ocrx_word' id='word_1_299' title='bbox 1436 2470 1497 2508; x_wconf 86' lang='lat' dir='ltr'>est</span> <span class='ocrx_word' id='word_1_300' title='bbox 1520 2466 1742 2508; x_wconf 90' lang='lat' dir='ltr'>constituta</span> 
     </span>
     <span class='ocr_line' id='line_1_36' title="bbox 115 2534 1744 2597; baseline -0.006 -11"><span class='ocrx_word' id='word_1_301' title='bbox 115 2543 163 2586; x_wconf 88' lang='lat' dir='ltr'>ad</span> <span class='ocrx_word' id='word_1_302' title='bbox 201 2543 366 2585; x_wconf 91' lang='lat' dir='ltr'>modum</span> <span class='ocrx_word' id='word_1_303' title='bbox 402 2543 586 2597; x_wconf 87' lang='lat' dir='ltr'>organici</span> <span class='ocrx_word' id='word_1_304' title='bbox 611 2542 811 2596; x_wconf 89' lang='lat' dir='ltr'>corporis,</span> <span class='ocrx_word' id='word_1_305' title='bbox 835 2538 1095 2595; x_wconf 69' lang='lat' dir='ltr'>inteltiqitm·</span> <span class='ocrx_word' id='word_1_306' title='bbox 1117 2551 1166 2580; x_wconf 84' lang='lat' dir='ltr'>ex</span> <span class='ocrx_word' id='word_1_307' title='bbox 1195 2539 1294 2580; x_wconf 91' lang='lat' dir='ltr'>iuris</span> <span class='ocrx_word' id='word_1_308' title='bbox 1319 2538 1573 2592; x_wconf 88' lang='lat' dir='ltr'>praescripto</span> <span class='ocrx_word' id='word_1_309' title='bbox 1597 2537 1638 2591; x_wconf 90' lang='lat' dir='ltr'>a)</span> <span class='ocrx_word' id='word_1_310' title='bbox 1661 2534 1744 2577; x_wconf 70' lang='lat' dir='ltr'>sin-</span> 
     </span>
     <span class='ocr_line' id='line_1_37' title="bbox 113 2606 1743 2670; baseline -0.006 -14"><span class='ocrx_word' id='word_1_311' title='bbox 113 2613 235 2670; x_wconf 72' lang='lat' dir='ltr'>yulos</span> <span class='ocrx_word' id='word_1_312' title='bbox 269 2613 403 2656; x_wconf 85' lang='lat' dir='ltr'>eidem</span> <span class='ocrx_word' id='word_1_313' title='bbox 439 2612 683 2667; x_wconf 86' lang='lat' dir='ltr'>adscriptos,</span> <span class='ocrx_word' id='word_1_314' title='bbox 718 2616 761 2653; x_wconf 93' lang='lat' dir='ltr'>ut</span> <span class='ocrx_word' id='word_1_315' title='bbox 796 2609 996 2662; x_wconf 83' lang='lat' dir='ltr'>membra,</span> <span class='ocrx_word' id='word_1_316' title='bbox 1030 2608 1193 2665; x_wconf 74' lang='lat' dir='ltr'>afficere</span> <span class='ocrx_word' id='word_1_317' title='bbox 1227 2607 1268 2663; x_wconf 78' lang='lat' dir='ltr'>b)</span> <span class='ocrx_word' id='word_1_318' title='bbox 1294 2607 1365 2664; x_wconf 78' lang='lat' dir='ltr'>qui</span> <span class='ocrx_word' id='word_1_319' title='bbox 1388 2607 1431 2649; x_wconf 76' lang='lat' dir='ltr'>in</span> <span class='ocrx_word' id='word_1_320' title='bbox 1454 2606 1653 2649; x_wconf 79' lang='lat' dir='ltr'>delictum</span> <span class='ocrx_word' id='word_1_321' title='bbox 1676 2617 1743 2647; x_wconf 88' lang='lat' dir='ltr'>ex-</span> 
     </span>
     <span class='ocr_line' id='line_1_38' title="bbox 116 2677 1745 2731; baseline -0.005 -5"><span class='ocrx_word' id='word_1_322' title='bbox 116 2684 491 2727; x_wconf 81' lang='lat' dir='ltr'>communicatione</span> <span class='ocrx_word' id='word_1_323' title='bbox 527 2681 768 2724; x_wconf 88' lang='lat' dir='ltr'>mulctatum</span> <span class='ocrx_word' id='word_1_324' title='bbox 805 2679 1094 2723; x_wconf 71' lang='lat' dir='ltr'>concmrerirzt</span> <span class='ocrx_word' id='word_1_325' title='bbox 1128 2681 1238 2721; x_wconf 85' lang='lat' dir='ltr'>iuxta</span> <span class='ocrx_word' id='word_1_326' title='bbox 1273 2679 1500 2720; x_wconf 90' lang='lat' dir='ltr'>sententiae</span> <span class='ocrx_word' id='word_1_327' title='bbox 1533 2681 1603 2719; x_wconf 90' lang='lat' dir='ltr'>aut</span> <span class='ocrx_word' id='word_1_328' title='bbox 1642 2677 1745 2731; x_wconf 86' lang='lat' dir='ltr'>legis</span> 
     </span>
     <span class='ocr_line' id='line_1_39' title="bbox 119 2745 1742 2806; baseline -0.006 -9"><span class='ocrx_word' id='word_1_329' title='bbox 119 2759 324 2806; x_wconf 76' lang='lat' dir='ltr'>tenorem3</span> <span class='ocrx_word' id='word_1_330' title='bbox 359 2766 380 2796; x_wconf 90' lang='lat' dir='ltr'>e</span> <span class='ocrx_word' id='word_1_331' title='bbox 413 2756 555 2795; x_wconf 85' lang='lat' dir='ltr'>contra</span> <span class='ocrx_word' id='word_1_332' title='bbox 589 2750 861 2793; x_wconf 67' lang='lat' dir='ltr'>interdictum</span> <span class='ocrx_word' id='word_1_333' title='bbox 893 2755 930 2792; x_wconf 81' lang='lat' dir='ltr'>el</span> <span class='ocrx_word' id='word_1_334' title='bbox 964 2748 1194 2806; x_wconf 74' lang='lat' dir='ltr'>suspensio,</span> <span class='ocrx_word' id='word_1_335' title='bbox 1230 2748 1356 2790; x_wconf 73' lang='lat' dir='ltr'>etiam</span> <span class='ocrx_word' id='word_1_336' title='bbox 1390 2745 1742 2797; x_wconf 67' lang='lat' dir='ltr'>communitatem,</span> 
     </span>
    </p>
   </div>
   <div class='ocr_carea' id='block_1_5' title="bbox 237 2853 1445 2946">
    <p class='ocr_par' dir='ltr' id='par_1_6' title="bbox 237 2853 1445 2946">
     <span class='ocr_line' id='line_1_40' title="bbox 237 2853 1445 2902; baseline -0.006 -10"><span class='ocrx_word' id='word_1_337' title='bbox 237 2860 247 2880; x_wconf 78' lang='lat'><strong>¹</strong></span> <span class='ocrx_word' id='word_1_338' title='bbox 275 2859 345 2902; x_wconf 82' lang='lat' dir='ltr'>Ep.</span> <span class='ocrx_word' id='word_1_339' title='bbox 375 2857 525 2902; x_wconf 71' lang='lat' dir='ltr'>eneycl.</span> <span class='ocrx_word' id='word_1_340' title='bbox 558 2857 701 2890; x_wconf 78' lang='lat' dir='ltr'>«Inter</span> <span class='ocrx_word' id='word_1_341' title='bbox 726 2855 960 2900; x_wconf 74' lang='lat' dir='ltr'>praeteritos</span> <span class='ocrx_word' id='word_1_342' title='bbox 981 2871 1012 2899; x_wconf 71' lang='grc' dir='ltr'>»ἰ</span> <span class='ocrx_word' id='word_1_343' title='bbox 1039 2855 1060 2888; x_wconf 77' lang='lat'>3</span> <span class='ocrx_word' id='word_1_344' title='bbox 1086 2854 1177 2888; x_wconf 84' lang='lat' dir='ltr'>Dee.</span> <span class='ocrx_word' id='word_1_345' title='bbox 1209 2853 1313 2896; x_wconf 80' lang='lat'>1749,</span> <span class='ocrx_word' id='word_1_346' title='bbox 1343 2856 1362 2894; x_wconf 66' lang='grc' dir='ltr'>ἓ</span> <span class='ocrx_word' id='word_1_347' title='bbox 1387 2853 1445 2886; x_wconf 83' lang='grc'>48.</span> 
     </span>
     <span class='ocr_line' id='line_1_41' title="bbox 237 2901 1143 2946; baseline -0.006 -7"><span class='ocrx_word' id='word_1_348' title='bbox 237 2906 250 2927; x_wconf 76' lang='lat'>“2</span> <span class='ocrx_word' id='word_1_349' title='bbox 277 2906 393 2939; x_wconf 78' lang='lat' dir='ltr'>Cone.</span> <span class='ocrx_word' id='word_1_350' title='bbox 424 2904 531 2938; x_wconf 86' lang='lat' dir='ltr'>Trid.</span> <span class='ocrx_word' id='word_1_351' title='bbox 561 2915 652 2938; x_wconf 70' lang='lat' dir='ltr'>sess.</span> <span class='ocrx_word' id='word_1_352' title='bbox 680 2903 804 2944; x_wconf 87' lang='lat' dir='ltr'>XXV,</span> <span class='ocrx_word' id='word_1_353' title='bbox 832 2914 910 2946; x_wconf 89' lang='lat' dir='ltr'>cap.</span> <span class='ocrx_word' id='word_1_354' title='bbox 940 2903 956 2935; x_wconf 87' lang='lat'>1</span> <span class='ocrx_word' id='word_1_355' title='bbox 985 2901 1031 2935; x_wconf 81' lang='lat' dir='ltr'>de</span> <span class='ocrx_word' id='word_1_356' title='bbox 1057 2901 1143 2935; x_wconf 75' lang='lat' dir='ltr'>Res.</span> 
     </span>
    </p>
   </div>
   <div class='ocr_carea' id='block_1_6' title="bbox 1837 0 1950 3313">
    <p class='ocr_par' dir='ltr' id='par_1_7' title="bbox 1837 0 1950 3313">
     <span class='ocr_line' id='line_1_42' title="bbox 1837 0 1950 3313; baseline 0 0"><span class='ocrx_word' id='word_1_357' title='bbox 1837 0 1950 3313; x_wconf 95' lang='lat' dir='ltr'> </span> 
     </span>
    </p>
   </div>
  </div>
 </body>
</html>
