1950 3313
135 146 228 182 Can.
256 145 477 181 2374-2375.
512 145 596 180 TlT.
628 145 736 180 XVI.
765 166 778 170 -
807 146 861 181 De
878 148 1029 181 delictis
1049 150 1089 181 in,
1107 149 1259 183 «dmin.
1280 148 1387 183 Βίων.
1693 151 1760 184 ΞΜ

135 270 292 323 queunt
341 278 410 309 eas
451 265 566 320 dare,
600 263 859 307 dimissoriis
903 265 1060 308 litteris
1104 267 1152 310 ad
1192 280 1281 310 caii.
1317 268 1414 319 9353,
1447 268 1474 325 ξ
1511 269 1524 310 t
1569 268 1762 317 delinitis,

136 335 178 393 c)
212 335 272 379 vel
306 340 404 378 ante
437 334 697 390 eanonicam,
733 334 859 378 idest:
900 349 988 379 can.
1025 337 1107 378 97³5
1159 351 1230 393 pro
1281 337 1506 381 maioribus
1552 338 1766 382 ordinibus

137 407 433 462 praescriptam
470 408 666 457 aetatem,
701 403 744 460 d)
782 403 842 446 vel
873 418 950 462 per
981 404 1151 457 saltum,
1184 419 1290 463 (luae
1327 407 1651 451 «ordinationes
1684 422 1764 450 ‹im-

136 477 233 519 nino
268 474 540 532 prohibentur
563 489 585 514 n
623 473 732 531 (ean.
769 474 871 527 977)
907 474 973 518 ubi
1009 475 1238 532 explicatae
1271 482 1376 532 sunt,
1402 476 1457 519 ad
1488 477 1656 520 ordines
1688 480 1766 520 sin-

138 545 269 603 gulos,
303 545 447 589 saitem
486 546 679 595 minores,
713 544 939 597 malitiose,
964 546 1088 589 idest:
1124 559 1253 602 prava
1277 561 1369 591 cuin
1397 547 1606 591 voluntate
1630 549 1763 606 quoad

138 617 329 660 diversos
361 628 556 665 canones,
580 628 659 658 non
694 615 746 659 ob
781 618 1054 672 ignorantiam
1084 617 1145 659 vel
1171 630 1219 660 ex
1245 631 1367 661 eausa
1392 624 1615 662 excusante
1642 633 1678 660 v.
1705 633 1763 676 gr.

141 691 250 730 metu
285 687 419 742 gravi,
459 685 681 728 accesserit
721 686 990 739 ordinandus,
1024 699 1105 743 quo
1140 688 1245 730 tacto
1281 689 1358 730 iain
1394 693 1551 744 peceat,
1584 694 1644 730 est
1676 689 1766 746 ipso

138 756 253 815 s'acto
287 756 524 800 huiusmodi
558 756 843 811 ordinationis,
870 770 948 814 qua
974 762 1286 800 consummatur
1314 760 1402 801 eius
1425 758 1636 813 delictum,
1656 774 1679 801 (ι
1705 774 1764 802 re-

140 833 255 886 cepto
290 832 448 871 tantum
484 826 634 870 ordine
666 840 905 884 suspensus,
930 840 1050 871 secus
1073 840 1120 871 30
1143 830 1410 871 constitutum
1441 834 1525 872 erat
1551 844 1622 886 per
1644 829 1764 873 (Ione

140 898 251 942 Trici.
275 898 288 921 ¹
322 900 434 942 circa
468 910 588 941 casus
635 897 712 941 sub
760 897 907 941 litteris
940 898 983 955 a)
1018 904 1055 942 et
1090 898 1128 955 ti)
1163 911 1271 942 nune
1305 899 1637 955 comprehensos.
1673 914 1765 944 eum

143 983 215 1027 pro
238 969 330 1013 aliis
363 968 528 1013 casibus
562 982 634 1026 per
666 967 860 1013 Codicem
885 971 937 1012 sit
961 971 1094 1026 primo
1120 970 1271 1013 inllicta
1298 972 1383 1026 ipso
1408 973 1495 1013 iure
1521 973 1767 1015 incur-reuda

142 1040 245 1084 haec
277 1053 467 1084 censura.

259 1111 450 1156 Secunda
473 1113 644 1155 canonis
669 1124 763 1168 pars
786 1116 847 1155 est
879 1113 936 1155 sic
972 1111 1304 1167 interpretanda:
1340 1111 1412 1169 qni
1435 1118 1573 1154 antem
1595 1112 1770 1156 clericus

145 1182 207 1225 vel
243 1182 372 1226 laicus
405 1182 446 1239 a)
480 1182 571 1225 sine
604 1182 762 1225 litteris
798 1181 1150 1226 testimonialibus
1183 1182 1371 1239 siugulis,
1405 1187 1517 1225 certo
1550 1196 1655 1240 quae
1679 1185 1771 1226 atl'e-

143 1253 297 1297 rendae
331 1252 528 1297 iubentur
561 1265 650 1297 ean.
687 1253 770 1296 993
804 1252 881 1297 sub
914 1255 988 1296 nis.
1026 1252 1069 1295 4⁰
1102 1257 1141 1296 et
1175 1253 1233 1307 δ’),
1267 1252 1520 1313 probabilius
1557 1267 1662 1311 qnae
1695 1254 1771 1297 sub

144 1326 218 1368 nis.
254 1324 312 1379 10,
347 1323 404 1379 ⁶2⁰,
441 1323 500 1377 3⁰,
533 1326 629 1382 quia
665 1337 737 1381 pro
771 1323 834 1367 bis
867 1328 927 1367 est
959 1336 1067 1367 nova
1102 1323 1165 1367 lex
1203 1322 1397 1380 poenalis,
1425 1323 1485 1366 vel
1506 1323 1698 1366 detentus
1721 1324 1772 1368 ab

143 1395 404 1439 ordinatione
428 1394 539 1439 licite
562 1395 825 1451 suscipienda
860 1394 902 1452 b)
937 1394 1082 1452 aliqua
1107 1408 1285 1437 censura
1310 1397 1475 1451 proprie
1500 1395 1623 1446 dicta,
1643 1409 1770 1452 poena

144 1480 293 1524 nempe
312 1467 565 1523 medicinali,
585 1466 624 1524 e)
650 1466 976 1524 irreqnlaritate
998 1466 1134 1524 aliqua
1159 1479 1208 1510 ex
1234 1468 1448 1510 recensitis
1470 1466 1546 1510 sub
1564 1479 1654 1511 ean.
1675 1468 1771 1519 981,

145 1538 243 1591 985,
262 1537 307 1595 d)
327 1537 464 1581 aliove
486 1537 782 1596 impedimento
811 1537 1133 1594 «simpliciter»
1162 1550 1210 1580 ex
1230 1539 1485 1580 enumeratis
1504 1539 1542 1580 in
1563 1539 1771 1584 camois-1:

144 1607 319 1666 quilibet
350 1611 424 1659 sic,
459 1614 503 1652 ut
534 1610 693 1652 dictum
727 1613 799 1664 est,
835 1608 1081 1666 delinquens
1113 1607 1307 1665 equidem
1352 1621 1445 1652 cum
1486 1608 1606 1665 culpa
1640 1611 1773 1665 gravi,

145 1680 313 1723 additur
346 1682 456 1723 enim
487 1679 688 1738 qravibus
715 1679 865 1738 poenis
908 1678 1134 1722 seenmlum
1171 1692 1312 1722 ‘rerum
1346 1678 1547 1722 adiuncta
1582 1693 1654 1736 pro
1689 1679 1774 1723 illa-

148 1764 236 1794 rum
271 1752 477 1807 gravitate
513 1750 787 1794 mensuranda
817 1750 1043 1808 puniatur.
1076 1749 1193 1795 Unde
1227 1762 1358 1806 poena
1393 1755 1451 1793 est
1490 1766 1512 1791 «
1535 1750 1773 1793 indetermi-

147 1826 286 1864 nata»
323 1820 432 1878 (can.
469 1821 595 1877 2217,
630 1820 658 1878 g
691 1821 730 1875 1,
770 1820 828 1877 ¹⁰)
862 1833 910 1864 ac
948 1820 1057 1864 «lex
1098 1822 1228 1864 utitur
1269 1819 1407 1864 verbis
1451 1822 1726 1877 praeceptivis
1750 1838 1769 1860 υ

147 1892 256 1948 (ean.
292 1891 420 1947 2223,
452 1892 480 1950 ξ
514 1890 571 1948 3).
1705 1899 1709 1903 ’

268 1963 364 2005 217.
403 1964 588 2009 Contra
621 1964 846 2008 ineuntes
878 1963 1239 2008 matrimonium
1268 1963 1374 2008 sine
1406 1963 1776 2018 dispensatione

130 2031 434 2081 >necessaria
457 2035 791 2090 impedimenti
824 2035 1010 2078 mixtae
1042 2034 1311 2089 religionis.
1328 2057 1385 2063 —
1407 2031 1549 2075 Novae
1571 2037 1662 2075 sunt
1689 2036 1773 2074 tum

148 2109 369 2162 sequentes
413 2103 520 2148 latae
561 2106 789 2147 sententiae
831 2116 1001 2163 poenae,
1035 2108 1119 2146 tum
1164 2107 1367 2160 quatenus
1410 2103 1505 2146 huic
1538 2102 1688 2146 delicto
1723 2106 1777 2145 in-

149 2176 299 2220 flictae.
327 2173 428 2218 Can.
446 2175 586 2218 2375.
612 2172 834 2228 Catholici,
856 2187 1029 2230 nempe:
1066 2173 1254 2230 baptizati
1289 2185 1336 2217 30
1370 2172 1612 2230 religionem
1638 2173 1778 2217 cattio-

151 2247 271 2290 ticam
307 2247 570 2303 prolitentes3
606 2245 723 2303 (quid
772 2247 881 2288 enim
933 2244 1120 2287 utilitatis
1162 2243 1372 2288 Ecclesiae
1415 2244 1465 2287 de
1499 2246 1546 2287 iis
1579 2247 1646 2301 qui
1681 2245 1779 2288 soris

149 2322 258 2371 sunt,
291 2317 426 2374 quoad
462 2315 540 2360 hoc
575 2316 760 2359 iudicare
773 2315 825 2372 ⁶2),
860 2315 932 2373 qui
958 2318 1020 2358 vii·
1044 2319 1114 2358 aut
1138 2314 1287 2358 mulier
1309 2314 1625 2357 matrimonium
1651 2315 1775 2357 idest:

150 2391 409 2431 contractum
444 2385 809 2442 matrimonialem,
847 2400 990 2430 verum
1029 2390 1350 2440 sacramentum,
1392 2385 1566 2427 mixtum
1600 2387 1777 2441 proprie,

150 2471 222 2501 seu
255 2470 349 2501 cum
384 2458 684 2515 impedimento
710 2460 863 2501 mixtae
886 2457 1111 2514 religionis,
1137 2456 1216 2499 etsi
1241 2455 1423 2499 validum
1451 2461 1616 2512 propter
1638 2455 1779 2499 absen-

150 2531 250 2572 tiam
300 2528 586 2584 impedimenti
636 2528 884 2582 dirimentis,
917 2532 1082 2571 servata
1116 2529 1245 2570 torma
1284 2526 1574 2570 celebrationis
1615 2526 1779 2584 quando

150 2600 384 2642 necessaria
418 2600 554 2654 fuerit,
587 2611 635 2642 ac
668 2599 808 2642 debito
831 2612 925 2642 cum
951 2611 1168 2650 consensu,
1193 2597 1307 2655 (binc
1343 2610 1419 2640 non
1454 2602 1705 2640 excusantur
1728 2596 1779 2639 ol)

152 2668 454 2713 invaliditatem
490 2671 743 2713 matrimonii
778 2669 913 2712 forsan
950 2667 1165 2725 ignotam),
1201 2681 1248 2711 eo
1291 2668 1399 2724 quod
1445 2667 1534 2709 sine
1566 2665 1780 2709 Ecclesiae

152 2739 469 2798 dispensatione
501 2739 552 2784 ab
586 2738 655 2782 illo
688 2740 1001 2796 impedimento,
1037 2743 1205 2795 propter
1239 2738 1346 2795 quod
1384 2738 1522 2781 illicite
1558 2736 1666 2778 inire
1700 2748 1779 2778 ina-

267 2846 368 2910 61Βο
395 2845 481 2880 Ref.
511 2856 605 2880 sess.
634 2845 700 2889 VI,
730 2857 813 2890 cap.
835 2846 874 2886 5;
903 2856 996 2880 sess.
1018 2843 1092 2878 ΥΠ
1110 2850 1149 2877 et
1171 2843 1319 2885 XXIII,
1349 2855 1429 2887 cap.
1463 2844 1526 2881 1();
1557 2854 1649 2876 sess.
1671 2840 1776 2884 XIV,

155 2904 240 2938 cap.
269 2906 301 2927 Δ.
